{"host":"0ydzwspkajt4brzd","time":1609223604,"event":{"mods":["AchievementEnabler","BaseMod","Colored Map","DeckTracker","Googly Eyes","Highlight Path","Minty Spire (QoL Compilation)","Quick Restart","Random Character Button","Rare Cards Sparkle"],"gold_per_floor":[118,135,147,160,160,188,188,219,242,242,242,273,273,288,288,413,413,429,233,233,233],"floor_reached":20,"playtime":706,"items_purged":["Strike_R"],"score":315,"play_id":"6fc5a60d-f486-40ec-9274-9b4f3eb408e5","local_time":"20201228223324","is_ascension_mode":true,"campfire_choices":[{"data":"Pommel Strike","floor":7.0,"key":"SMITH"},{"data":"Searing Blow","floor":10.0,"key":"SMITH"},{"data":"Searing Blow+1","floor":13.0,"key":"SMITH"},{"data":"Searing Blow+2","floor":15.0,"key":"SMITH"}],"circlet_count":0,"master_deck":["Strike_R","Strike_R","Strike_R","Defend_R","Defend_R","Defend_R","Defend_R","Bash","Pommel Strike+1","Thunderclap","Wild Strike","Searing Blow+3","Limit Break","Demon Form","Whirlwind"],"relics":["Burning Blood","NeowsBlessing","Red Skull","Juzu Bracelet","Art of War","Golden Idol","Smiling Mask","SlaversCollar"],"acts_visited":["Exordium","TheCity"],"potions_floor_usage":[20,20],"damage_taken":[{"damage":0.0,"enemies":"Small Slimes","floor":1.0,"turns":1.0},{"damage":0.0,"enemies":"Cultist","floor":2.0,"turns":1.0},{"damage":0.0,"enemies":"Jaw Worm","floor":3.0,"turns":1.0},{"damage":4.0,"enemies":"Large Slime","floor":4.0,"turns":6.0},{"damage":16.0,"enemies":"Gremlin Nob","floor":6.0,"turns":3.0},{"damage":45.0,"enemies":"3 Sentries","floor":8.0,"turns":9.0},{"damage":6.0,"enemies":"Gremlin Nob","floor":12.0,"turns":2.0},{"damage":3.0,"enemies":"Blue Slaver","floor":14.0,"turns":2.0},{"damage":24,"enemies":"Slime Boss","floor":16,"turns":8},{"damage":50,"enemies":"Shell Parasite","floor":18,"turns":8},{"damage":16,"enemies":"3 Byrds","floor":20,"turns":2}],"seed_played":"-7835089343376751330","potions_obtained":[{"floor":1.0,"key":"SkillPotion"},{"floor":4.0,"key":"PowerPotion"},{"floor":8.0,"key":"ElixirPotion"},{"floor":12.0,"key":"PowerPotion"}],"is_trial":false,"path_per_floor":["M","M","M","M","?","E","R","E","T","R","?","E","R","M","R","B",null,"M","$","M"],"character_chosen":"IRONCLAD","items_purchased":["Demon Form","Whirlwind"],"campfire_rested":0,"item_purchase_floors":[19,19],"current_hp_per_floor":[78,80,80,80,80,70,70,31,31,31,31,31,31,34,34,16,60,16,16,0,0],"gold":233,"neow_bonus":"THREE_ENEMY_KILL","is_daily":false,"chose_seed":false,"campfire_upgraded":4,"win_rate":0.0,"timestamp":1609223604,"path_taken":["M","M","M","M","?","E","R","E","T","R","?","E","R","M","R","BOSS","M","$","M"],"items_purchased_type":["Card","Card"],"build_version":"2020-12-22","purchased_purges":1,"victory":false,"max_hp_per_floor":[80,80,80,80,80,80,80,80,80,80,74,74,74,74,74,74,74,74,74,74,74],"card_choices":[{"not_picked":["Infernal Blade","Perfected Strike","Heavy Blade"],"picked":"SKIP","floor":1.0},{"not_picked":["Cleave","Armaments"],"picked":"Pommel Strike","floor":2.0},{"not_picked":["Sword Boomerang","Wild Strike"],"picked":"Thunderclap","floor":3.0},{"not_picked":["Dark Embrace","Heavy Blade"],"picked":"Wild Strike","floor":4.0},{"not_picked":["Clothesline","Metallicize","Sentinel"],"picked":"SKIP","floor":6.0},{"not_picked":["Reckless Charge","Demon Form"],"picked":"Searing Blow","floor":8.0},{"not_picked":["Sword Boomerang","Iron Wave","Body Slam"],"picked":"SKIP","floor":12.0},{"not_picked":["Iron Wave","Rupture","Shockwave"],"picked":"SKIP","floor":14.0},{"not_picked":["Double Tap","Demon Form"],"picked":"Limit Break","floor":16},{"not_picked":["Wild Strike","Perfected Strike","Thunderclap"],"picked":"SKIP","floor":18}],"player_experience":357792,"relics_obtained":[{"floor":6.0,"key":"Red Skull"},{"floor":8.0,"key":"Juzu Bracelet"},{"floor":9.0,"key":"Art of War"},{"floor":12.0,"key":"Smiling Mask"}],"event_choices":[{"cards_removed":["Strike_R"],"damage_healed":0.0,"max_hp_gain":0.0,"max_hp_loss":0.0,"gold_gain":0.0,"event_name":"Bonfire Elementals","player_choice":"Offered Basic","floor":5.0,"gold_loss":0.0,"damage_taken":0.0},{"damage_healed":0.0,"max_hp_gain":0.0,"max_hp_loss":6.0,"gold_gain":0.0,"event_name":"Golden Idol","player_choice":"Lose Max HP","floor":11.0,"gold_loss":0.0,"damage_taken":0.0,"relics_obtained":["Golden Idol"]}],"is_beta":false,"boss_relics":[{"not_picked":["Velvet Choker","Ectoplasm"],"picked":"SlaversCollar"}],"items_purged_floors":[19],"is_endless":false,"potions_floor_spawned":[1,4,8,12],"killed_by":"3 Byrds","ascension_level":9}}