{"host":"sav7uxregyirlf69","time":1609225880,"event":{"mods":["AchievementEnabler","BaseMod","Colored Map","DeckTracker","Keyboard Shortcuts","Minty Spire (QoL Compilation)","READ ME - Guardian Mod","StSLib","SuperFastMode"],"gold_per_floor":[117,117,168,168,168,184,208,208,231,245,258,276,276,311,311,311,311],"floor_reached":16,"playtime":281,"items_purged":[],"score":204,"play_id":"95852a78-8c1a-462a-8f46-c4dc599b9227","local_time":"20201229161120","is_ascension_mode":true,"campfire_choices":[{"data":"Poisoned Stab","floor":8.0,"key":"SMITH"},{"floor":15.0,"key":"REST"}],"circlet_count":0,"master_deck":["AscendersBane","Strike_G","Strike_G","Strike_G","Strike_G","Strike_G","Defend_G","Defend_G","Defend_G","Defend_G","Defend_G+1","Survivor+1","Neutralize","Acrobatics","Cloak And Dagger","Poisoned Stab+1","Dagger Throw","Catalyst","Noxious Fumes"],"relics":["Ring of the Snake","Potion Belt","Golden Idol","Blood Vial"],"acts_visited":["Exordium"],"potions_floor_usage":[16,16,16],"damage_taken":[{"damage":0.0,"enemies":"2 Louse","floor":1.0,"turns":4.0},{"damage":1.0,"enemies":"Jaw Worm","floor":6.0,"turns":9.0},{"damage":1.0,"enemies":"Cultist","floor":7.0,"turns":4.0},{"damage":0.0,"enemies":"Looter","floor":10.0,"turns":3.0},{"damage":0.0,"enemies":"Blue Slaver","floor":11.0,"turns":4.0},{"damage":0.0,"enemies":"Red Slaver","floor":12.0,"turns":4.0},{"damage":33.0,"enemies":"Lagavulin","floor":14.0,"turns":9.0},{"damage":28,"enemies":"The Guardian","floor":16,"turns":8}],"seed_played":"1538014150539087107","potions_obtained":[{"floor":1.0,"key":"ColorlessPotion"},{"floor":10.0,"key":"PowerPotion"},{"floor":14.0,"key":"PowerPotion"}],"is_trial":false,"path_per_floor":["M","?","T","?","?","M","M","R","T","M","M","M","?","E","R","B"],"character_chosen":"THE_SILENT","items_purchased":[],"campfire_rested":1,"item_purchase_floors":[],"current_hp_per_floor":[56,61,61,61,38,37,36,36,36,36,36,36,36,3,25,0,0],"gold":311,"neow_bonus":"TWENTY_PERCENT_HP_BONUS","is_daily":false,"chose_seed":false,"campfire_upgraded":1,"win_rate":0.0,"timestamp":1609225880,"path_taken":["M","?","?","?","?","M","M","R","T","M","?","?","?","E","R","BOSS"],"items_purchased_type":[],"build_version":"2020-12-22","purchased_purges":0,"victory":false,"max_hp_per_floor":[78,83,83,75,75,75,75,75,75,75,75,75,75,75,75,75,75],"card_choices":[{"not_picked":["Setup","Infinite Blades"],"picked":"Acrobatics","floor":1.0},{"not_picked":["Finisher","Backflip"],"picked":"Cloak And Dagger","floor":6.0},{"not_picked":["PiercingWail","Deflect"],"picked":"Poisoned Stab","floor":7.0},{"not_picked":["Dodge and Roll","Escape Plan"],"picked":"Dagger Throw","floor":10.0},{"not_picked":["Quick Slash","Dodge and Roll"],"picked":"Catalyst","floor":11.0},{"not_picked":["Outmaneuver","Dagger Spray","Deflect"],"picked":"SKIP","floor":12.0},{"not_picked":["Poisoned Stab","Dodge and Roll"],"picked":"Noxious Fumes","floor":14.0}],"player_experience":1042517,"relics_obtained":[{"floor":3.0,"key":"Potion Belt"},{"floor":14.0,"key":"Blood Vial"}],"event_choices":[{"damage_healed":0.0,"max_hp_gain":5.0,"max_hp_loss":0.0,"gold_gain":0.0,"event_name":"Big Fish","player_choice":"Donut","floor":2.0,"gold_loss":0.0,"damage_taken":0.0},{"damage_healed":0.0,"max_hp_gain":0.0,"max_hp_loss":8.0,"gold_gain":0.0,"event_name":"Golden Idol","player_choice":"Lose Max HP","floor":4.0,"gold_loss":0.0,"damage_taken":0.0,"relics_obtained":["Golden Idol"]},{"damage_healed":0.0,"max_hp_gain":0.0,"max_hp_loss":0.0,"gold_gain":0.0,"event_name":"Shining Light","player_choice":"Entered Light","floor":5.0,"gold_loss":0.0,"damage_taken":23.0,"cards_upgraded":["Defend_G","Survivor"]},{"damage_healed":0.0,"max_hp_gain":0.0,"max_hp_loss":0.0,"gold_gain":0.0,"event_name":"Dead Adventurer","player_choice":"Searched \u00270\u0027 times","floor":13.0,"gold_loss":0.0,"damage_taken":0.0}],"is_beta":false,"boss_relics":[],"items_purged_floors":[],"is_endless":false,"potions_floor_spawned":[1,10,14],"killed_by":"The Guardian","ascension_level":20}}