{"host":"m1168lp3vv5pgdep","time":1609282217,"event":{"mods":["Act Like it!","Aspiration","BaseMod","Better Altar","Better Match","Better Sensory Stone","Better Skull","Better Third Choice","Block Reminder","CCEM","Curses Come First","Elementarium","Gensokyo","GungeonMod","Hallownest","Hermit","Hubris","Menagerie","Minty Spire (QoL Compilation)","Pale of the Ancients","Permanent Neow","Quick Restart","Small Relic Pack","Spicy Shops","StSLib","The Bug Knight","The Forsaken","Wandering Minibosses","WarShipGirlsR/????R mod"],"gold_per_floor":[118,118,136,35,54,54,70,70,70,87,120,120,138,171,171,271,271,287,303,303,303,303,303,332,332,332],"floor_reached":25,"playtime":7743,"items_purged":["rmod:strick"],"score":231,"play_id":"31cf79bd-07e5-421f-a6b9-2a19963313bd","local_time":"20201229225017","is_ascension_mode":false,"campfire_choices":[{"data":"rmod:diamondstrike","floor":6,"key":"SMITH"},{"floor":8,"key":"RECALL"},{"floor":12,"key":"REST"},{"floor":15,"key":"REST"},{"data":"rmod:luckystar","floor":23,"key":"SMITH"}],"circlet_count":0,"master_deck":["rmod:strick+1","rmod:strick+1","rmod:defend+1","rmod:defend+1","rmod:defend+1","rmod:defend+1","rmod:basicallowance","rmod:maingunfire","rmod:luckystar+1","rmod:diamondstrike+1","rmod:aggressivemary","rmod:victimresponsibility","rmod:expedition","rmod:intelligenceanalysis","rmod:garrisonisland","rmod:supportescort","rmod:acesubmarine","rmod:firesupport"],"relics":["rmod:firstchargereward","Mercury Hourglass","Kunai","hubris:SlimyHat","hubris:VirtuousBlindfold","relicPack:DSword","DemoMod:GlassGuonStoneRelic","Regal Pillow"],"acts_visited":["Exordium","TheCity"],"potions_floor_usage":[16,16,16],"damage_taken":[{"damage":5,"enemies":"Jaw Worm","floor":1,"turns":2},{"damage":10,"enemies":"Small Slimes","floor":3,"turns":3},{"damage":0,"enemies":"2 Louse","floor":5,"turns":2},{"damage":2,"enemies":"Blue Slaver","floor":7,"turns":2},{"damage":5,"enemies":"3 Louse","floor":10,"turns":2},{"damage":11,"enemies":"3 Sentries","floor":11,"turns":5},{"damage":0,"enemies":"Large Slime","floor":13,"turns":3},{"damage":30,"enemies":"Lagavulin","floor":14,"turns":6},{"damage":18,"enemies":"Hexaghost","floor":16,"turns":9},{"damage":2,"enemies":"Spheric Guardian","floor":18,"turns":3},{"damage":15,"enemies":"3 Byrds","floor":19,"turns":5},{"damage":26,"enemies":"Book of Stabbing","floor":24,"turns":5},{"damage":19,"enemies":"Centurion and Healer","floor":25,"turns":3}],"seed_played":"2485517871130367100","potions_obtained":[{"floor":7,"key":"SteroidPotion"},{"floor":10,"key":"Fire Potion"},{"floor":14,"key":"FearPotion"},{"floor":16,"key":"Energy Potion"},{"floor":18,"key":"DuplicationPotion"},{"floor":24,"key":"EntropicBrew"}],"is_trial":false,"path_per_floor":["M","?","M","$","M","R","M","R","T","M","E","R","M","E","R","B",null,"M","M","?","T","?","R","E","M"],"character_chosen":"PRAEFECT","items_purchased":["rmod:diamondstrike"],"campfire_rested":2,"item_purchase_floors":[4],"current_hp_per_floor":[63,56,46,46,46,46,44,44,44,39,28,54,54,24,50,32,89,87,72,37,37,37,37,11,0,0],"gold":332,"neow_bonus":"TWENTY_PERCENT_HP_BONUS","is_daily":false,"chose_seed":false,"campfire_upgraded":2,"win_rate":0.0,"timestamp":1609282217,"path_taken":["M","?","M","$","M","R","M","R","T","M","E","R","M","E","R","BOSS","M","M","?","?","?","R","E","M"],"items_purchased_type":["Card"],"build_version":"2020-12-22","purchased_purges":1,"victory":false,"max_hp_per_floor":[89,89,89,89,89,89,89,89,89,89,89,89,89,89,89,89,89,89,89,89,89,89,89,89,89,89],"card_choices":[{"not_picked":["rmod:circuitoustactics","rmod:punchline"],"picked":"rmod:luckystar","floor":1},{"not_picked":["rmod:aviationdawn","rmod:ammunitionsupply","rmod:ring"],"picked":"SKIP","floor":3},{"not_picked":["rmod:tearstotiara","rmod:slowdown"],"picked":"rmod:aggressivemary","floor":5},{"not_picked":["rmod:heivgo","rmod:u235"],"picked":"rmod:victimresponsibility","floor":7},{"not_picked":["rmod:capitalist","rmod:fletcherpendant"],"picked":"rmod:expedition","floor":10},{"not_picked":["rmod:fuelsupply","rmod:salvage"],"picked":"rmod:intelligenceanalysis","floor":11},{"not_picked":["rmod:ring","rmod:rockthrower"],"picked":"rmod:garrisonisland","floor":13},{"not_picked":["rmod:ammunitionsupply","rmod:expedition"],"picked":"rmod:supportescort","floor":14},{"not_picked":["rmod:ridicule","rmod:seals"],"picked":"rmod:acesubmarine","floor":16},{"not_picked":["rmod:ammunitionsupply","rmod:wife","rmod:aluminumsupply"],"picked":"SKIP","floor":18},{"not_picked":["rmod:victimresponsibility","rmod:aluminumsupply","rmod:guardianhero+1"],"picked":"SKIP","floor":19},{"not_picked":["rmod:fuelsupply","rmod:heivgo"],"picked":"rmod:firesupport","floor":24}],"player_experience":227551,"relics_obtained":[{"floor":9,"key":"Mercury Hourglass"},{"floor":11,"key":"Kunai"},{"floor":14,"key":"hubris:SlimyHat"},{"floor":24,"key":"Regal Pillow"}],"event_choices":[{"cards_removed":["rmod:strick"],"damage_healed":0,"gold_gain":0,"player_choice":"Card Removal","damage_taken":7,"max_hp_gain":0,"max_hp_loss":0,"event_name":"Golden Wing","floor":2,"gold_loss":0},{"damage_healed":0,"gold_gain":0,"player_choice":"Simplicity","damage_taken":0,"max_hp_gain":0,"max_hp_loss":6,"event_name":"betterThird:BetterWriting","floor":22,"gold_loss":0}],"is_beta":false,"boss_relics":[{"not_picked":["aspiration:IroncladSkillbook","Busted Crown"],"picked":"hubris:VirtuousBlindfold"}],"items_purged_floors":[4],"is_endless":false,"potions_floor_spawned":[7,10,14,16,18,24],"killed_by":"Centurion and Healer","ascension_level":0}}