{"host":"msa0wxqjs3jv1k3j","time":1609233350,"event":{"mods":["BaseMod","BetterRewards","Colored Map","Highlight Path","KOR Keyword Fix","Keyboard Shortcuts","Minty Spire (QoL Compilation)","Quick Restart","SuperFastMode","everything is the same but u backflip on backflip"],"gold_per_floor":[114,289,301,320,340,368,368,293,293,293,293],"floor_reached":10,"playtime":391,"items_purged":["Doubt"],"score":68,"play_id":"ae4a3304-97f0-464f-ad25-e07f7d5b5aed","local_time":"20201229181550","is_ascension_mode":false,"campfire_choices":[{"data":"Seeing Red","floor":7,"key":"SMITH"}],"circlet_count":0,"master_deck":["Strike_R","Strike_R","Strike_R","Strike_R","Strike_R","Defend_R","Defend_R","Defend_R","Defend_R","Bash","Seeing Red+1","Shrug It Off","Feel No Pain","Pommel Strike","Hemokinesis"],"relics":["Burning Blood","NeowsBlessing","Mango","TungstenRod"],"acts_visited":["Exordium"],"potions_floor_usage":[],"damage_taken":[{"damage":0,"enemies":"2 Louse","floor":1,"turns":1},{"damage":0,"enemies":"Jaw Worm","floor":3,"turns":1},{"damage":0,"enemies":"Small Slimes","floor":4,"turns":1},{"damage":25,"enemies":"3 Louse","floor":5,"turns":4},{"damage":38,"enemies":"3 Sentries","floor":6,"turns":14},{"damage":52,"enemies":"Gremlin Nob","floor":10,"turns":5}],"seed_played":"5280845548437641808","potions_obtained":[{"floor":3,"key":"Explosive Potion"},{"floor":6,"key":"ColorlessPotion"}],"is_trial":false,"path_per_floor":["M","?","M","M","M","E","R","$","T","E"],"character_chosen":"IRONCLAD","items_purchased":[],"campfire_rested":0,"item_purchase_floors":[],"current_hp_per_floor":[80,80,80,80,61,43,43,43,43,0,0],"gold":293,"neow_bonus":"THREE_ENEMY_KILL","is_daily":false,"chose_seed":false,"campfire_upgraded":1,"win_rate":0.0,"timestamp":1609233350,"path_taken":["M","?","M","M","M","E","R","$","T","E"],"items_purchased_type":[],"build_version":"2020-12-22","purchased_purges":1,"victory":false,"max_hp_per_floor":[80,80,80,80,80,94,94,94,94,94,94],"card_choices":[{"not_picked":["Shrug It Off","Sword Boomerang"],"picked":"Seeing Red","floor":1},{"not_picked":["Reckless Charge","Burning Pact"],"picked":"Shrug It Off","floor":3},{"not_picked":["Armaments","Body Slam"],"picked":"Feel No Pain","floor":4},{"not_picked":["Cleave","Warcry"],"picked":"Pommel Strike","floor":5},{"not_picked":["Pummel","Perfected Strike"],"picked":"Hemokinesis","floor":6}],"player_experience":8567,"relics_obtained":[{"floor":6,"key":"Mango"},{"floor":9,"key":"TungstenRod"}],"event_choices":[{"damage_healed":0,"gold_gain":175,"player_choice":"AGREE","damage_taken":0,"max_hp_gain":0,"max_hp_loss":0,"event_name":"Liars Game","floor":2,"gold_loss":0,"cards_obtained":["Doubt"]}],"is_beta":false,"boss_relics":[],"items_purged_floors":[8],"is_endless":false,"potions_floor_spawned":[3,6],"killed_by":"Gremlin Nob","ascension_level":0}}