{"host":"71akxjf7cjo3bhmj","time":1609257935,"event":{"mods":["AchievementEnabler","BaseMod","Colored Powertips","Minty Spire (QoL Compilation)"],"gold_per_floor":[117,117,117,142,155,155,190,190,213,229,268,291,291,335,335,463,463,482,507,145,168,191,191,191,205,205,244,259,259,239,252,252,252,252],"floor_reached":33,"playtime":3138,"items_purged":["Defend_B"],"score":339,"play_id":"463f3220-85cd-4331-859e-97558c314f35","local_time":"20201229170535","is_ascension_mode":false,"campfire_choices":[{"data":"Zap","floor":6,"key":"SMITH"},{"data":"Consume","floor":8,"key":"SMITH"},{"floor":13,"key":"REST"},{"data":"White Noise","floor":15,"key":"SMITH"},{"floor":24,"key":"REST"},{"floor":29,"key":"REST"},{"data":"White Noise","floor":32,"key":"SMITH"}],"circlet_count":0,"master_deck":["Strike_B","Strike_B","Strike_B","Defend_B","Defend_B","Zap+1","Dualcast","Ball Lightning","Conserve Battery","Go for the Eyes","Consume+1","White Noise+1","BootSequence","Echo Form","Hyperbeam","Sunder","Redo+1","Dramatic Entrance","Echo Form","White Noise+1","Rebound","Seek","Gash","Turbo+1"],"relics":["Cracked Core","NeowsBlessing","Golden Idol","Regal Pillow","PreservedInsect","Letter Opener","MealTicket","SacredBark","Strange Spoon","Bottled Tornado","Question Card"],"acts_visited":["Exordium","TheCity"],"potions_floor_usage":[7,11,11,12,16,21,25,27,31,33],"damage_taken":[{"damage":0,"enemies":"Cultist","floor":1,"turns":1},{"damage":0,"enemies":"2 Louse","floor":4,"turns":1},{"damage":0,"enemies":"Jaw Worm","floor":5,"turns":1},{"damage":14,"enemies":"3 Sentries","floor":7,"turns":7},{"damage":14,"enemies":"Gremlin Gang","floor":10,"turns":5},{"damage":0,"enemies":"Lagavulin","floor":11,"turns":3},{"damage":9,"enemies":"Blue Slaver","floor":12,"turns":2},{"damage":0,"enemies":"Gremlin Nob","floor":14,"turns":3},{"damage":30,"enemies":"Hexaghost","floor":16,"turns":6},{"damage":14,"enemies":"Spheric Guardian","floor":18,"turns":4},{"damage":14,"enemies":"Chosen","floor":19,"turns":6},{"damage":5,"enemies":"Sentry and Sphere","floor":21,"turns":4},{"damage":36,"enemies":"Shelled Parasite and Fungi","floor":22,"turns":5},{"damage":2,"enemies":"Chosen and Byrds","floor":25,"turns":4},{"damage":20,"enemies":"Book of Stabbing","floor":27,"turns":4},{"damage":21,"enemies":"Snake Plant","floor":28,"turns":4},{"damage":0,"enemies":"Sentry and Sphere","floor":31,"turns":2},{"damage":53,"enemies":"Champ","floor":33,"turns":5}],"seed_played":"6406224760546216741","potions_obtained":[{"floor":1,"key":"FearPotion"},{"floor":5,"key":"Block Potion"},{"floor":7,"key":"SteroidPotion"},{"floor":10,"key":"SkillPotion"},{"floor":14,"key":"BlessingOfTheForge"},{"floor":21,"key":"SpeedPotion"},{"floor":22,"key":"PowerPotion"},{"floor":25,"key":"Explosive Potion"},{"floor":28,"key":"DuplicationPotion"},{"floor":30,"key":"EssenceOfDarkness"}],"is_trial":false,"path_per_floor":["M","?","?","M","M","R","E","R","T","M","E","M","R","E","R","B",null,"M","M","$","M","M","?","R","M","T","E","M","R","?","M","R","B"],"character_chosen":"DEFECT","items_purchased":["Strange Spoon","Dramatic Entrance","Block Potion"],"campfire_rested":3,"item_purchase_floors":[20,20,20],"current_hp_per_floor":[75,57,57,57,57,57,43,43,43,29,29,20,57,57,57,27,75,61,47,62,57,21,21,58,56,56,36,15,52,52,52,52,0,0],"gold":252,"neow_bonus":"THREE_ENEMY_KILL","is_daily":false,"chose_seed":false,"campfire_upgraded":4,"win_rate":0.0,"timestamp":1609257935,"path_taken":["M","?","?","M","M","R","E","R","T","M","E","M","R","E","R","BOSS","M","M","$","M","M","?","R","M","T","E","M","R","?","?","R","BOSS"],"items_purchased_type":["Relic","Card","Potion"],"build_version":"2020-12-22","purchased_purges":1,"victory":false,"max_hp_per_floor":[75,75,75,75,75,75,75,75,75,75,75,75,75,75,75,75,75,75,75,75,75,75,75,75,75,75,75,75,75,75,75,75,75,75],"card_choices":[{"not_picked":["FTL","Heatsinks"],"picked":"Ball Lightning","floor":1},{"not_picked":["Steam","Genetic Algorithm"],"picked":"Conserve Battery","floor":4},{"not_picked":["Coolheaded","Stack"],"picked":"Go for the Eyes","floor":5},{"not_picked":["Darkness","Machine Learning"],"picked":"Consume","floor":7},{"not_picked":["Turbo","Force Field","Glacier"],"picked":"SKIP","floor":10},{"not_picked":["Stack","Steam"],"picked":"White Noise","floor":11},{"not_picked":["Redo","Beam Cell"],"picked":"BootSequence","floor":12},{"not_picked":["Streamline","Steam Power"],"picked":"Echo Form","floor":14},{"not_picked":["Rainbow","Biased Cognition"],"picked":"Hyperbeam","floor":16},{"not_picked":["Coolheaded+1","Beam Cell"],"picked":"Sunder","floor":18},{"not_picked":["Fusion","Glacier"],"picked":"Redo+1","floor":19},{"not_picked":["Turbo+1","Beam Cell"],"picked":"Echo Form","floor":21},{"not_picked":["Hologram+1","Leap"],"picked":"White Noise","floor":22},{"not_picked":["Streamline","Aggregate"],"picked":"Rebound","floor":25},{"not_picked":["Turbo","Machine Learning"],"picked":"Seek","floor":27},{"not_picked":["Lockon+1","Reinforced Body","Barrage"],"picked":"Gash","floor":28},{"not_picked":["Cold Snap","Heatsinks","Fusion"],"picked":"Turbo+1","floor":31}],"player_experience":96995,"relics_obtained":[{"floor":7,"key":"Regal Pillow"},{"floor":9,"key":"PreservedInsect"},{"floor":11,"key":"Letter Opener"},{"floor":14,"key":"MealTicket"},{"floor":26,"key":"Bottled Tornado"},{"floor":27,"key":"Question Card"}],"event_choices":[{"damage_healed":0,"gold_gain":0,"player_choice":"Take Damage","damage_taken":18,"relics_obtained":["Golden Idol"],"max_hp_gain":0,"max_hp_loss":0,"event_name":"Golden Idol","floor":2,"gold_loss":0},{"cards_removed":["Strike_B"],"damage_healed":0,"gold_gain":0,"player_choice":"Forget","damage_taken":0,"max_hp_gain":0,"max_hp_loss":0,"event_name":"Living Wall","floor":3,"gold_loss":0},{"cards_removed":["Defend_B"],"damage_healed":0,"gold_gain":0,"player_choice":"Elegance","damage_taken":0,"max_hp_gain":0,"max_hp_loss":0,"event_name":"Back to Basics","floor":23,"gold_loss":0},{"damage_healed":0,"gold_gain":0,"player_choice":"Bought 1 Potion","damage_taken":0,"max_hp_gain":0,"max_hp_loss":0,"event_name":"The Woman in Blue","floor":30,"gold_loss":0}],"is_beta":false,"boss_relics":[{"not_picked":["Tiny House","Runic Dome"],"picked":"SacredBark"}],"items_purged_floors":[20],"is_endless":false,"potions_floor_spawned":[1,5,7,10,14,21,22,25,28],"killed_by":"Champ","ascension_level":0}}