{"host":"pe0zhl1vvtkxuc0p","time":1609229185,"event":{"mods":["A Magickal Journey","AchievementEnabler","Act Like it!","BaseMod","Card Forge","CatGirl Mod","Challenge The Spire","Chen","Colored Powertips","Curses Come First","GifTheSpireLib","Glutton Mod","Gremlin Mod","Hunter 猎人","Infinite Spire","KinomotoSakuraMod(木之本樱)","Luminous","Minty Spire (QoL Compilation)","Pale of the Ancients","Quick Restart","Relic Filter","Shop Mod","Spikes Relics","StSLib","Stuff the Spire","SuperFastMode","Td1madao Mod","The Clintock","The Cursed","The Death Knight","The Druid","The Factory","The Florist","The Hayseed","The Hierophant","The Jungle","The Mystic","The Necromancer","The Sage","残留之物"],"gold_per_floor":[16,30,41,41,51,51,84,99,124,124,124,144,69,69,69,69,69],"floor_reached":16,"playtime":2119,"items_purged":["theCatGirl:Defend"],"score":107,"play_id":"7fc84cb6-dee1-46f9-a55e-78a77e8d6eea","local_time":"20201229160625","is_ascension_mode":true,"campfire_choices":[{"floor":6,"key":"RECALL"},{"floor":11,"key":"REST"},{"floor":15,"key":"REST"}],"circlet_count":0,"master_deck":["theCatGirl:Strike","theCatGirl:Strike","theCatGirl:Defend","theCatGirl:Defend","theCatGirl:ClawStrike","theCatGirl:Evasion","theCatGirl:ComboAttack","theCatGirl:DefensiveStance","theCatGirl:FinishingMove","theCatGirl:PerfectBlock","theCatGirl:BloodScent","theCatGirl:ShockedWitness","theCatGirl:Counterattack","StuffTheSpire:Innocence","theCatGirl:AdaptivePacing","theCatGirl:RecoveryBlow"],"relics":["theCatGirl:TrainedRelic","Hammer of Thor","Seething Fire","Anvil of the Gods","InkBottle","theCatGirl:DriedFish"],"acts_visited":["Exordium"],"potions_floor_usage":[7,7],"damage_taken":[{"damage":6,"enemies":"infinitespire:Voidling","floor":1,"turns":4},{"damage":0,"enemies":"2 Louse","floor":2,"turns":3},{"damage":6,"enemies":"Cultist","floor":3,"turns":4},{"damage":2,"enemies":"Large Slime","floor":5,"turns":6},{"damage":27,"enemies":"3 Sentries","floor":7,"turns":6},{"damage":5,"enemies":"Looter","floor":8,"turns":3},{"damage":13,"enemies":"Red Slaver","floor":12,"turns":2},{"damage":9,"enemies":"Slime Boss","floor":16,"turns":6}],"seed_played":"5355290428623258059","potions_obtained":[{"floor":2,"key":"AttackPotion"},{"floor":3,"key":"Strength Potion"},{"floor":5,"key":"Fire Potion"}],"is_trial":false,"path_per_floor":["M","M","M","?","M","R","E","M","T","?","R","M","$","?","R","B"],"character_chosen":"THE_CATGIRL","items_purchased":[],"campfire_rested":2,"item_purchase_floors":[],"current_hp_per_floor":[64,64,58,58,56,56,29,24,24,17,38,25,25,25,46,39,39],"gold":69,"neow_bonus":"REMOVE_TWO","is_daily":false,"chose_seed":false,"campfire_upgraded":0,"win_rate":0.0,"timestamp":1609229185,"path_taken":["M","M","?","?","M","R","E","?","T","?","R","M","$","?","R","BOSS"],"items_purchased_type":[],"build_version":"2020-12-22","purchased_purges":1,"victory":false,"max_hp_per_floor":[70,70,70,70,70,70,70,70,70,70,70,70,70,70,70,70,70],"card_choices":[{"not_picked":["theCatGirl:LuckyBlow","theCatGirl:ShockedWitness"],"picked":"theCatGirl:ComboAttack","floor":1},{"not_picked":["theCatGirl:Claws","theCatGirl:TripLunge"],"picked":"theCatGirl:DefensiveStance","floor":2},{"not_picked":["theCatGirl:LuckyBlow","theCatGirl:SearchBackpack"],"picked":"theCatGirl:FinishingMove","floor":3},{"not_picked":["theCatGirl:TripLunge","theCatGirl:PlayAround"],"picked":"theCatGirl:BloodScent","floor":5},{"not_picked":["theCatGirl:PoisedStrike","theCatGirl:LostTrinket"],"picked":"theCatGirl:ShockedWitness","floor":7},{"not_picked":["theCatGirl:LostTrinket","theCatGirl:AllIn"],"picked":"theCatGirl:Counterattack","floor":8},{"not_picked":["theCatGirl:SearchBackpack","theCatGirl:GoddessOfMisfortune"],"picked":"theCatGirl:AdaptivePacing","floor":12}],"player_experience":552458,"relics_obtained":[{"floor":7,"key":"InkBottle"},{"floor":9,"key":"theCatGirl:DriedFish"}],"event_choices":[{"damage_healed":0,"gold_gain":0,"player_choice":"1 cards matched","damage_taken":0,"max_hp_gain":0,"max_hp_loss":0,"event_name":"Match and Keep!","floor":4,"gold_loss":0,"cards_obtained":["theCatGirl:PerfectBlock"]},{"damage_healed":0,"gold_gain":0,"cards_transformed":["theCatGirl:Strike"],"player_choice":"Transformed","damage_taken":0,"max_hp_gain":0,"max_hp_loss":0,"event_name":"Transmorgrifier","floor":14,"gold_loss":0,"cards_obtained":["theCatGirl:RecoveryBlow"]}],"is_beta":false,"boss_relics":[],"items_purged_floors":[13],"is_endless":false,"potions_floor_spawned":[2,3,5],"killed_by":"Slime Boss","ascension_level":1}}