{"host":"mi0eibewekhugwl1","time":1609244679,"event":{"mods":["AchievementEnabler","BaseMod","Colored Map","Colored Powertips","DeckTracker","Keyboard Shortcuts","Minty Spire (QoL Compilation)","Quick Restart","Rare Cards Sparkle","Relic Stats","StSLib","SuperFastMode","everything is the same but u backflip on backflip"],"gold_per_floor":[110,110,127,127,127,127,139,153,231,248,265,277,71,88,88,165,165,184,200,200,29,42,42,72,72,72],"floor_reached":25,"playtime":558,"items_purged":[],"score":434,"play_id":"3950261b-ef2d-4de2-b279-6bbd0a763b17","local_time":"20201229212439","is_ascension_mode":true,"campfire_choices":[{"data":"Bash","floor":6,"key":"SMITH"},{"data":"Apotheosis","floor":15,"key":"SMITH"},{"floor":23,"key":"REST"}],"circlet_count":0,"master_deck":["AscendersBane","Strike_R+1","Strike_R+1","Defend_R+1","Defend_R+1","Defend_R+1","Bash+1","Inflame","Battle Trance","Seeing Red","Shrug It Off","Infernal Blade","Apotheosis+1","Cleave","Demon Form","Limit Break+1","Rampage+1","Exhume+1","Sword Boomerang+1","Power Through","Finesse","Disarm","Exhume"],"relics":["Burning Blood","NeowsBlessing","Question Card","Astrolabe","Toy Ornithopter"],"acts_visited":["Exordium","TheCity"],"potions_floor_usage":[8,10,16,19,25],"damage_taken":[{"damage":0,"enemies":"Small Slimes","floor":1,"turns":1},{"damage":0,"enemies":"Cultist","floor":3,"turns":1},{"damage":0,"enemies":"2 Louse","floor":7,"turns":1},{"damage":5,"enemies":"Gremlin Gang","floor":8,"turns":5},{"damage":19,"enemies":"Exordium Thugs","floor":10,"turns":4},{"damage":8,"enemies":"Red Slaver","floor":11,"turns":3},{"damage":23,"enemies":"Large Slime","floor":12,"turns":9},{"damage":17,"enemies":"Exordium Wildlife","floor":14,"turns":4},{"damage":39,"enemies":"Slime Boss","floor":16,"turns":13},{"damage":21,"enemies":"Shell Parasite","floor":18,"turns":5},{"damage":22,"enemies":"3 Byrds","floor":19,"turns":4},{"damage":37,"enemies":"Snecko","floor":22,"turns":6},{"damage":37,"enemies":"Gremlin Leader","floor":24,"turns":5},{"damage":43,"enemies":"3 Cultists","floor":25,"turns":5}],"seed_played":"8544960488221806079","potions_obtained":[{"floor":1,"key":"AttackPotion"},{"floor":2,"key":"PowerPotion"},{"floor":8,"key":"Block Potion"},{"floor":12,"key":"FairyPotion"},{"floor":18,"key":"ColorlessPotion"},{"floor":19,"key":"FairyPotion"},{"floor":22,"key":"Fire Potion"}],"is_trial":false,"path_per_floor":["M","?","M","?","?","R","M","M","T","M","M","M","$","M","R","B",null,"M","M","?","$","M","R","E","M"],"character_chosen":"IRONCLAD","items_purchased":["Apotheosis","Power Through","Finesse"],"campfire_rested":1,"item_purchase_floors":[13,21,21],"current_hp_per_floor":[74,74,75,80,80,80,80,80,80,67,65,48,48,37,37,30,68,53,37,37,37,30,54,23,0,0],"gold":72,"neow_bonus":"THREE_ENEMY_KILL","is_daily":false,"chose_seed":false,"campfire_upgraded":2,"win_rate":0.0,"timestamp":1609244679,"path_taken":["M","?","?","?","?","R","M","?","T","M","M","M","?","M","R","BOSS","M","M","?","$","M","R","E","M"],"items_purchased_type":["Card","Card","Card"],"build_version":"2020-12-22","purchased_purges":0,"victory":false,"max_hp_per_floor":[75,75,75,80,80,80,80,80,80,80,80,80,80,80,80,80,80,80,80,80,80,80,80,80,80,80],"relic_stats":{"counters":[14,66],"Astrolabe":["Limit Break","Rampage","Exhume"],"Question Card":9,"obtain_stats":[{"NeowsBlessing":0,"Astrolabe":17,"Question Card":9,"Burning Blood":0,"Toy Ornithopter":24},{"NeowsBlessing":0,"Astrolabe":9,"Question Card":4,"Burning Blood":0,"Toy Ornithopter":13},{"NeowsBlessing":0,"Astrolabe":41,"Question Card":8,"Burning Blood":0,"Toy Ornithopter":61}],"Burning Blood":66,"Toy Ornithopter":5},"card_choices":[{"not_picked":["Perfected Strike","Bloodletting","Armaments"],"picked":"SKIP","floor":1},{"not_picked":["Disarm","Rupture","Clash"],"picked":"SKIP","floor":3},{"not_picked":["Shockwave","Thunderclap"],"picked":"Inflame","floor":7},{"not_picked":["Shockwave","Clash"],"picked":"Battle Trance","floor":8},{"not_picked":["Clothesline","Body Slam","Havoc"],"picked":"Seeing Red","floor":10},{"not_picked":["Headbutt","Anger","Flex"],"picked":"Shrug It Off","floor":11},{"not_picked":["Body Slam","Perfected Strike","Clash"],"picked":"Infernal Blade","floor":12},{"not_picked":["Havoc","Headbutt","Exhume"],"picked":"Cleave","floor":14},{"not_picked":["Corruption","Double Tap","Exhume"],"picked":"Demon Form","floor":16},{"not_picked":["Rampage","Entrench","Sentinel"],"picked":"Sword Boomerang+1","floor":18},{"not_picked":["Heavy Blade","Warcry","Havoc","Flex"],"picked":"SKIP","floor":19},{"not_picked":["Shrug It Off","Sword Boomerang","Power Through"],"picked":"Disarm","floor":22},{"not_picked":["Warcry","Body Slam","Flame Barrier"],"picked":"Exhume","floor":24}],"player_experience":1724469,"relics_obtained":[{"floor":9,"key":"Question Card"},{"floor":24,"key":"Toy Ornithopter"}],"event_choices":[{"damage_healed":0,"gold_gain":0,"player_choice":"Got Potions","damage_taken":0,"max_hp_gain":0,"max_hp_loss":0,"event_name":"Lab","floor":2,"gold_loss":0},{"damage_healed":0,"gold_gain":0,"player_choice":"Donut","damage_taken":0,"max_hp_gain":5,"max_hp_loss":0,"event_name":"Big Fish","floor":4,"gold_loss":0},{"cards_removed":["Strike_R"],"damage_healed":0,"gold_gain":0,"player_choice":"Purged","damage_taken":0,"max_hp_gain":0,"max_hp_loss":0,"event_name":"Purifier","floor":5,"gold_loss":0},{"damage_healed":0,"gold_gain":0,"player_choice":"Simplicity","damage_taken":0,"max_hp_gain":0,"max_hp_loss":0,"event_name":"Back to Basics","floor":20,"gold_loss":0,"cards_upgraded":["Strike_R","Strike_R","Defend_R","Defend_R","Defend_R"]}],"is_beta":false,"boss_relics":[{"not_picked":["Cursed Key","Fusion Hammer"],"picked":"Astrolabe"}],"items_purged_floors":[],"is_endless":false,"potions_floor_spawned":[1,8,12,18,19,22],"killed_by":"3 Cultists","ascension_level":20}}