{"host":"htqwg582tjjtn9p7","time":1609232918,"event":{"mods":["2.2 Compatiblity","AchievementEnabler","Act Like it!","Aspiration","BaseMod","Better Third Choice","Colored Map","Conspire","Curses Come First","Displayed Cursed Tome","Energized Spire","Force Act Four","GifTheSpireLib","Hermit","Highlight Path","JesterMod","Mad Scientist","Minty Spire (QoL Compilation)","Pale of the Ancients","Permanent Neow","Random Character Button","Relic Stats","Replay The Spire","Robot Space Explorer","Somnambulant","Spicy Shops","Spikes Relics","StSLib","Stuff the Spire","The Blue Laboratory","The Disciple","The Dragon Tamer","The Forsaken","The Gatherer","The Judge","The Jungle","The Marked","The Runesmith","The Servant 0.9.4"],"gold_per_floor":[109,137,117,58,69,69,94,94,94,129,148,29,39,73,73,149,149,168,2,52,68,82,82,82],"floor_reached":23,"playtime":987,"items_purged":["theForsaken:TheForsaken_Strike"],"score":433,"play_id":"565e9088-e7f0-41bf-9e00-41ab91d74a2d","local_time":"20201229100838","is_ascension_mode":true,"campfire_choices":[{"data":"theForsaken:FuryStrikes","floor":6,"key":"SMITH"},{"data":"theForsaken:FuryStrikes","floor":8,"key":"SMITH"},{"floor":15,"key":"REST"}],"circlet_count":0,"master_deck":["AscendersBane","theForsaken:TheForsaken_Strike+1","theForsaken:TheForsaken_Strike","theForsaken:TheForsaken_Strike","theForsaken:TheForsaken_Defend","theForsaken:TheForsaken_Defend","theForsaken:TheForsaken_Defend","theForsaken:TheForsaken_Defend","theForsaken:Smite","theForsaken:Penitence+1","theForsaken:FuryStrikes+1","theForsaken:InspiringBlow+1","theForsaken:FuryStrikes+1","theForsaken:SpinAttack","theForsaken:ShieldCharge","theForsaken:ShieldBash","theForsaken:WrathOfGod","theForsaken:Confusion","theForsaken:ShieldCharge","theForsaken:FuryStrikes+1","theForsaken:NobleSacrifice"],"relics":["theForsaken:JudgementScales","Shuriken","PreservedInsect","Gremlin Food","Chameleon Ring","Replay:Bronze Core"],"acts_visited":["Exordium","TheCity"],"potions_floor_usage":[5,10,10,14,16,21,22],"damage_taken":[{"damage":6,"enemies":"Jaw Worm","floor":1,"turns":7},{"damage":10,"enemies":"conspire:MimicChest","floor":2,"turns":8},{"damage":4,"enemies":"Small Slimes","floor":5,"turns":7},{"damage":16,"enemies":"Lagavulin","floor":7,"turns":7},{"damage":12,"enemies":"3 Sentries","floor":10,"turns":3},{"damage":0,"enemies":"Cultist","floor":11,"turns":2},{"damage":0,"enemies":"Large Slime","floor":13,"turns":5},{"damage":0,"enemies":"Gremlin Nob","floor":14,"turns":2},{"damage":11,"enemies":"Fading Forest","floor":16,"turns":11},{"damage":19,"enemies":"2 Thieves","floor":18,"turns":4},{"damage":6,"enemies":"conspire:FuzzyDice","floor":21,"turns":9},{"damage":7,"enemies":"3 Cultists","floor":22,"turns":5},{"damage":43,"enemies":"Book of Stabbing","floor":23,"turns":3}],"seed_played":"-1963044656276563225","potions_obtained":[{"floor":1,"key":"Dexterity Potion"},{"floor":3,"key":"Fruit Juice"},{"floor":5,"key":"Strength Potion"},{"floor":11,"key":"blueLaboratory:SavagePotion"},{"floor":14,"key":"Energy Potion"},{"floor":16,"key":"blueLaboratory:EnragingPotion"},{"floor":18,"key":"blueLaboratory:StoneskinPotion"}],"is_trial":false,"path_per_floor":["M","?","?","$","M","R","E","R","T","E","M","$","M","E","R","B",null,"M","$","?","M","M","E"],"character_chosen":"THE_FORSAKEN","items_purchased":["theForsaken:InspiringBlow+1","theForsaken:ShieldBash","theForsaken:FuryStrikes+1","Adrenaline Potion"],"campfire_rested":1,"item_purchase_floors":[4,12,19,19],"current_hp_per_floor":[59,52,52,52,59,59,45,45,45,36,36,36,36,36,55,55,63,46,46,46,43,39,0,0],"gold":82,"neow_bonus":"RANDOM_EVENT","is_daily":false,"chose_seed":false,"campfire_upgraded":2,"win_rate":0.0,"timestamp":1609232918,"path_taken":["M","?","?","$","M","R","E","R","T","E","?","$","M","E","R","BOSS","M","$","?","M","M","E"],"items_purchased_type":["Card","Card","Card","Potion"],"build_version":"2020-12-22","purchased_purges":1,"victory":false,"max_hp_per_floor":[61,61,61,61,66,66,66,66,66,66,66,66,66,66,66,66,66,66,66,66,66,66,66,66],"relic_stats":{"counters":[13,73],"Shuriken":[21],"PreservedInsect":112,"obtain_stats":[{"Gremlin Food":10,"Chameleon Ring":14,"Shuriken":2,"Replay:Bronze Core":17,"PreservedInsect":7,"theForsaken:JudgementScales":0},{"Gremlin Food":5,"Chameleon Ring":8,"Shuriken":2,"Replay:Bronze Core":9,"PreservedInsect":4,"theForsaken:JudgementScales":0},{"Gremlin Food":32,"Chameleon Ring":41,"Shuriken":15,"Replay:Bronze Core":52,"PreservedInsect":29,"theForsaken:JudgementScales":0}]},"card_choices":[{"not_picked":["theForsaken:ScorchingSunlight","theForsaken:DarkBarrier","theForsaken:HorrifyingStrike"],"picked":"SKIP","floor":1},{"not_picked":["theForsaken:LightRoll","theForsaken:RainingSunlight"],"picked":"theForsaken:FuryStrikes","floor":2},{"not_picked":["theForsaken:Parry","theForsaken:WordOfPower"],"picked":"theForsaken:FuryStrikes","floor":5},{"not_picked":["theForsaken:BottledPlague","theForsaken:DarkBargain","theForsaken:Parry"],"picked":"SKIP","floor":7},{"not_picked":["theForsaken:BindingThorns","theForsaken:Parry"],"picked":"theForsaken:SpinAttack","floor":10},{"not_picked":["theForsaken:Eulogy","theForsaken:Terrorize"],"picked":"theForsaken:ShieldCharge","floor":11},{"not_picked":["theForsaken:Backlash","theForsaken:DarkBarrier","theForsaken:SolarFlare"],"picked":"SKIP","floor":13},{"not_picked":["theForsaken:SpreadingPlague","theForsaken:MagicWeapon"],"picked":"theForsaken:WrathOfGod","floor":14},{"not_picked":["theForsaken:SacrificeSoul","theForsaken:TearsOfSunlight"],"picked":"theForsaken:Confusion","floor":16},{"not_picked":["theForsaken:Thunderbolt","theForsaken:ChargeAttack"],"picked":"theForsaken:ShieldCharge","floor":18},{"not_picked":["theForsaken:InspiringBlow","theForsaken:Thunderbolt"],"picked":"theForsaken:NobleSacrifice","floor":21},{"not_picked":["theForsaken:SiphonStrike","theForsaken:BlessedWeapon","theForsaken:Terrorize"],"picked":"SKIP","floor":22}],"player_experience":1822489,"relics_obtained":[{"floor":2,"key":"Shuriken"},{"floor":7,"key":"PreservedInsect"},{"floor":10,"key":"Gremlin Food"},{"floor":14,"key":"Chameleon Ring"}],"event_choices":[{"damage_healed":0,"gold_gain":0,"player_choice":"Bought 1 Potion","damage_taken":0,"max_hp_gain":0,"max_hp_loss":0,"event_name":"The Woman in Blue","floor":3,"gold_loss":0},{"damage_healed":0,"gold_gain":50,"player_choice":"Pray","damage_taken":0,"max_hp_gain":0,"max_hp_loss":0,"event_name":"Golden Shrine","floor":20,"gold_loss":0}],"is_beta":false,"boss_relics":[{"not_picked":["Runic Dome","Ectoplasm"],"picked":"Replay:Bronze Core"}],"items_purged_floors":[19],"is_endless":false,"potions_floor_spawned":[1,5,7,11,14,16,18],"killed_by":"Book of Stabbing","ascension_level":17}}