{"host":"dwyzfvnzfcqffr30","time":1609244937,"event":{"mods":["2.2 Compatiblity","Act Like it!","BaseMod","Beaked The Cultist","Better Altar","Better Match","Better Note","Better Sensory Stone","Better Skull","Better Third Choice","Clockwork Mod","Colored Map","Colored Powertips","Conspire","Downfall","Elementarium","GifTheSpireLib","Halation","Hermit","Hubris","Infinite Spire","Ironclad Rager","Jedi Mod","Menagerie","Mimic Mod","Minty Spire (QoL Compilation)","Permanent Neow","Random Character Button","Replay The Spire","Spicy Shops","StSLib","Stuff the Spire","The Construct","The Disciple","The Druid","The Marked","TheFirefly","Trackpad","vexMod"],"gold_per_floor":[444,444,10,10,30,30,58,58,58,58,77,111,136,177,177,266,266,293,293,328,46,21,51,51,51,96,96,96,242,242,242,337,337,376,420,76,76,76,97,129,168,209,285,322,355,407,445,492,492,492,492,492,54,91,91],"floor_reached":58,"playtime":7632,"items_purged":["Clockwork:Strike+1","Clockwork:Strike+1","Clockwork:Shield+1"],"score":2431,"play_id":"b371d984-9cf0-4615-9a2e-028bc8e6bad5","local_time":"20201229042857","is_ascension_mode":true,"campfire_choices":[{"floor":6.0,"key":"RECALL"},{"floor":15.0,"key":"REST"},{"floor":24,"key":"REST"},{"floor":27,"key":"REST"},{"floor":32,"key":"REST"},{"floor":51,"key":"REST"},{"floor":54,"key":"REST"}],"circlet_count":0,"master_deck":["AscendersBane","Clockwork:Strike+1","Clockwork:Shield+1","Clockwork:Tinker+1","Clockwork:WarmUp+1","Replay:Bootleg Shield Generator+1","MasterReality+1","Clockwork:OccamsRazor+1","Clockwork:RevUp+1","Clockwork:AeonShield+1","Clockwork:Improve+1","Clockwork:Clone+1","Clockwork:ReactiveNanites+1","Clockwork:TestingEnvironment+1","Clockwork:ZeroPointEnergy+1","beaked:AwakenedForm+1","hubris:NaturalOne","Clockwork:SiegeStrike+1","Clockwork:RevUp+1","Clockwork:RevUp+1"],"relics":["Clockwork:MomentumEngine","Bottled Tornado","Toxic Egg 2","Frozen Egg 2","Molten Egg 2","Quantum Egg","hubris:EvacipatedBox","Juzu Bracelet","infinitespire:EvilPickle","Art of War","Oddly Smooth Stone","Replay:Bottled Flurry","vexMod:Dragonfruit","hubris:Teleporter","halation:VictoryRuler","infinitespire:Cupcake","beaked:SacredDeck","jedi:Pinwheel","HornCleat","conspire:TopHat","hubris:Icosahedron","Replay:Bottled Snecko","Elementarium:ElementariumTrophy","hubris:ScarierMask","Replay:Baseball","jedi:crownofsimplicity","infinitespire:ShieldingShard","infinitespire:Bottled Soul","vexMod:ScavengeHelm","White Beast Statue","Centennial Puzzle","Clockwork:QuicksilverHourglass","infinitespire:Beetle Shell","infinitespire:Lucky Rock","Clockwork:CopperScales"],"acts_visited":["Menagerie:Menagerie","Elementarium:Elementarium","TheBeyond","TheEnding"],"potions_floor_usage":[18,23,33,36,42,47,49,52,52,52,52,52,57],"damage_taken":[{"damage":0.0,"enemies":"Menagerie:2_RABBITS","floor":1.0,"turns":6.0},{"damage":0.0,"enemies":"Menagerie:MonstrousExperiment","floor":5.0,"turns":10.0},{"damage":0.0,"enemies":"Menagerie:Hydra","floor":7.0,"turns":12.0},{"damage":0.0,"enemies":"Menagerie:WhisperingWraith","floor":11.0,"turns":9.0},{"damage":2.0,"enemies":"Menagerie:VoidReaper","floor":12.0,"turns":17.0},{"damage":0.0,"enemies":"Menagerie:BEAST_MAGE_AND_PROWLING_AMALGAM","floor":13.0,"turns":11.0},{"damage":0.0,"enemies":"Menagerie:Hydra","floor":14.0,"turns":6.0},{"damage":3,"enemies":"Menagerie:AVATARS","floor":16,"turns":10},{"damage":0,"enemies":"Elementarium:VoidCorruption","floor":18,"turns":8},{"damage":0,"enemies":"Elementarium:2_ELEMENTALS","floor":20,"turns":5},{"damage":5,"enemies":"Elementarium:ElementalPortal","floor":23,"turns":13},{"damage":0,"enemies":"Elementarium:WarGolem","floor":30,"turns":9},{"damage":1,"enemies":"Elementarium:PHOENIXES","floor":33,"turns":13},{"damage":0,"enemies":"3 Darklings","floor":35,"turns":6},{"damage":4,"enemies":"3 Shapes","floor":36,"turns":5},{"damage":3,"enemies":"Spire Growth","floor":40,"turns":7},{"damage":0,"enemies":"Reptomancer","floor":42,"turns":5},{"damage":0,"enemies":"conspire:MimicChest","floor":43,"turns":9},{"damage":0,"enemies":"Nemesis","floor":44,"turns":7},{"damage":0,"enemies":"4 Shapes","floor":46,"turns":4},{"damage":19,"enemies":"Writhing Mass","floor":47,"turns":5},{"damage":0,"enemies":"beaked:SuperParasite","floor":48,"turns":7},{"damage":0,"enemies":"3 Darklings","floor":49,"turns":3},{"damage":0,"enemies":"Transient","floor":50,"turns":5},{"damage":15,"enemies":"hubris:GrandSnecko","floor":52,"turns":10},{"damage":0,"enemies":"Shield and Spear","floor":56,"turns":6},{"damage":33,"enemies":"The Heart","floor":57,"turns":10}],"seed_played":"-115315659831847799","potions_obtained":[{"floor":5.0,"key":"champ:CounterPotion"},{"floor":7.0,"key":"EntropicBrew"},{"floor":20,"key":"AttackPotion"},{"floor":33,"key":"Block Potion"},{"floor":35,"key":"AttackPotion"},{"floor":43,"key":"Fire Potion"},{"floor":46,"key":"Dexterity Potion"},{"floor":47,"key":"SpeedPotion"},{"floor":48,"key":"hexamod:EctoCoolerPotion"},{"floor":56,"key":"Doom Potion"}],"is_trial":false,"path_per_floor":["M","?","$","?","M","R","E","?","T","$","M","E","M","E","R","B",null,"M","AVR","M","$","?","E","R","?","T","R","?","E","?","R","B",null,"M","M","$","PTL","PTL","M","E","?","E","T","M","M","E","M","M","R","B",null,"R","$","E","B",null],"character_chosen":"CLOCKWORK","items_purchased":["Clockwork:RevUp+1","Oddly Smooth Stone","Clockwork:AeonShield+1","jedi:Pinwheel","Replay:Baseball","jedi:crownofsimplicity","Clockwork:CraftCopperScales+1","infinitespire:Beetle Shell","infinitespire:Lucky Rock"],"campfire_rested":6,"item_purchase_floors":[3,3,3,21,37,37,55,55,55],"current_hp_per_floor":[71,54,54,50,50,50,50,52,57,57,57,55,55,55,80,77,82,82,82,82,82,82,77,84,63,63,84,84,84,84,84,83,84,84,80,80,80,80,77,77,77,77,77,77,58,58,58,58,83,68,80,84,84,84,51],"gold":91,"neow_bonus":"RANDOM_COLORLESS","is_daily":false,"chose_seed":false,"campfire_upgraded":0,"win_rate":0.0,"timestamp":1609244937,"path_taken":["M","?","$","?","M","R","E","?","T","$","M","E","M","E","R","BOSS","M","AVR","M","?","?","E","R","?","T","R","?","E","?","R","BOSS","M","M","$","PTL","PTL","M","E","?","E","T","M","M","E","M","M","R","BOSS","R","$","E","BOSS"],"items_purchased_type":["Card","Relic","Card","Relic","Relic","Relic","Card","Relic","Relic"],"build_version":"2020-12-22","purchased_purges":3,"victory":true,"max_hp_per_floor":[79,79,79,79,79,79,79,79,84,84,84,84,84,84,84,84,84,84,84,84,84,84,84,84,84,84,84,84,84,84,84,84,84,84,84,84,84,84,84,84,84,84,84,84,84,84,84,84,84,84,84,84,84,84,84],"card_choices":[{"not_picked":["Mind Blast","expansioncontent:Torchfire"],"picked":"Replay:Bootleg Shield Generator","floor":0.0},{"not_picked":["Clockwork:AdaptiveCannon+1","Clockwork:ReserveSystems+1"],"picked":"Clockwork:OccamsRazor+1","floor":1.0},{"not_picked":["Clockwork:Redundancy+1","Clockwork:AdaptiveShield+1"],"picked":"Clockwork:Improve+1","floor":5.0},{"not_picked":["Clockwork:ElasticNanites+1","Clockwork:Minimalism+1","Clockwork:ChargingShield+1"],"picked":"SKIP","floor":7.0},{"not_picked":["Clockwork:CogToss+1","Clockwork:Clone+1","Clockwork:TiltAWhirl+1"],"picked":"SKIP","floor":11.0},{"not_picked":["Clockwork:CogToss+1","Clockwork:TiltAWhirl+1"],"picked":"Clockwork:Clone+1","floor":11.0},{"not_picked":["Clockwork:AdaptiveShield+1","Clockwork:Friction+1"],"picked":"Clockwork:ReactiveNanites+1","floor":12.0},{"not_picked":["Clockwork:SnapKeep+1","Clockwork:SystemScan+1","Clockwork:Minimalism+1"],"picked":"SKIP","floor":13.0},{"not_picked":["Clockwork:ChargingBlade+1","Clockwork:EnthusiasticStrike+1"],"picked":"Clockwork:TestingEnvironment+1","floor":14.0},{"not_picked":["Clockwork:UnlimitedCogworks+1","Clockwork:Strangle+1"],"picked":"Clockwork:ZeroPointEnergy+1","floor":16},{"not_picked":["Clockwork:ElasticNanites+1","Clockwork:Friction+1"],"picked":"Clockwork:Downsize+1","floor":18},{"not_picked":["Clockwork:SystemScan+1","Clockwork:ChargingBlade+1","Clockwork:SnapKeep+1"],"picked":"SKIP","floor":20},{"not_picked":["Clockwork:Friction+1","Clockwork:SpringShield+1","Clockwork:DefectiveParts+1"],"picked":"SKIP","floor":23},{"not_picked":["Clockwork:Halt+1","Clockwork:MechanicalBulk+1","Clockwork:HoardingStrike+1"],"picked":"SKIP","floor":30},{"not_picked":["Clockwork:DefectiveParts+1","Clockwork:WindupStrike+1"],"picked":"Clockwork:SiegeStrike+1","floor":33},{"not_picked":["Clockwork:FalseStart+1","Clockwork:LiteraryArmor+1","Clockwork:PerfectedStrike+1"],"picked":"SKIP","floor":35},{"not_picked":["Clockwork:Clone+1","Clockwork:Pluck+1","Clockwork:EnthusiasticStrike+1"],"picked":"SKIP","floor":36},{"not_picked":["Clockwork:TiltAWhirl+1","Clockwork:Minimalism+1","Clockwork:Scour+1"],"picked":"SKIP","floor":40},{"not_picked":["Clockwork:DefectiveParts+1","Clockwork:AdaptiveCannon+1"],"picked":"Clockwork:RevUp+1","floor":42},{"not_picked":["Clockwork:SystemHardening+1","Clockwork:ChargingShield+1"],"picked":"Clockwork:RevUp+1","floor":43},{"not_picked":["Clockwork:TiltAWhirl+1","Clockwork:CogShield+1","Clockwork:AssemblyLine+1"],"picked":"SKIP","floor":44},{"not_picked":["Clockwork:Roundhouse+1","Clockwork:CraftBloodPhial+1"],"picked":"Clockwork:CraftQuicksilverHourglass+1","floor":46},{"not_picked":["Clockwork:CogBarrier+1","Clockwork:OccamsRazor+1","Clockwork:HeadStart+1"],"picked":"SKIP","floor":47},{"not_picked":["Clockwork:ForgeStrike+1","Clockwork:HoardingStrike+1","Clockwork:PerfectedStrike+1"],"picked":"SKIP","floor":48},{"not_picked":["Clockwork:Improve+1","Clockwork:CogToss+1","Clockwork:ChargingBlade+1"],"picked":"SKIP","floor":49},{"not_picked":["Clockwork:SpurOn+1","Clockwork:Improve+1","Clockwork:Roundhouse+1"],"picked":"SKIP","floor":50},{"not_picked":["Clockwork:Pluck+1","Clockwork:SmithsMallet+1","Clockwork:AssemblyLine+1"],"picked":"SKIP","floor":56}],"player_experience":2480887,"relics_obtained":[{"floor":7.0,"key":"Replay:Bottled Flurry"},{"floor":9.0,"key":"vexMod:Dragonfruit"},{"floor":12.0,"key":"hubris:Teleporter"},{"floor":14.0,"key":"halation:VictoryRuler"},{"floor":23,"key":"HornCleat"},{"floor":30,"key":"Replay:Bottled Snecko"},{"floor":42,"key":"infinitespire:ShieldingShard"},{"floor":43,"key":"infinitespire:Bottled Soul"},{"floor":44,"key":"vexMod:ScavengeHelm"},{"floor":45,"key":"White Beast Statue"},{"floor":48,"key":"Centennial Puzzle"}],"event_choices":[{"damage_healed":0.0,"max_hp_gain":0.0,"max_hp_loss":8.0,"gold_gain":0.0,"event_name":"betterThird:BetterWriting","player_choice":"Simplicity","floor":0.0,"gold_loss":0.0,"damage_taken":0.0},{"damage_healed":0.0,"max_hp_gain":0.0,"max_hp_loss":0.0,"gold_gain":0.0,"event_name":"betterSkull:BetterSkull","player_choice":"RE ","floor":2.0,"gold_loss":0.0,"damage_taken":19.0,"cards_upgraded":[],"relics_obtained":["Art of War"]},{"damage_healed":0.0,"max_hp_gain":0.0,"max_hp_loss":0.0,"gold_gain":0.0,"event_name":"conspire:Investor","player_choice":"Leave","floor":4.0,"gold_loss":0.0,"damage_taken":0.0},{"damage_healed":2.0,"max_hp_gain":0.0,"max_hp_loss":0.0,"gold_gain":0.0,"event_name":"betterSkull:BetterSkull","player_choice":"LEAVE ","floor":8.0,"gold_loss":0.0,"damage_taken":0.0,"cards_upgraded":[],"relics_obtained":[]},{"damage_healed":0,"gold_gain":0,"player_choice":"Blood","damage_taken":21,"relics_obtained":["conspire:TopHat"],"max_hp_gain":0,"max_hp_loss":0,"event_name":"Elementarium:ShatteredPortal","floor":25,"gold_loss":0},{"damage_healed":0,"gold_gain":0,"player_choice":"Ignored","damage_taken":0,"max_hp_gain":0,"max_hp_loss":0,"event_name":"Elementarium:ElementalBlades","floor":31,"gold_loss":0}],"is_beta":false,"boss_relics":[{"not_picked":["conspire:SeveredTorchhead","hubris:GrandSneckoEye","halation:Prosthetics"],"picked":"infinitespire:Cupcake"},{"not_picked":["Cursed Key","StuffTheSpire:RunicConfusion","conspire:RunicOctahedron"],"picked":"hubris:ScarierMask"}],"items_purged_floors":[3,19,37],"is_endless":false,"potions_floor_spawned":[5,7,13,20,33,35,43,46,47,48,49,50,56],"ascension_level":16}}