{"host":"is2s59edl8twrhoj","time":1609265750,"event":{"mods":["BaseMod","Colored Map","Colored Powertips","DeckTracker","Downfall","Minty Spire (QoL Compilation)","StSLib"],"gold_per_floor":[99,118,134,44,44,44,44,44,61,46,46,64,89,107,122,219,219,219,235,249,263,280,300,300,318,331,256,356,369,369,379,399,499,499,499,512,531,550,550,475,475,475,32,132,132,147,5,19,33,33],"floor_reached":51,"playtime":3156,"items_purged":["hexamod:Strike","Doubt"],"score":734,"play_id":"366a538c-869d-4465-9ce6-e746fd2b3251","local_time":"20201229181550","is_ascension_mode":false,"campfire_choices":[{"data":"hexamod:Float","floor":1.0,"key":"SMITH"},{"data":"hexamod:Incineration","floor":6.0,"key":"SMITH"},{"data":"hexamod:ThermalTransfer","floor":8.0,"key":"SMITH"},{"data":"hexamod:ExtraCrispy","floor":18.0,"key":"SMITH"},{"data":"hexamod:HeatShield","floor":27.0,"key":"SMITH"},{"floor":30.0,"key":"REST"},{"data":"hexamod:VolcanoVisage","floor":35,"key":"SMITH"},{"data":"hexamod:HeatShield","floor":40,"key":"SMITH"},{"data":"hexamod:VolcanoVisage","floor":45,"key":"SMITH"}],"circlet_count":0,"master_deck":["hexamod:Strike","hexamod:Strike","hexamod:Defend","hexamod:Defend","hexamod:Defend","hexamod:Defend","hexamod:Sear","hexamod:Float+1","hexamod:Incineration+1","hexamod:ThermalTransfer+1","hexamod:BurningTouch","hexamod:FastForward","hexamod:ExtraCrispy+1","hexamod:Hexaguard","hexamod:ChargedBarrage","hexamod:BurningTouch+1","hexamod:Hexaguard+1","hexamod:HeatMetal","hexamod:VolcanoVisage+1","hexamod:HeatShield+1","hexamod:VolcanoVisage+1","hexamod:HeatShield+1","hexamod:RadiantFlame","hexamod:Incineration+1"],"relics":["hexamod:SpiritBrand","Potion Belt","PreservedInsect","Regal Pillow","SacredBark","Pear","downfall:HeartBlessingGreen","Bird Faced Urn","Darkstone Periapt","hexamod:IceCube","downfall:HeartBlessingBlue","InkBottle","Oddly Smooth Stone"],"acts_visited":["Exordium","TheCity","TheBeyond"],"potions_floor_usage":[46],"damage_taken":[{"damage":0.0,"enemies":"Jaw Worm","floor":2.0,"turns":4.0},{"damage":0.0,"enemies":"2 Louse","floor":3.0,"turns":3.0},{"damage":0.0,"enemies":"downfall:FleeingMerchant","floor":4.0,"turns":4.0},{"damage":0.0,"enemies":"Small Slimes","floor":9.0,"turns":3.0},{"damage":0.0,"enemies":"downfall:FleeingMerchant","floor":10.0,"turns":4.0},{"damage":0.0,"enemies":"Blue Slaver","floor":12.0,"turns":3.0},{"damage":0.0,"enemies":"Gremlin Nob","floor":13.0,"turns":3.0},{"damage":0.0,"enemies":"Large Slime","floor":14.0,"turns":3.0},{"damage":9.0,"enemies":"Exordium Thugs","floor":15.0,"turns":3.0},{"damage":44.0,"enemies":"downfall:Defect","floor":16.0,"turns":6.0},{"damage":11.0,"enemies":"3 Byrds","floor":19.0,"turns":4.0},{"damage":4.0,"enemies":"Chosen","floor":20.0,"turns":3.0},{"damage":22.0,"enemies":"Shelled Parasite and Fungi","floor":21.0,"turns":5.0},{"damage":7.0,"enemies":"Chosen and Byrds","floor":22.0,"turns":4.0},{"damage":0.0,"enemies":"Cultist and Chosen","floor":23.0,"turns":4.0},{"damage":10.0,"enemies":"Shelled Parasite and Fungi","floor":25.0,"turns":4.0},{"damage":8.0,"enemies":"Centurion and Healer","floor":26.0,"turns":4.0},{"damage":0.0,"enemies":"Colosseum Nobs","floor":28.0,"turns":5.0},{"damage":21.0,"enemies":"Snake Plant","floor":29.0,"turns":5.0},{"damage":22.0,"enemies":"3 Cultists","floor":31.0,"turns":5.0},{"damage":30.0,"enemies":"Sentry and Sphere","floor":32.0,"turns":5.0},{"damage":16.0,"enemies":"downfall:Ironclad","floor":33.0,"turns":9.0},{"damage":7,"enemies":"Orb Walker","floor":36,"turns":4},{"damage":20,"enemies":"3 Darklings","floor":37,"turns":9},{"damage":53,"enemies":"Transient","floor":38,"turns":5},{"damage":14,"enemies":"downfall:FleeingMerchant","floor":43,"turns":4},{"damage":0,"enemies":"Spire Growth","floor":46,"turns":5},{"damage":0,"enemies":"downfall:FleeingMerchant","floor":47,"turns":4},{"damage":1,"enemies":"3 Darklings","floor":48,"turns":5},{"damage":9,"enemies":"4 Shapes","floor":49,"turns":6},{"damage":10,"enemies":"downfall:Watcher","floor":50,"turns":8}],"seed_played":"6158080999083396796","potions_obtained":[{"floor":9.0,"key":"Swift Potion"},{"floor":12.0,"key":"hexamod:EctoCoolerPotion"},{"floor":13.0,"key":"LiquidMemories"},{"floor":14.0,"key":"ColorlessPotion"},{"floor":16.0,"key":"EntropicBrew"},{"floor":22.0,"key":"Fire Potion"},{"floor":23.0,"key":"EntropicBrew"},{"floor":26.0,"key":"EssenceOfSteel"},{"floor":28.0,"key":"PowerPotion"},{"floor":32.0,"key":"EssenceOfSteel"},{"floor":36,"key":"FearPotion"},{"floor":37,"key":"GamblersBrew"},{"floor":38,"key":"Dexterity Potion"},{"floor":48,"key":"PowerPotion"}],"is_trial":false,"path_per_floor":["R","M","M","$","?","R","T","R","M","$","?","M","E","M","M","B",null,"R","M","M","M","M","M","T","M","M","R","?","M","R","M","M","B",null,"R","M","M","M","?","R","T","?","$","?","R","M","$","M","M","B",null],"character_chosen":"THE_SPIRIT","items_purchased":["Oddly Smooth Stone","EntropicBrew","hexamod:RadiantFlame","LiquidBronze","Strength Potion"],"campfire_rested":1,"item_purchase_floors":[43,43,43,47,47],"current_hp_per_floor":[70,70,70,70,70,70,70,70,70,70,75,75,75,75,66,22,75,75,64,60,38,31,31,41,31,23,23,23,10,50,32,6,47,85,85,78,64,17,17,27,27,101,89,89,89,97,101,101,96,93],"gold":33,"neow_bonus":"RANDOM_COMMON_RELIC","is_daily":false,"chose_seed":false,"campfire_upgraded":8,"win_rate":0.0,"timestamp":1609265750,"path_taken":["R","M","M","$","?","R","T","R","M","$","?","M","E","M","M","BOSS","R","M","M","M","M","M","T","M","M","R","?","M","R","M","M","BOSS","R","M","M","M","?","R","T","?","$","?","R","?","?","M","M","BOSS"],"items_purchased_type":["Relic","Potion","Card","Potion","Potion"],"build_version":"2020-12-22","purchased_purges":2,"victory":true,"max_hp_per_floor":[70,70,70,70,70,70,70,70,70,70,75,75,75,75,75,75,75,75,75,75,75,75,75,85,85,85,85,85,85,85,85,85,85,85,85,85,85,85,85,95,95,101,101,101,101,101,101,101,101,101],"card_choices":[{"not_picked":["hexamod:NightmareGuise","hexamod:RetreatToShadows"],"picked":"hexamod:Incineration","floor":2.0},{"not_picked":["hexamod:SpectralAdrenaline","hexamod:SwordOfDarkness"],"picked":"hexamod:ThermalTransfer","floor":3.0},{"not_picked":["hexamod:PhantomCloak","hexamod:HauntingEcho","hexamod:InspiringFlames"],"picked":"SKIP","floor":4.0},{"not_picked":["hexamod:SwordOfDarkness","hexamod:RainOfEmbers"],"picked":"hexamod:BurningTouch","floor":9.0},{"not_picked":["hexamod:ThermalTransfer","hexamod:SwordOfDarkness"],"picked":"hexamod:FastForward","floor":10.0},{"not_picked":["hexamod:Firestarter","hexamod:Again","hexamod:ParanormalForm"],"picked":"SKIP","floor":12.0},{"not_picked":["hexamod:FastForward","hexamod:SpectralSpark"],"picked":"hexamod:ExtraCrispy","floor":13.0},{"not_picked":["hexamod:Rewind","hexamod:GhostShield"],"picked":"hexamod:Hexaguard","floor":14.0},{"not_picked":["hexamod:NightmareGuise","hexamod:EtherealExpedition"],"picked":"hexamod:ChargedBarrage","floor":15.0},{"not_picked":["hexamod:SecondSeal","hexamod:FastForward"],"picked":"hexamod:BurningTouch+1","floor":19.0},{"not_picked":["hexamod:Hexaguard","hexamod:ShieldOfDarkness","hexamod:InspiringFlames"],"picked":"SKIP","floor":20.0},{"not_picked":["hexamod:SwordOfDarkness","hexamod:SpectersWail","hexamod:GhostOfSpirePast+1"],"picked":"SKIP","floor":21.0},{"not_picked":["hexamod:HauntingEcho","hexamod:HeatMetal"],"picked":"hexamod:Hexaguard+1","floor":22.0},{"not_picked":["hexamod:DynamicBlow","hexamod:ChargedBarrage+1"],"picked":"hexamod:HeatMetal","floor":23.0},{"not_picked":["hexamod:Firestarter+1","hexamod:ThermalTransfer"],"picked":"hexamod:VolcanoVisage","floor":25.0},{"not_picked":["hexamod:RainOfEmbers","hexamod:SwordOfDarkness+1"],"picked":"hexamod:HeatShield","floor":26.0},{"not_picked":["hexamod:SecondSeal","hexamod:NightmareStrike","hexamod:ShieldOfDarkness"],"picked":"SKIP","floor":29.0},{"not_picked":["hexamod:FastForward","hexamod:DynamicBlow","hexamod:EtherealExpedition+1"],"picked":"SKIP","floor":31.0},{"not_picked":["hexamod:FourthSeal","hexamod:Hexaguard","hexamod:InspiringFlames"],"picked":"SKIP","floor":32.0},{"not_picked":["hexamod:Toasty","hexamod:EmpoweringStance"],"picked":"hexamod:VolcanoVisage","floor":33.0},{"not_picked":["hexamod:Haunt","hexamod:SpectralSpark","hexamod:AdvancingGuard+1"],"picked":"SKIP","floor":36},{"not_picked":["hexamod:RainOfEmbers","hexamod:BacktrackSmack"],"picked":"hexamod:HeatShield","floor":37},{"not_picked":["hexamod:ExtraCrispy","hexamod:FlamesFromBeyond","hexamod:GhostLash+1"],"picked":"SKIP","floor":38},{"not_picked":["hexamod:Toasty","hexamod:RetreatToShadows","hexamod:ThirdSeal"],"picked":"SKIP","floor":43},{"not_picked":["hexamod:BurningTouch","hexamod:SpectersWail"],"picked":"hexamod:Incineration+1","floor":46},{"not_picked":["hexamod:RainOfEmbers+1","hexamod:FastForward+1","hexamod:GhostShield"],"picked":"SKIP","floor":47},{"not_picked":["hexamod:Firestarter","hexamod:FlamesFromBeyond","hexamod:RecurringNightmare"],"picked":"SKIP","floor":48},{"not_picked":["hexamod:Incineration","hexamod:PowerFromBeyond+1","hexamod:ShieldOfDarkness"],"picked":"SKIP","floor":49}],"player_experience":676359,"relics_obtained":[{"floor":7.0,"key":"PreservedInsect"},{"floor":13.0,"key":"Regal Pillow"},{"floor":24.0,"key":"Pear"},{"floor":28.0,"key":"Bird Faced Urn"},{"floor":28.0,"key":"Darkstone Periapt"},{"floor":41,"key":"InkBottle"}],"event_choices":[{"damage_healed":0.0,"max_hp_gain":5.0,"max_hp_loss":0.0,"gold_gain":0.0,"event_name":"Big Fish","player_choice":"Donut","floor":11.0,"gold_loss":0.0,"damage_taken":0.0}],"is_beta":false,"boss_relics":[{"not_picked":["Calling Bell","Tiny House"],"picked":"SacredBark"},{"not_picked":["Velvet Choker","Philosopher\u0027s Stone"],"picked":"hexamod:IceCube"}],"items_purged_floors":[4,43],"is_endless":false,"potions_floor_spawned":[9,12,13,14,16,22,23,26,28,32,36,37,38,48],"ascension_level":0}}