{"host":"zit9o0ax6c2l3y2b","time":1609209974,"event":{"mods":["Aspiration","BaseMod","Colored Map","Conspire","Downfall","Glutton Mod","Hermit","Hubris","Infinite Spire","Minty Spire (QoL Compilation)","Random Character Button","Relic Filter","Replay The Spire","Shade Mod","Shop Mod","StSLib","The Construct","The Cursed","The Disciple","The Runesmith","TheArtist"],"gold_per_floor":[112,112,122,52,52,83,83,109,109,109,6,6,20,20,20,20,20],"floor_reached":16,"playtime":743,"items_purged":["sneckomod:Bewildered"],"score":111,"play_id":"28c3c4ef-2479-4977-943c-ff5f0796a476","local_time":"20201228214614","is_ascension_mode":true,"campfire_choices":[{"data":"hermit:Maintenance","floor":7,"key":"SMITH"},{"floor":12,"key":"REST"},{"data":"hermit:CursedWeapon","floor":15,"key":"SMITH"}],"circlet_count":0,"master_deck":["hermit:Strike_Hermit","hermit:Strike_Hermit","hermit:Strike_Hermit","hermit:Strike_Hermit","hermit:Defend_Hermit","hermit:Defend_Hermit","hermit:Defend_Hermit","hermit:Defend_Hermit","hermit:Snapshot+1","hermit:Covet","Slimebound:Tackle","Runesmith:Defend_RS+1","hermit:Dive","infinitespire:Menacing","hermit:Maintenance+1","hermit:CursedWeapon+1","hermit:Midnight","hermit:Quickdraw","Mayhem","hermit:FinalCanter"],"relics":["hermit:Momento","hubris:Spice","infinitespire:PuzzleCube","ReplayTheSpireMod:Lightbulb","ReplayTheSpireMod:CursedCoin"],"acts_visited":["Exordium"],"potions_floor_usage":[16,16],"damage_taken":[{"damage":1,"enemies":"Jaw Worm","floor":1,"turns":3},{"damage":1,"enemies":"2 Louse","floor":3,"turns":2},{"damage":12,"enemies":"Gremlin Nob","floor":6,"turns":4},{"damage":10,"enemies":"3 Sentries","floor":8,"turns":7},{"damage":2,"enemies":"Small Slimes","floor":13,"turns":3},{"damage":53,"enemies":"Slime Boss","floor":16,"turns":8}],"seed_played":"-6739882810702333994","potions_obtained":[{"floor":3,"key":"Strength Potion"},{"floor":8,"key":"ColorlessPotion"},{"floor":13,"key":"hermit:Eclipse"}],"is_trial":false,"path_per_floor":["M","?","M","$","?","E","R","E","T","?","$","R","M","$","R","B"],"character_chosen":"HERMIT","items_purchased":["hermit:CursedWeapon","ReplayTheSpireMod:CursedCoin","Mayhem"],"campfire_rested":1,"item_purchase_floors":[4,11,11],"current_hp_per_floor":[82,62,61,61,44,32,32,22,22,30,30,54,52,52,52,0,0],"gold":20,"neow_bonus":"ONE_RARE_RELIC","is_daily":false,"chose_seed":false,"campfire_upgraded":2,"win_rate":0.0,"timestamp":1609209974,"path_taken":["M","?","M","$","?","E","R","E","T","?","?","R","M","$","R","BOSS"],"items_purchased_type":["Card","Relic","Card"],"build_version":"2020-12-22","purchased_purges":1,"victory":false,"max_hp_per_floor":[83,83,83,83,83,83,83,83,83,83,83,83,83,83,83,83,83],"card_choices":[{"not_picked":["hermit:Snipe","hermit:Malice"],"picked":"hermit:Dive","floor":1},{"not_picked":["infinitespire:Punishment","infinitespire:Oblivion"],"picked":"infinitespire:Menacing","floor":2},{"not_picked":["hermit:ItchyTrigger","hermit:Shortfuse"],"picked":"hermit:Maintenance","floor":3},{"not_picked":["hermit:Showdown","hermit:Combo"],"picked":"hermit:Midnight","floor":6},{"not_picked":["hermit:Maintenance","hermit:WideOpen"],"picked":"hermit:Quickdraw","floor":8},{"not_picked":["hermit:Dive","hermit:HoleUp"],"picked":"hermit:FinalCanter","floor":13}],"player_experience":386034,"relics_obtained":[{"floor":6,"key":"infinitespire:PuzzleCube"},{"floor":8,"key":"ReplayTheSpireMod:Lightbulb"}],"event_choices":[{"damage_healed":0,"gold_gain":0,"player_choice":"Entered Light","damage_taken":17,"max_hp_gain":0,"max_hp_loss":0,"event_name":"Shining Light","floor":5,"gold_loss":0,"cards_upgraded":["hermit:Snapshot","Runesmith:Defend_RS"]}],"is_beta":false,"boss_relics":[],"items_purged_floors":[11],"is_endless":false,"potions_floor_spawned":[3,8,13],"killed_by":"Slime Boss","ascension_level":1}}