{"host":"j0vzbnzm6n2ctevn","time":1609243247,"event":{"mods":["AchievementEnabler","BaseMod","Minty Spire (QoL Compilation)","Quick Restart","Shop Mod","Spicy Shops","StSLib"],"gold_per_floor":[114,39,57,69,69,69,97,97,97,128,128,153,153,153,153,256,256,269,269,285,28,28,56,56,56,107,107,127,127,138,4,4,106,106,123,123,123,123,123,123,152,27,27,27,62,89,104,0,0,0],"floor_reached":51,"playtime":1773,"items_purged":["Strike_R","Strike_R","Strike_R"],"score":831,"play_id":"50647839-a9c6-43d2-a949-d307489e4510","local_time":"20201229200047","is_ascension_mode":true,"campfire_choices":[{"data":"Heavy Blade","floor":6.0,"key":"SMITH"},{"data":"Offering","floor":13.0,"key":"SMITH"},{"data":"Heavy Blade","floor":15.0,"key":"SMITH"},{"floor":25.0,"key":"REST"},{"data":"Bash","floor":27.0,"key":"SMITH"},{"data":"Wild Strike","floor":29.0,"key":"SMITH"},{"data":"Enlightenment","floor":32.0,"key":"SMITH"},{"data":"Limit Break","floor":40.0,"key":"SMITH"},{"data":"Flex","floor":44.0,"key":"SMITH"},{"floor":49,"key":"REST"}],"circlet_count":0,"master_deck":["Strike_R","Defend_R","Defend_R+1","Defend_R+1","Defend_R","Bash+1","Wild Strike+1","Heavy Blade+1","Heavy Blade+1","Offering+1","Flame Barrier","Demon Form","CurseOfTheBell","Clothesline+1","Shame","Double Tap","Warcry","Enlightenment+1","Flex+1","Limit Break+1","Madness","Dual Wield","Exhume"],"relics":["Mark of Pain","Paper Frog","Meat on the Bone","Lizard Tail","Vajra","Calling Bell","Bag of Preparation","Letter Opener","Pocketwatch","Anchor","WingedGreaves","Magic Flower","Omamori","War Paint","Sozu","Strawberry","StoneCalendar","Orichalcum","Pen Nib","Red Mask"],"acts_visited":["Exordium","TheCity","TheBeyond"],"potions_floor_usage":[50],"damage_taken":[{"damage":0.0,"enemies":"Cultist","floor":1.0,"turns":3.0},{"damage":2.0,"enemies":"Jaw Worm","floor":3.0,"turns":2.0},{"damage":0.0,"enemies":"Small Slimes","floor":4.0,"turns":2.0},{"damage":22.0,"enemies":"3 Sentries","floor":7.0,"turns":7.0},{"damage":19.0,"enemies":"Gremlin Nob","floor":10.0,"turns":3.0},{"damage":24.0,"enemies":"Lagavulin","floor":12.0,"turns":3.0},{"damage":12.0,"enemies":"Slime Boss","floor":16.0,"turns":4.0},{"damage":6.0,"enemies":"Chosen","floor":18.0,"turns":4.0},{"damage":0.0,"enemies":"2 Thieves","floor":19.0,"turns":1.0},{"damage":6.0,"enemies":"Snake Plant","floor":20.0,"turns":2.0},{"damage":53.0,"enemies":"Gremlin Leader","floor":23.0,"turns":5.0},{"damage":18.0,"enemies":"Cultist and Chosen","floor":28.0,"turns":6.0},{"damage":18.0,"enemies":"Centurion and Healer","floor":30.0,"turns":4.0},{"damage":54.0,"enemies":"Champ","floor":33.0,"turns":6.0},{"damage":13.0,"enemies":"3 Shapes","floor":35.0,"turns":3.0},{"damage":36.0,"enemies":"Nemesis","floor":41.0,"turns":3.0},{"damage":9,"enemies":"Reptomancer","floor":45,"turns":2},{"damage":4,"enemies":"Orb Walker","floor":47,"turns":4},{"damage":53,"enemies":"Awakened One","floor":50,"turns":7}],"seed_played":"-4723911471117291742","potions_obtained":[{"floor":10.0,"key":"SkillPotion"},{"floor":12.0,"key":"SmokeBomb"},{"floor":28.0,"key":"EssenceOfSteel"},{"floor":33.0,"key":"Explosive Potion"}],"is_trial":false,"path_per_floor":["M","$","M","M","?","R","E","$","T","E","?","E","R","?","R","B",null,"M","M","M","$","?","E","?","R","T","R","M","R","M","$","R","B",null,"M","$","?","?","$","R","E","$","T","R","E","T","M","?","R","B",null],"character_chosen":"IRONCLAD","items_purchased":["Anchor","WingedGreaves","Enlightenment","Flex"],"campfire_rested":2,"item_purchase_floors":[21,21,31,31],"current_hp_per_floor":[80,80,78,78,78,78,56,56,56,49,75,51,51,51,51,51,80,74,74,68,68,68,33,33,57,57,57,57,57,57,57,57,21,80,67,67,67,67,67,67,56,56,56,56,47,47,43,43,67,32],"gold":0,"neow_bonus":"BOSS_RELIC","is_daily":false,"chose_seed":false,"campfire_upgraded":8,"win_rate":0.0,"timestamp":1609243247,"path_taken":["M","?","M","M","?","R","E","?","T","E","?","E","R","?","R","BOSS","M","M","M","$","?","E","?","R","T","R","M","R","M","$","R","BOSS","M","$","?","?","?","R","E","$","T","R","E","?","?","?","R","BOSS"],"items_purchased_type":["Relic","Relic","Card","Card"],"build_version":"2020-12-22","purchased_purges":3,"victory":true,"max_hp_per_floor":[80,80,80,80,80,80,80,80,80,80,80,80,80,80,80,80,80,80,80,80,80,80,80,80,80,80,80,80,80,80,80,80,80,80,80,80,76,76,76,76,83,83,83,83,83,83,83,83,83,83],"card_choices":[{"not_picked":["Sentinel","Pommel Strike"],"picked":"Wild Strike","floor":1.0},{"not_picked":["Armaments","Uppercut"],"picked":"Heavy Blade","floor":3.0},{"not_picked":["Battle Trance","Feel No Pain"],"picked":"Heavy Blade","floor":4.0},{"not_picked":["Metallicize","Clash"],"picked":"Offering","floor":7.0},{"not_picked":["Havoc","Clothesline","Body Slam"],"picked":"SKIP","floor":10.0},{"not_picked":["Sword Boomerang","Feel No Pain"],"picked":"Flame Barrier","floor":12.0},{"not_picked":["Bludgeon","Feed"],"picked":"Demon Form","floor":16.0},{"not_picked":["Clothesline","Entrench","Evolve"],"picked":"SKIP","floor":18.0},{"not_picked":["Headbutt","Twin Strike"],"picked":"Clothesline+1","floor":20.0},{"not_picked":["Combust+1","Inflame"],"picked":"Double Tap","floor":23.0},{"not_picked":["Body Slam","Hemokinesis","Shrug It Off"],"picked":"SKIP","floor":28.0},{"not_picked":["Shrug It Off","Burning Pact+1"],"picked":"Warcry","floor":30.0},{"not_picked":["Feed","Berserk"],"picked":"Limit Break","floor":33.0},{"not_picked":["Armaments+1","Burning Pact+1","Pommel Strike+1"],"picked":"SKIP","floor":35.0},{"not_picked":["Dramatic Entrance","Good Instincts"],"picked":"Madness","floor":38.0},{"not_picked":["Sentinel","Burning Pact+1"],"picked":"Dual Wield","floor":41.0},{"not_picked":["Battle Trance","Fire Breathing+1"],"picked":"Exhume","floor":45},{"not_picked":["Thunderclap","Dual Wield","Second Wind+1"],"picked":"SKIP","floor":47}],"player_experience":57837,"relics_obtained":[{"floor":7.0,"key":"Paper Frog"},{"floor":9.0,"key":"Meat on the Bone"},{"floor":10.0,"key":"Lizard Tail"},{"floor":12.0,"key":"Vajra"},{"floor":17.0,"key":"Bag of Preparation"},{"floor":17.0,"key":"Letter Opener"},{"floor":17.0,"key":"Pocketwatch"},{"floor":23.0,"key":"Omamori"},{"floor":26.0,"key":"War Paint"},{"floor":41.0,"key":"Strawberry"},{"floor":43.0,"key":"StoneCalendar"},{"floor":45,"key":"Orichalcum"},{"floor":46,"key":"Pen Nib"}],"event_choices":[{"cards_removed":["Strike_R"],"damage_healed":0.0,"max_hp_gain":0.0,"max_hp_loss":0.0,"gold_gain":0.0,"event_name":"Living Wall","player_choice":"Forget","floor":5.0,"gold_loss":0.0,"damage_taken":0.0},{"damage_healed":26.0,"max_hp_gain":0.0,"max_hp_loss":0.0,"gold_gain":0.0,"event_name":"Big Fish","player_choice":"Banana","floor":11.0,"gold_loss":0.0,"damage_taken":0.0},{"damage_healed":0.0,"max_hp_gain":0.0,"max_hp_loss":0.0,"gold_gain":0.0,"event_name":"Liars Game","player_choice":"Ignored","floor":14.0,"gold_loss":0.0,"damage_taken":0.0},{"damage_healed":0.0,"max_hp_gain":0.0,"max_hp_loss":0.0,"gold_gain":0.0,"event_name":"Addict","player_choice":"Stole Relic","floor":22.0,"gold_loss":0.0,"damage_taken":0.0,"relics_obtained":["Magic Flower"],"cards_obtained":["Shame"]},{"damage_healed":0.0,"max_hp_gain":0.0,"max_hp_loss":0.0,"gold_gain":0.0,"event_name":"Vampires","player_choice":"Ignored","floor":24.0,"gold_loss":0.0,"damage_taken":0.0},{"damage_healed":0.0,"max_hp_gain":0.0,"max_hp_loss":4.0,"gold_gain":0.0,"event_name":"Winding Halls","player_choice":"Max HP","floor":37.0,"gold_loss":0.0,"damage_taken":0.0},{"damage_healed":0.0,"max_hp_gain":0.0,"max_hp_loss":0.0,"gold_gain":0.0,"event_name":"SensoryStone","player_choice":"Memory 1","floor":38.0,"gold_loss":0.0,"damage_taken":0.0},{"damage_healed":0,"gold_gain":0,"player_choice":"Paid","damage_taken":0,"relics_obtained":["Red Mask"],"max_hp_gain":0,"max_hp_loss":0,"event_name":"Tomb of Lord Red Mask","floor":48,"gold_loss":104}],"is_beta":false,"boss_relics":[{"not_picked":["Cursed Key","Pandora\u0027s Box"],"picked":"Calling Bell"},{"not_picked":["Runic Pyramid","Coffee Dripper"],"picked":"Sozu"}],"items_purged_floors":[2,21,42],"is_endless":false,"potions_floor_spawned":[10,12,19,28,33,41,45],"ascension_level":2}}