{"host":"pe0zhl1vvtkxuc0p","time":1609230246,"event":{"mods":["A Magickal Journey","AchievementEnabler","Act Like it!","BaseMod","Card Forge","CatGirl Mod","Challenge The Spire","Chen","Colored Powertips","Curses Come First","GifTheSpireLib","Glutton Mod","Gremlin Mod","Hunter 猎人","Infinite Spire","KinomotoSakuraMod(木之本樱)","Luminous","Minty Spire (QoL Compilation)","Pale of the Ancients","Quick Restart","Relic Filter","Shop Mod","Spikes Relics","StSLib","Stuff the Spire","SuperFastMode","Td1madao Mod","The Clintock","The Cursed","The Death Knight","The Druid","The Factory","The Florist","The Hayseed","The Hierophant","The Jungle","The Mystic","The Necromancer","The Sage","残留之物"],"gold_per_floor":[119,119,119,119,130,130,130,130],"floor_reached":7,"playtime":1034,"items_purged":[],"score":41,"play_id":"32537feb-2ce5-4400-bb79-7b5f04c66649","local_time":"20201229162406","is_ascension_mode":true,"campfire_choices":[{"floor":6,"key":"RECALL"}],"circlet_count":0,"master_deck":["theCatGirl:Strike","theCatGirl:Strike","theCatGirl:Strike","theCatGirl:Strike","theCatGirl:Defend","theCatGirl:Defend","theCatGirl:Defend","theCatGirl:Defend","theCatGirl:ClawStrike","theCatGirl:Evasion","theCatGirl:PilingErrors","theCatGirl:DefensiveStance","theCatGirl:HungerClaw"],"relics":["theCatGirl:TrainedRelic","Hammer of Thor","Seething Fire","Anvil of the Gods"],"acts_visited":["Exordium"],"potions_floor_usage":[7,7],"damage_taken":[{"damage":1,"enemies":"Small Slimes","floor":1,"turns":4},{"damage":0,"enemies":"2 Louse","floor":5,"turns":4},{"damage":56,"enemies":"3 Sentries","floor":7,"turns":11}],"seed_played":"3101669367363038953","potions_obtained":[{"floor":1,"key":"Regen Potion"},{"floor":4,"key":"DistilledChaos"},{"floor":4,"key":"Ancient Potion"}],"is_trial":false,"path_per_floor":["M","?","?","?","M","R","E"],"character_chosen":"THE_CATGIRL","items_purchased":[],"campfire_rested":0,"item_purchase_floors":[],"current_hp_per_floor":[69,74,74,74,74,74,33,33],"gold":130,"neow_bonus":"THREE_CARDS","is_daily":false,"chose_seed":false,"campfire_upgraded":0,"win_rate":0.0,"timestamp":1609230246,"path_taken":["M","?","?","?","?","R","E"],"items_purchased_type":[],"build_version":"2020-12-22","purchased_purges":0,"victory":false,"max_hp_per_floor":[70,75,75,75,75,75,75,75],"card_choices":[{"not_picked":["theCatGirl:EmergencyParry","theCatGirl:UnrelentingAssault"],"picked":"theCatGirl:PilingErrors","floor":0},{"not_picked":["theCatGirl:ElegantStrike","theCatGirl:RecoveryBlow"],"picked":"theCatGirl:DefensiveStance","floor":1},{"not_picked":["theCatGirl:Growl","theCatGirl:EmergencyParry"],"picked":"theCatGirl:HungerClaw","floor":5}],"player_experience":552458,"relics_obtained":[],"event_choices":[{"damage_healed":0,"gold_gain":0,"player_choice":"Donut","damage_taken":0,"max_hp_gain":5,"max_hp_loss":0,"event_name":"Big Fish","floor":2,"gold_loss":0},{"damage_healed":0,"gold_gain":0,"player_choice":"Ignored","damage_taken":0,"max_hp_gain":0,"max_hp_loss":0,"event_name":"Liars Game","floor":3,"gold_loss":0},{"damage_healed":0,"gold_gain":0,"player_choice":"Got Potions","damage_taken":0,"max_hp_gain":0,"max_hp_loss":0,"event_name":"Lab","floor":4,"gold_loss":0}],"is_beta":false,"boss_relics":[],"items_purged_floors":[],"is_endless":false,"potions_floor_spawned":[1],"killed_by":"3 Sentries","ascension_level":1}}