{"host":"kh6fvhxn285ncg0o","time":1609214190,"event":{"mods":["Act Like it!","BaseMod","Colored Map","Friendly Minions","Keyboard Shortcuts","Minty Spire (QoL Compilation)","Quick Restart","Relic Stats","StSLib","SuperFastMode"],"gold_per_floor":[360,376,376,2,21,46,46,77,77,103,103,118,118,129,129,203,203,222,236,236,236,267,295,295,325,325,78,78,111,123,141,141,218,218,271,281,281,292,304,332,332,367,417,469,485,511,511,531,531,531,591,591,591,40,67,67],"floor_reached":57,"playtime":3615,"items_purged":["Strike_R","Strike_R"],"score":3475,"play_id":"b55bd84e-8655-4e50-8457-23d35910ac33","local_time":"20201229125630","is_ascension_mode":true,"campfire_choices":[{"data":"Body Slam","floor":7.0,"key":"SMITH"},{"data":"Fire Breathing","floor":15.0,"key":"SMITH"},{"data":"Dark Embrace","floor":24,"key":"SMITH"},{"data":"Feel No Pain","floor":28,"key":"SMITH"},{"data":"True Grit","floor":32,"key":"SMITH"},{"data":"Rage","floor":47,"key":"SMITH"},{"floor":49,"key":"RECALL"},{"data":"Second Wind","floor":53,"key":"SMITH"}],"circlet_count":0,"master_deck":["AscendersBane","Defend_R","Defend_R","Defend_R","Defend_R","Bash","Second Wind+1","Body Slam+1","Dark Embrace+1","Shockwave","Shrug It Off","Seeing Red","Twin Strike","Fire Breathing+1","Corruption","Ghostly Armor","Disarm","Feel No Pain+1","Sentinel","Rage+1","True Grit+1","Feed","Shrug It Off+1","Madness","Madness","Shrug It Off","Shrug It Off+1","Shrug It Off+1","Ghostly Armor+1","Shrug It Off","Battle Trance"],"relics":["Burning Blood","Happy Flower","Toolbox","The Courier","Letter Opener","Meat on the Bone","Smiling Mask","Mark of Pain","Enchiridion","Red Mask","Ornamental Fan","Pantograph","TungstenRod","Centennial Puzzle","Akabeko","Runic Pyramid","Eternal Feather","Ice Cream","Bronze Scales","Self Forming Clay","OrangePellets","HornCleat","Champion Belt"],"acts_visited":["Exordium","TheCity","TheBeyond","TheEnding"],"potions_floor_usage":[23,23,39,55,56,56],"damage_taken":[{"damage":6.0,"enemies":"Cultist","floor":1.0,"turns":3.0},{"damage":4.0,"enemies":"Small Slimes","floor":2.0,"turns":4.0},{"damage":3.0,"enemies":"2 Louse","floor":5.0,"turns":3.0},{"damage":8.0,"enemies":"Lagavulin","floor":6.0,"turns":7.0},{"damage":19.0,"enemies":"3 Sentries","floor":8.0,"turns":10.0},{"damage":37.0,"enemies":"Gremlin Nob","floor":10.0,"turns":5.0},{"damage":0.0,"enemies":"Looter","floor":12.0,"turns":2.0},{"damage":0.0,"enemies":"Red Slaver","floor":14.0,"turns":3.0},{"damage":36.0,"enemies":"Hexaghost","floor":16.0,"turns":9.0},{"damage":38.0,"enemies":"3 Byrds","floor":18.0,"turns":5.0},{"damage":12.0,"enemies":"2 Thieves","floor":19.0,"turns":4.0},{"damage":2.0,"enemies":"Masked Bandits","floor":22.0,"turns":3.0},{"damage":24,"enemies":"Gremlin Leader","floor":23,"turns":4},{"damage":19,"enemies":"Book of Stabbing","floor":25,"turns":4},{"damage":0,"enemies":"Slavers","floor":29,"turns":4},{"damage":0,"enemies":"Centurion and Healer","floor":30,"turns":5},{"damage":0,"enemies":"Sentry and Sphere","floor":31,"turns":3},{"damage":4,"enemies":"Automaton","floor":33,"turns":3},{"damage":0,"enemies":"3 Shapes","floor":35,"turns":6},{"damage":4,"enemies":"Orb Walker","floor":36,"turns":2},{"damage":1,"enemies":"Transient","floor":38,"turns":6},{"damage":7,"enemies":"3 Darklings","floor":39,"turns":4},{"damage":0,"enemies":"Giant Head","floor":40,"turns":3},{"damage":0,"enemies":"Reptomancer","floor":42,"turns":5},{"damage":0,"enemies":"Nemesis","floor":44,"turns":1},{"damage":0,"enemies":"Maw","floor":45,"turns":2},{"damage":0,"enemies":"Giant Head","floor":46,"turns":3},{"damage":0,"enemies":"Writhing Mass","floor":48,"turns":7},{"damage":0,"enemies":"Time Eater","floor":50,"turns":5},{"damage":0,"enemies":"Awakened One","floor":51,"turns":10},{"damage":0,"enemies":"Shield and Spear","floor":55,"turns":3},{"damage":19,"enemies":"The Heart","floor":56,"turns":9}],"seed_played":"-6358885217598162352","potions_obtained":[{"floor":1.0,"key":"BloodPotion"},{"floor":6.0,"key":"Regen Potion"},{"floor":8.0,"key":"AttackPotion"},{"floor":10.0,"key":"Fruit Juice"},{"floor":16.0,"key":"DuplicationPotion"},{"floor":19.0,"key":"Dexterity Potion"},{"floor":22.0,"key":"SneckoOil"},{"floor":29,"key":"CultistPotion"},{"floor":30,"key":"Regen Potion"},{"floor":38,"key":"SkillPotion"},{"floor":44,"key":"Energy Potion"},{"floor":46,"key":"PowerPotion"},{"floor":55,"key":"Fruit Juice"}],"is_trial":false,"path_per_floor":["M","M","?","$","M","E","R","E","T","E","?","M","?","M","R","B",null,"M","M","?","?","?","E","R","E","T","$","R","E","M","M","R","B",null,"M","M","?","M","M","E","?","E","T","E","M","E","R","M","R","B","B",null,"R","$","E","B",null],"character_chosen":"IRONCLAD","items_purchased":["Dark Embrace","Happy Flower","Toolbox","Centennial Puzzle","Feel No Pain","OrangePellets","HornCleat","Swift Potion","Battle Trance","FearPotion","Fire Potion"],"campfire_rested":0,"item_purchase_floors":[4,4,4,27,27,54,54,54,54,54,54],"current_hp_per_floor":[50,52,57,57,60,58,58,60,60,57,50,56,56,62,62,49,76,56,50,29,29,45,39,39,38,38,38,38,56,62,68,68,85,85,88,88,73,78,91,94,94,97,97,97,97,97,97,97,97,97,97,97,97,97,97,89],"gold":67,"neow_bonus":"TWO_FIFTY_GOLD","is_daily":false,"chose_seed":false,"campfire_upgraded":7,"win_rate":0.0,"timestamp":1609214190,"path_taken":["M","?","?","$","M","E","R","E","T","E","?","M","?","M","R","BOSS","M","M","?","?","?","E","R","E","T","$","R","E","M","M","R","BOSS","M","M","?","M","M","E","?","E","T","E","?","E","R","M","R","BOSS","BOSS","R","$","E","BOSS"],"items_purchased_type":["Card","Relic","Relic","Relic","Card","Relic","Relic","Potion","Card","Potion","Potion"],"build_version":"2020-12-22","purchased_purges":2,"victory":true,"max_hp_per_floor":[75,75,80,80,80,80,80,80,80,80,80,80,80,80,80,85,85,85,85,85,85,85,85,85,85,85,85,85,85,85,85,85,85,85,88,88,88,88,91,94,94,97,97,97,97,97,97,97,97,97,97,97,97,97,97,102],"relic_stats":{"Happy Flower":[46],"counters":[32,147],"Self Forming Clay":[3],"Eternal Feather":0,"Letter Opener":[732],"Smiling Mask":40,"Burning Blood":127,"OrangePellets":[5],"Centennial Puzzle":[15],"Ornamental Fan":[96],"Pantograph":17,"Bronze Scales":[215],"Champion Belt":[2],"obtain_stats":[{"Ice Cream":42,"Happy Flower":4,"Self Forming Clay":46,"Enchiridion":20,"Eternal Feather":40,"The Courier":6,"Letter Opener":8,"Smiling Mask":10,"Burning Blood":0,"Akabeko":29,"OrangePellets":54,"Centennial Puzzle":27,"HornCleat":54,"Ornamental Fan":23,"Pantograph":25,"Bronze Scales":44,"Toolbox":4,"Mark of Pain":17,"Red Mask":22,"Champion Belt":55,"TungstenRod":26,"Meat on the Bone":9,"Runic Pyramid":34},{"Ice Cream":24,"Happy Flower":2,"Self Forming Clay":27,"Enchiridion":11,"Eternal Feather":23,"The Courier":4,"Letter Opener":5,"Smiling Mask":6,"Burning Blood":0,"Akabeko":15,"OrangePellets":30,"Centennial Puzzle":14,"HornCleat":30,"Ornamental Fan":13,"Pantograph":14,"Bronze Scales":25,"Toolbox":2,"Mark of Pain":9,"Red Mask":12,"Champion Belt":31,"TungstenRod":14,"Meat on the Bone":5,"Runic Pyramid":18},{"Ice Cream":107,"Happy Flower":7,"Self Forming Clay":113,"Enchiridion":55,"Eternal Feather":102,"The Courier":17,"Letter Opener":27,"Smiling Mask":32,"Burning Blood":0,"Akabeko":70,"OrangePellets":135,"Centennial Puzzle":66,"HornCleat":135,"Ornamental Fan":62,"Pantograph":66,"Bronze Scales":108,"Toolbox":7,"Mark of Pain":46,"Red Mask":58,"Champion Belt":138,"TungstenRod":66,"Meat on the Bone":27,"Runic Pyramid":81}],"TungstenRod":15,"Meat on the Bone":84},"card_choices":[{"not_picked":["Power Through","True Grit"],"picked":"Second Wind","floor":1.0},{"not_picked":["Flex","Blood for Blood"],"picked":"Body Slam","floor":2.0},{"not_picked":["Combust","True Grit"],"picked":"Shockwave","floor":5.0},{"not_picked":["Inflame","Bloodletting"],"picked":"Shrug It Off","floor":6.0},{"not_picked":["Armaments","Twin Strike","Inflame"],"picked":"SKIP","floor":8.0},{"not_picked":["Clothesline","Double Tap","Body Slam"],"picked":"SKIP","floor":10.0},{"not_picked":["Clothesline","Double Tap","Body Slam"],"picked":"SKIP","floor":10.0},{"not_picked":["Spot Weakness","Reckless Charge"],"picked":"Seeing Red","floor":12.0},{"not_picked":["Heavy Blade","Pommel Strike"],"picked":"Fire Breathing","floor":14.0},{"not_picked":["Reaper","Limit Break"],"picked":"Corruption","floor":16.0},{"not_picked":["Clash","Shockwave","Inflame"],"picked":"SKIP","floor":18.0},{"not_picked":["Rupture","Clothesline","Rampage"],"picked":"SKIP","floor":19.0},{"not_picked":["Armaments","Sword Boomerang"],"picked":"Ghostly Armor","floor":22.0},{"not_picked":["Bloodletting","Pummel"],"picked":"Disarm","floor":23},{"not_picked":["Hemokinesis","Warcry","Sever Soul"],"picked":"SKIP","floor":25},{"not_picked":["Armaments","Metallicize"],"picked":"Sentinel","floor":29},{"not_picked":["Perfected Strike","Shrug It Off"],"picked":"Rage","floor":30},{"not_picked":["Body Slam","Anger"],"picked":"True Grit","floor":31},{"not_picked":["Brutality","Exhume"],"picked":"Feed","floor":33},{"not_picked":["Headbutt","Feel No Pain+1"],"picked":"Reckless Charge+1","floor":35},{"not_picked":["Twin Strike","Anger+1"],"picked":"Shrug It Off+1","floor":36},{"not_picked":["Rampage","True Grit","Heavy Blade"],"picked":"SKIP","floor":38},{"not_picked":["Rampage","True Grit","Heavy Blade"],"picked":"SKIP","floor":38},{"not_picked":["Pummel+1","Clothesline","Sword Boomerang"],"picked":"SKIP","floor":39},{"not_picked":["Ghostly Armor","Second Wind"],"picked":"Shrug It Off","floor":40},{"not_picked":["Carnage","Iron Wave"],"picked":"Shrug It Off+1","floor":42},{"not_picked":["Armaments+1","Sever Soul"],"picked":"Shrug It Off+1","floor":44},{"not_picked":["Carnage","Clothesline+1","Thunderclap+1"],"picked":"SKIP","floor":45},{"not_picked":["Feed","Ghostly Armor+1","Flex"],"picked":"SKIP","floor":46},{"not_picked":["Feed","Flex"],"picked":"Ghostly Armor+1","floor":46},{"not_picked":["Thunderclap","Hemokinesis"],"picked":"Shrug It Off","floor":48},{"not_picked":["Thunderclap","Perfected Strike","Havoc"],"picked":"SKIP","floor":55}],"player_experience":3299737,"relics_obtained":[{"floor":6.0,"key":"The Courier"},{"floor":8.0,"key":"Letter Opener"},{"floor":9.0,"key":"Meat on the Bone"},{"floor":10.0,"key":"Smiling Mask"},{"floor":20.0,"key":"Enchiridion"},{"floor":22.0,"key":"Red Mask"},{"floor":23,"key":"Ornamental Fan"},{"floor":25,"key":"Pantograph"},{"floor":26,"key":"TungstenRod"},{"floor":29,"key":"Akabeko"},{"floor":40,"key":"Eternal Feather"},{"floor":42,"key":"Ice Cream"},{"floor":44,"key":"Bronze Scales"},{"floor":46,"key":"Self Forming Clay"},{"floor":55,"key":"Champion Belt"}],"event_choices":[{"damage_healed":0.0,"max_hp_gain":5.0,"max_hp_loss":0.0,"gold_gain":0.0,"event_name":"Big Fish","player_choice":"Donut","floor":3.0,"gold_loss":0.0,"damage_taken":0.0},{"cards_removed":["Strike_R"],"damage_healed":0.0,"max_hp_gain":0.0,"max_hp_loss":0.0,"gold_gain":0.0,"event_name":"Golden Wing","player_choice":"Card Removal","floor":11.0,"gold_loss":0.0,"damage_taken":7.0},{"damage_healed":0.0,"max_hp_gain":0.0,"max_hp_loss":0.0,"gold_gain":0.0,"cards_transformed":["Strike_R"],"event_name":"Transmorgrifier","player_choice":"Transformed","floor":13.0,"gold_loss":0.0,"damage_taken":0.0,"cards_obtained":["Twin Strike"]},{"damage_healed":0.0,"max_hp_gain":0.0,"max_hp_loss":0.0,"gold_gain":0.0,"event_name":"Cursed Tome","player_choice":"Obtained Book","floor":20.0,"gold_loss":0.0,"damage_taken":21.0},{"cards_removed":["Strike_R"],"damage_healed":0.0,"max_hp_gain":0.0,"max_hp_loss":0.0,"gold_gain":0.0,"event_name":"Back to Basics","player_choice":"Elegance","floor":21.0,"gold_loss":0.0,"damage_taken":0.0},{"damage_healed":0.0,"max_hp_gain":0.0,"max_hp_loss":0.0,"gold_gain":0.0,"event_name":"Masked Bandits","player_choice":"Fought Bandits","floor":22.0,"gold_loss":0.0,"damage_taken":0.0},{"damage_healed":0,"gold_gain":0,"player_choice":"Embrace Madness","damage_taken":16,"max_hp_gain":0,"max_hp_loss":0,"event_name":"Winding Halls","floor":37,"gold_loss":0,"cards_obtained":["Madness","Madness"]},{"cards_removed":["Reckless Charge"],"damage_healed":0,"gold_gain":0,"player_choice":"Removed Attack","damage_taken":0,"max_hp_gain":0,"max_hp_loss":0,"event_name":"Falling","floor":41,"gold_loss":0}],"is_beta":false,"boss_relics":[{"not_picked":["Empty Cage","Velvet Choker"],"picked":"Mark of Pain"},{"not_picked":["Coffee Dripper","Philosopher\u0027s Stone"],"picked":"Runic Pyramid"}],"items_purged_floors":[27,54],"is_endless":false,"potions_floor_spawned":[1,6,8,10,16,19,22,29,30,33,38,44,45,46,55],"ascension_level":20}}