{"host":"8qb550oiisecbnz6","time":1609281070,"event":{"mods":["AchievementEnabler","BaseMod","Colored Map","Colored Powertips","Minty Spire (QoL Compilation)","Quick Restart","StSLib"],"gold_per_floor":[118,118,43,218,218,218,243,253,253,268,349,362,114,146,146,244,244,256,256,268,116,136,167,167,199,225,225,225],"floor_reached":27,"playtime":1234,"items_purged":["Strike_R","Doubt"],"score":355,"play_id":"2ab2b502-83e1-4feb-9318-b608c3992022","local_time":"20201229233110","is_ascension_mode":true,"campfire_choices":[{"data":"Cleave","floor":6,"key":"SMITH"},{"data":"Armaments","floor":15,"key":"SMITH"}],"circlet_count":0,"master_deck":["Strike_R+1","Strike_R+1","Strike_R+1","Defend_R+1","Defend_R+1","Defend_R+1","Defend_R+1","Bash","Cleave+1","Iron Wave","Whirlwind+1","Armaments+1","Disarm","Juggernaut","Inflame","Rampage"],"relics":["Burning Blood","NeowsBlessing","MealTicket","Du-Vu Doll","Whetstone","Bag of Marbles","Strawberry","Runic Pyramid","HandDrill","Bronze Scales","MutagenicStrength","Mercury Hourglass","Red Skull"],"acts_visited":["Exordium","TheCity"],"potions_floor_usage":[16,23,25,27],"damage_taken":[{"damage":0,"enemies":"Small Slimes","floor":1,"turns":1},{"damage":0,"enemies":"Lagavulin","floor":7,"turns":1},{"damage":0,"enemies":"Jaw Worm","floor":8,"turns":1},{"damage":2,"enemies":"2 Louse","floor":10,"turns":2},{"damage":7,"enemies":"Looter","floor":12,"turns":3},{"damage":20,"enemies":"3 Sentries","floor":14,"turns":6},{"damage":17,"enemies":"The Guardian","floor":16,"turns":17},{"damage":7,"enemies":"3 Byrds","floor":18,"turns":4},{"damage":23,"enemies":"Spheric Guardian","floor":20,"turns":6},{"damage":6,"enemies":"Snecko","floor":22,"turns":5},{"damage":51,"enemies":"Book of Stabbing","floor":23,"turns":7},{"damage":28,"enemies":"Slavers","floor":25,"turns":7},{"damage":17,"enemies":"Shelled Parasite and Fungi","floor":27,"turns":1}],"seed_played":"-8898098720848583973","potions_obtained":[{"floor":8,"key":"Explosive Potion"},{"floor":10,"key":"Block Potion"},{"floor":14,"key":"Explosive Potion"},{"floor":22,"key":"AttackPotion"},{"floor":23,"key":"PowerPotion"}],"is_trial":false,"path_per_floor":["M","?","$","?","?","R","E","M","T","M","T","M","$","E","R","B",null,"M","?","M","$","M","E","?","E","T","M"],"character_chosen":"IRONCLAD","items_purchased":["Bag of Marbles","HandDrill"],"campfire_rested":0,"item_purchase_floors":[13,21],"current_hp_per_floor":[80,73,73,73,55,55,61,67,67,71,71,70,80,73,73,62,81,80,80,63,78,78,33,33,11,11,0,0],"gold":225,"neow_bonus":"THREE_ENEMY_KILL","is_daily":false,"chose_seed":false,"campfire_upgraded":2,"win_rate":0.0,"timestamp":1609281070,"path_taken":["M","?","$","?","?","R","E","M","T","M","?","M","$","E","R","BOSS","M","?","M","$","M","E","?","E","T","M"],"items_purchased_type":["Relic","Relic"],"build_version":"2020-12-22","purchased_purges":2,"victory":false,"max_hp_per_floor":[80,80,80,80,80,80,80,80,80,80,80,80,80,87,87,87,87,87,87,87,87,87,87,87,87,87,87,87],"card_choices":[{"not_picked":["Clothesline","Disarm"],"picked":"Cleave","floor":1},{"not_picked":["Shrug It Off","Burning Pact"],"picked":"Iron Wave","floor":7},{"not_picked":["Clash","Warcry"],"picked":"Whirlwind","floor":8},{"not_picked":["Cleave","Iron Wave"],"picked":"Armaments","floor":10},{"not_picked":["Second Wind","Combust","Evolve"],"picked":"SKIP","floor":12},{"not_picked":["Uppercut","Wild Strike"],"picked":"Disarm","floor":14},{"not_picked":["Corruption","Exhume"],"picked":"Juggernaut","floor":16},{"not_picked":["Twin Strike","Wild Strike"],"picked":"Inflame","floor":18},{"not_picked":["Clash+1","Shrug It Off+1","Clothesline"],"picked":"SKIP","floor":20},{"not_picked":["Blood for Blood","Thunderclap","Armaments"],"picked":"SKIP","floor":22},{"not_picked":["True Grit","Warcry"],"picked":"Rampage","floor":23},{"not_picked":["Brutality","Combust","Flex"],"picked":"SKIP","floor":25}],"player_experience":419161,"relics_obtained":[{"floor":7,"key":"Du-Vu Doll"},{"floor":9,"key":"Whetstone"},{"floor":14,"key":"Strawberry"},{"floor":23,"key":"Bronze Scales"},{"floor":25,"key":"Mercury Hourglass"},{"floor":26,"key":"Red Skull"}],"event_choices":[{"cards_removed":["Strike_R"],"damage_healed":0,"gold_gain":0,"player_choice":"Card Removal","damage_taken":7,"max_hp_gain":0,"max_hp_loss":0,"event_name":"Golden Wing","floor":2,"gold_loss":0},{"damage_healed":0,"gold_gain":175,"player_choice":"AGREE","damage_taken":0,"max_hp_gain":0,"max_hp_loss":0,"event_name":"Liars Game","floor":4,"gold_loss":0,"cards_obtained":["Doubt"]},{"damage_healed":0,"gold_gain":0,"player_choice":"Success","damage_taken":18,"relics_obtained":["MealTicket"],"max_hp_gain":0,"max_hp_loss":0,"event_name":"Scrap Ooze","floor":5,"gold_loss":0},{"damage_healed":0,"gold_gain":0,"player_choice":"Simplicity","damage_taken":0,"max_hp_gain":0,"max_hp_loss":0,"event_name":"Back to Basics","floor":19,"gold_loss":0,"cards_upgraded":["Strike_R","Strike_R","Defend_R","Defend_R","Defend_R","Defend_R"]},{"damage_healed":0,"gold_gain":0,"player_choice":"Inject Mutagens","damage_taken":0,"relics_obtained":["MutagenicStrength"],"max_hp_gain":0,"max_hp_loss":0,"event_name":"Drug Dealer","floor":24,"gold_loss":0}],"is_beta":false,"boss_relics":[{"not_picked":["Fusion Hammer","Empty Cage"],"picked":"Runic Pyramid"}],"items_purged_floors":[3,13],"is_endless":false,"potions_floor_spawned":[8,10,14,22,23],"killed_by":"Shelled Parasite and Fungi","ascension_level":5}}