{"host":"0ydzwspkajt4brzd","time":1609227873,"event":{"mods":["AchievementEnabler","BaseMod","Colored Map","DeckTracker","Googly Eyes","Highlight Path","Minty Spire (QoL Compilation)","Quick Restart","Random Character Button","Rare Cards Sparkle"],"gold_per_floor":[117,192,208,221,33,33,62,62,62,12,12,12,47,0,0,103,103,115,127,145,164,184,184,109,109,134,34,34,34,44,56,56,56,56],"floor_reached":33,"playtime":1426,"items_purged":["Strike_R","Defend_R"],"score":370,"play_id":"a36ac094-6ef6-43e9-aa7d-8e8b1284f2c1","local_time":"20201228234433","is_ascension_mode":true,"campfire_choices":[{"data":"Apotheosis","floor":6.0,"key":"SMITH"},{"floor":8.0,"key":"REST"},{"data":"Bash","floor":12.0,"key":"SMITH"},{"data":"Cleave","floor":15.0,"key":"SMITH"},{"data":"Shrug It Off","floor":23.0,"key":"SMITH"},{"data":"Shrug It Off","floor":28.0,"key":"SMITH"},{"floor":32,"key":"REST"}],"circlet_count":0,"master_deck":["Strike_R","Strike_R","Defend_R","Defend_R","Defend_R","Bash+1","Cleave+1","Iron Wave","Apotheosis+1","Clothesline","Spot Weakness","Shrug It Off+1","Double Tap","Whirlwind+1","Pommel Strike+1","Shrug It Off+1"],"relics":["Burning Blood","Anchor","Gremlin Horn","Regal Pillow","SlaversCollar","Matryoshka","Pear","Bag of Preparation"],"acts_visited":["Exordium","TheCity"],"potions_floor_usage":[],"damage_taken":[{"damage":4.0,"enemies":"Small Slimes","floor":1.0,"turns":5.0},{"damage":6.0,"enemies":"Jaw Worm","floor":3.0,"turns":5.0},{"damage":5.0,"enemies":"Cultist","floor":4.0,"turns":4.0},{"damage":17.0,"enemies":"Lagavulin","floor":7.0,"turns":6.0},{"damage":10.0,"enemies":"Gremlin Nob","floor":13.0,"turns":3.0},{"damage":49.0,"enemies":"Slime Boss","floor":16.0,"turns":12.0},{"damage":26.0,"enemies":"Spheric Guardian","floor":18.0,"turns":5.0},{"damage":0.0,"enemies":"3 Byrds","floor":19.0,"turns":4.0},{"damage":16.0,"enemies":"Sentry and Sphere","floor":20.0,"turns":5.0},{"damage":2.0,"enemies":"Cultist and Chosen","floor":21.0,"turns":6.0},{"damage":40.0,"enemies":"Snake Plant","floor":22.0,"turns":6.0},{"damage":0,"enemies":"Snecko","floor":30,"turns":3},{"damage":11,"enemies":"Cultist and Chosen","floor":31,"turns":5},{"damage":70,"enemies":"Champ","floor":33,"turns":11}],"seed_played":"7818885307634644452","potions_obtained":[{"floor":4.0,"key":"BlessingOfTheForge"},{"floor":7.0,"key":"HeartOfIron"},{"floor":16.0,"key":"Ancient Potion"},{"floor":22.0,"key":"BlessingOfTheForge"}],"is_trial":false,"path_per_floor":["M","?","M","M","$","R","E","R","T","?","T","R","E","$","R","B",null,"M","M","M","M","M","R","$","T","T","$","R","?","M","M","R","B"],"character_chosen":"IRONCLAD","items_purchased":["Apotheosis","Shrug It Off"],"campfire_rested":2,"item_purchase_floors":[5,14],"current_hp_per_floor":[74,63,63,64,64,64,53,77,77,77,77,77,73,73,73,30,68,48,54,44,48,14,14,14,14,24,24,24,24,30,25,67,0,0],"gold":56,"neow_bonus":"REMOVE_CARD","is_daily":false,"chose_seed":false,"campfire_upgraded":5,"win_rate":0.0,"timestamp":1609227873,"path_taken":["M","?","M","M","$","R","E","R","T","?","?","R","E","$","R","BOSS","M","M","?","M","M","R","$","?","T","?","R","?","M","M","R","BOSS"],"items_purchased_type":["Card","Card"],"build_version":"2020-12-22","purchased_purges":2,"victory":false,"max_hp_per_floor":[80,80,80,80,80,80,80,80,80,80,80,80,80,80,80,80,80,80,80,80,80,80,80,80,80,90,90,90,90,90,90,90,90,90],"card_choices":[{"not_picked":["Clash","Thunderclap"],"picked":"Cleave","floor":1.0},{"not_picked":["Flex","Clothesline"],"picked":"Iron Wave","floor":3.0},{"not_picked":["Armaments","Cleave","Warcry"],"picked":"SKIP","floor":4.0},{"not_picked":["Perfected Strike","Berserk"],"picked":"Clothesline","floor":7.0},{"not_picked":["Heavy Blade","Anger"],"picked":"Spot Weakness","floor":13.0},{"not_picked":["Feed","Brutality"],"picked":"Double Tap","floor":16.0},{"not_picked":["Body Slam","Cleave"],"picked":"Whirlwind+1","floor":18.0},{"not_picked":["Cleave+1","Wild Strike","Rupture"],"picked":"SKIP","floor":19.0},{"not_picked":["Thunderclap+1","Twin Strike"],"picked":"Pommel Strike+1","floor":20.0},{"not_picked":["Pommel Strike","Dual Wield","Anger"],"picked":"SKIP","floor":21.0},{"not_picked":["Warcry+1","Cleave"],"picked":"Shrug It Off","floor":22.0},{"not_picked":["Second Wind","Whirlwind","Perfected Strike"],"picked":"SKIP","floor":30},{"not_picked":["Rupture","Dual Wield","Fiend Fire"],"picked":"SKIP","floor":31}],"player_experience":360978,"relics_obtained":[{"floor":7.0,"key":"Anchor"},{"floor":11.0,"key":"Gremlin Horn"},{"floor":13.0,"key":"Regal Pillow"},{"floor":25.0,"key":"Matryoshka"},{"floor":26.0,"key":"Pear"},{"floor":26.0,"key":"Bag of Preparation"}],"event_choices":[{"damage_healed":0.0,"max_hp_gain":0.0,"max_hp_loss":0.0,"gold_gain":75.0,"event_name":"World of Goop","player_choice":"Gather Gold","floor":2.0,"gold_loss":0.0,"damage_taken":11.0},{"cards_removed":["Strike_R"],"damage_healed":0.0,"max_hp_gain":0.0,"max_hp_loss":0.0,"gold_gain":0.0,"event_name":"The Cleric","player_choice":"Card Removal","floor":10.0,"gold_loss":50.0,"damage_taken":0.0},{"damage_healed":0.0,"max_hp_gain":0.0,"max_hp_loss":0.0,"gold_gain":0.0,"event_name":"Vampires","player_choice":"Ignored","floor":29.0,"gold_loss":0.0,"damage_taken":0.0}],"is_beta":false,"boss_relics":[{"not_picked":["Empty Cage","Runic Pyramid"],"picked":"SlaversCollar"}],"items_purged_floors":[24,27],"is_endless":false,"potions_floor_spawned":[4,7,16,20,21,22,31],"killed_by":"Champ","ascension_level":9}}