{"host":"1c52r9kaxdyo25eq","time":1609208549,"event":{"mods":["AchievementEnabler","BaseMod","Minty Spire (QoL Compilation)","Rare Cards Sparkle","SuperFastMode","everything is the same but u backflip on backflip"],"gold_per_floor":[113,127,127,127,127,127,152,168,241,241,257,274,274,354,354,432,432,451,469,469,485,257,257,275,325,377,377,377],"floor_reached":27,"playtime":599,"items_purged":["Strike_G"],"score":476,"play_id":"9fbc75de-029f-4fa3-895a-5df24bc9b722","local_time":"20201229112229","is_ascension_mode":true,"campfire_choices":[{"data":"Tactician","floor":6.0,"key":"SMITH"},{"data":"Flechettes","floor":10.0,"key":"SMITH"},{"floor":13.0,"key":"REST"},{"data":"Bouncing Flask","floor":15.0,"key":"SMITH"},{"floor":23.0,"key":"REST"}],"circlet_count":0,"master_deck":["AscendersBane","Strike_G","Strike_G","Strike_G","Defend_G","Defend_G","Defend_G","Defend_G","Defend_G","Survivor","Neutralize","Flechettes+1","Prepared","Backflip","Acrobatics","Tactician+1","Noxious Fumes","Bouncing Flask+1","Wraith Form v2","Grand Finale","Well Laid Plans","Acrobatics","Adrenaline","Backflip"],"relics":["Ring of the Snake","NeowsBlessing","Smiling Mask","Question Card","Ninja Scroll","HoveringKite","PreservedInsect"],"acts_visited":["Exordium","TheCity"],"potions_floor_usage":[24],"damage_taken":[{"damage":0.0,"enemies":"Cultist","floor":1.0,"turns":1.0},{"damage":0.0,"enemies":"Small Slimes","floor":2.0,"turns":1.0},{"damage":0.0,"enemies":"Lagavulin","floor":7.0,"turns":1.0},{"damage":2.0,"enemies":"Jaw Worm","floor":8.0,"turns":4.0},{"damage":29.0,"enemies":"Large Slime","floor":11.0,"turns":8.0},{"damage":14.0,"enemies":"Exordium Wildlife","floor":12.0,"turns":5.0},{"damage":20.0,"enemies":"The Guardian","floor":16.0,"turns":9.0},{"damage":3.0,"enemies":"Spheric Guardian","floor":18.0,"turns":4.0},{"damage":9.0,"enemies":"2 Thieves","floor":19.0,"turns":4.0},{"damage":12.0,"enemies":"Snecko","floor":21.0,"turns":6.0},{"damage":20,"enemies":"Sentry and Sphere","floor":24,"turns":6},{"damage":0,"enemies":"Shelled Parasite and Fungi","floor":27,"turns":1}],"seed_played":"-4581275977136743578","potions_obtained":[{"floor":1.0,"key":"Poison Potion"},{"floor":8.0,"key":"SpeedPotion"},{"floor":11.0,"key":"EssenceOfSteel"},{"floor":18.0,"key":"PowerPotion"}],"is_trial":false,"path_per_floor":["M","M","?","?","?","R","E","M","T","R","M","M","R","T","R","B",null,"M","M","?","M","$","R","M","?","T","M"],"character_chosen":"THE_SILENT","items_purchased":["Adrenaline"],"campfire_rested":2,"item_purchase_floors":[22],"current_hp_per_floor":[59,59,59,64,64,64,64,62,62,62,33,19,40,40,40,20,58,55,46,26,14,14,36,16,16,16,16,16],"gold":377,"neow_bonus":"THREE_ENEMY_KILL","is_daily":false,"chose_seed":false,"campfire_upgraded":3,"win_rate":0.0,"timestamp":1609208549,"path_taken":["M","M","?","?","?","R","E","M","T","R","?","M","R","?","R","BOSS","M","M","?","M","$","R","M","?","T","M"],"items_purchased_type":["Card"],"build_version":"2020-12-22","purchased_purges":1,"victory":false,"max_hp_per_floor":[66,66,66,71,71,71,71,71,71,71,71,71,71,71,71,71,71,71,71,76,76,76,76,76,76,76,76,76],"card_choices":[{"not_picked":["Accuracy","Cloak And Dagger"],"picked":"Flechettes","floor":1.0},{"not_picked":["Flying Knee","Accuracy"],"picked":"Prepared","floor":2.0},{"not_picked":["Terror","All Out Attack","Sucker Punch"],"picked":"SKIP","floor":7.0},{"not_picked":["Quick Slash","Slice"],"picked":"Noxious Fumes","floor":8.0},{"not_picked":["Backstab","Underhanded Strike","Backflip"],"picked":"Bouncing Flask","floor":11.0},{"not_picked":["Acrobatics","Dagger Spray","Outmaneuver"],"picked":"Wraith Form v2","floor":12.0},{"not_picked":["Wraith Form v2","Envenom","Storm of Steel"],"picked":"Grand Finale","floor":16.0},{"not_picked":["Outmaneuver","Dodge and Roll","Dagger Throw"],"picked":"Well Laid Plans","floor":18.0},{"not_picked":["Caltrops","Well Laid Plans","Quick Slash","Cloak And Dagger+1"],"picked":"SKIP","floor":19.0},{"not_picked":["Sucker Punch","Cloak And Dagger","Caltrops"],"picked":"Acrobatics","floor":21.0},{"not_picked":["Corpse Explosion","PiercingWail","Flying Knee"],"picked":"Backflip","floor":24}],"player_experience":525977,"relics_obtained":[{"floor":7.0,"key":"Smiling Mask"},{"floor":9.0,"key":"Question Card"},{"floor":14.0,"key":"Ninja Scroll"},{"floor":26,"key":"PreservedInsect"}],"event_choices":[{"damage_healed":0.0,"max_hp_gain":0.0,"max_hp_loss":0.0,"gold_gain":0.0,"cards_transformed":["Strike_G"],"event_name":"Living Wall","player_choice":"Change","floor":3.0,"gold_loss":0.0,"damage_taken":0.0,"cards_obtained":["Backflip"]},{"damage_healed":0.0,"max_hp_gain":5.0,"max_hp_loss":0.0,"gold_gain":0.0,"event_name":"Big Fish","player_choice":"Donut","floor":4.0,"gold_loss":0.0,"damage_taken":0.0},{"damage_healed":0.0,"max_hp_gain":0.0,"max_hp_loss":0.0,"gold_gain":0.0,"event_name":"Match and Keep!","player_choice":"2 cards matched","floor":5.0,"gold_loss":0.0,"damage_taken":0.0,"cards_obtained":["Acrobatics","Tactician"]},{"damage_healed":0.0,"max_hp_gain":5.0,"max_hp_loss":0.0,"gold_gain":0.0,"event_name":"Forgotten Altar","player_choice":"Shed Blood","floor":20.0,"gold_loss":0.0,"damage_taken":25.0},{"damage_healed":0,"gold_gain":50,"player_choice":"Stole From Cult","damage_taken":0,"max_hp_gain":0,"max_hp_loss":0,"event_name":"Nest","floor":25,"gold_loss":0}],"is_beta":false,"boss_relics":[{"not_picked":["Velvet Choker","Snecko Eye"],"picked":"HoveringKite"}],"items_purged_floors":[22],"is_endless":false,"potions_floor_spawned":[1,8,11,18],"killed_by":"Shelled Parasite and Fungi","ascension_level":20}}