{"host":"5fasz840ryq7obdf","time":1609281181,"event":{"mods":["AchievementEnabler","BaseMod","Bestiary","Better Altar","Better Skull","Better Third Choice","BetterRewards","Block Reminder","Colored Powertips","Curses Come First","Highlight Path","Minty Spire (QoL Compilation)","Quick Restart","Rare Cards Sparkle","Relic Sorter","Relic Stats","Shop Mod","Slay-I","Spicy Shops","StSLib","SuperFastMode"],"gold_per_floor":[111,386,399,1,13,13,45,55,55,85,85,85,99,127,127,198,198,211,211,230,230,70,99,99,127,127,137,167,181,216,16,16,89,89,105,118,93,93,113,139,164,196,196,196,225,243,243,0,0,0,0,0,0,0,35,35],"floor_reached":57,"playtime":5490,"items_purged":["Regret"],"score":4097,"play_id":"4f6c108b-38c2-4416-9c37-52eb2454d530","local_time":"20201229223301","is_ascension_mode":true,"campfire_choices":[{"floor":6.0,"key":"REST"},{"data":"Vault","floor":12.0,"key":"SMITH"},{"data":"Eruption","floor":15.0,"key":"SMITH"},{"data":"Vault","floor":24.0,"key":"SMITH"},{"data":"Dramatic Entrance","floor":32.0,"key":"SMITH"},{"data":"CrushJoints","floor":44.0,"key":"SMITH"},{"floor":47.0,"key":"RECALL"},{"data":"Wallop","floor":49.0,"key":"SMITH"},{"data":"Nirvana","floor":53.0,"key":"SMITH"}],"circlet_count":0,"master_deck":["AscendersBane","Eruption+1","Vigilance+1","ThirdEye+1","Wireheading+1","TalkToTheHand+1","LessonLearned+1","Nirvana+1","WreathOfFlame+1","FlurryOfBlows","ThirdEye+1","Wireheading","Dramatic Entrance+1","EmptyBody+1","SashWhip","Sanctity","Tantrum+1","Consecrate","Adaptation","Swivel","JustLucky+1","Vault+1","DeceiveReality+1","DeusExMachina+1","WheelKick+1","Vault+1","WaveOfTheHand+1","JustLucky","ThirdEye+1","Wireheading+1","MentalFortress+1","DeceiveReality+1","Establishment+1","SpiritShield+1","FlurryOfBlows+1","Wallop+1","EmptyBody","JustLucky","Scrawl+1","Evaluate+1","CarveReality","Worship","Devotion+1","EmptyMind","Prostrate","SandsOfTime","CutThroughFate+1","Wallop+1","Protect+1","ThirdEye","BattleHymn+1","ConjureBlade","CrushJoints+1","Brilliance","Scrawl","Halt+1"],"relics":["PureWater","SlaversCollar","Sundial","Kunai","Bird Faced Urn","Oddly Smooth Stone","GoldenEye","Mummified Hand","TeardropLocket","Akabeko","Bag of Marbles","Damaru","Sling","Regal Pillow","Bottled Flame","Matryoshka","Mercury Hourglass","Dream Catcher","PreservedInsect","Singing Bowl","Frozen Egg 2","Yang","Vajra","Question Card","Orrery","Pandora\u0027s Box","Darkstone Periapt","Juzu Bracelet","Smiling Mask","Anchor","Red Mask","Pantograph"],"acts_visited":["Exordium","TheCity","TheBeyond","TheEnding"],"potions_floor_usage":[56,56],"damage_taken":[{"damage":0.0,"enemies":"2 Louse","floor":1.0,"turns":2.0},{"damage":0.0,"enemies":"Cultist","floor":3.0,"turns":3.0},{"damage":3.0,"enemies":"Jaw Worm","floor":5.0,"turns":3.0},{"damage":0.0,"enemies":"Gremlin Nob","floor":7.0,"turns":2.0},{"damage":0.0,"enemies":"Large Slime","floor":8.0,"turns":3.0},{"damage":0.0,"enemies":"Lagavulin","floor":10.0,"turns":3.0},{"damage":0.0,"enemies":"Exordium Wildlife","floor":13.0,"turns":3.0},{"damage":0.0,"enemies":"Gremlin Nob","floor":14.0,"turns":3.0},{"damage":0.0,"enemies":"Slime Boss","floor":16.0,"turns":5.0},{"damage":0.0,"enemies":"Chosen","floor":18.0,"turns":2.0},{"damage":0.0,"enemies":"Spheric Guardian","floor":20.0,"turns":3.0},{"damage":8.0,"enemies":"Slavers","floor":23.0,"turns":4.0},{"damage":0.0,"enemies":"Book of Stabbing","floor":25.0,"turns":1.0},{"damage":0.0,"enemies":"3 Cultists","floor":27.0,"turns":1.0},{"damage":0.0,"enemies":"Slavers","floor":28.0,"turns":2.0},{"damage":0.0,"enemies":"Centurion and Healer","floor":29.0,"turns":4.0},{"damage":11.0,"enemies":"Book of Stabbing","floor":30.0,"turns":3.0},{"damage":0.0,"enemies":"Champ","floor":33.0,"turns":8.0},{"damage":3.0,"enemies":"3 Shapes","floor":35.0,"turns":3.0},{"damage":1.0,"enemies":"3 Darklings","floor":36.0,"turns":5.0},{"damage":0.0,"enemies":"Transient","floor":39.0,"turns":7.0},{"damage":7.0,"enemies":"Giant Head","floor":40.0,"turns":5.0},{"damage":0.0,"enemies":"Mind Bloom Boss Battle","floor":41.0,"turns":2.0},{"damage":0.0,"enemies":"Reptomancer","floor":42.0,"turns":4.0},{"damage":0.0,"enemies":"Giant Head","floor":45.0,"turns":5.0},{"damage":0.0,"enemies":"Maw","floor":46.0,"turns":7.0},{"damage":5.0,"enemies":"Time Eater","floor":50.0,"turns":8.0},{"damage":11.0,"enemies":"Donu and Deca","floor":51.0,"turns":9.0},{"damage":21.0,"enemies":"Shield and Spear","floor":55.0,"turns":6.0},{"damage":46,"enemies":"The Heart","floor":56,"turns":12}],"seed_played":"-8383948893015419573","potions_obtained":[{"floor":5.0,"key":"LiquidMemories"},{"floor":8.0,"key":"EssenceOfSteel"},{"floor":25.0,"key":"StancePotion"},{"floor":30.0,"key":"Swift Potion"},{"floor":33.0,"key":"ColorlessPotion"},{"floor":35.0,"key":"Dexterity Potion"},{"floor":45.0,"key":"Regen Potion"},{"floor":55.0,"key":"ColorlessPotion"}],"is_trial":false,"path_per_floor":["M","?","M","$","M","R","E","M","T","E","?","R","M","E","R","B",null,"M","?","M","T","$","E","R","E","T","M","E","M","E","$","R","B",null,"M","M","$","?","M","E","?","E","T","R","E","M","R","?","R","B","B",null,"R","$","E","B",null],"character_chosen":"WATCHER","items_purchased":["Oddly Smooth Stone","GoldenEye","Mummified Hand","ThirdEye","Wireheading","TalkToTheHand","TeardropLocket","LessonLearned","Nirvana","WreathOfFlame","FlurryOfBlows","ThirdEye","Akabeko","Bag of Marbles","Kunai","Wireheading","Dramatic Entrance","EmptyBody","Damaru","SashWhip","Sanctity","Sling","Adaptation","Swivel","PreservedInsect","Orrery","JustLucky","ThirdEye"],"campfire_rested":1,"item_purchase_floors":[0,0,0,0,0,0,0,0,0,0,0,0,0,0,0,0,0,0,0,0,0,4,4,4,22,31,31,37],"current_hp_per_floor":[19,19,19,19,16,36,36,36,36,36,36,36,36,36,36,36,60,60,60,60,60,60,52,52,52,52,54,54,54,43,43,43,43,63,60,59,59,59,59,52,52,56,56,56,66,70,70,70,70,70,67,69,69,69,57,42],"gold":35,"neow_bonus":"","is_daily":false,"chose_seed":false,"campfire_upgraded":7,"win_rate":0.0,"timestamp":1609281181,"path_taken":["M","?","?","$","M","R","E","M","T","E","?","R","?","E","R","BOSS","M","?","M","?","$","E","R","E","T","M","E","M","E","$","R","BOSS","M","M","$","?","M","E","?","E","T","R","E","M","R","?","R","BOSS","BOSS","R","$","E","BOSS"],"items_purchased_type":["Relic","Relic","Relic","Card","Card","Card","Relic","Card","Card","Card","Card","Card","Relic","Relic","Relic","Card","Card","Card","Relic","Card","Card","Relic","Card","Card","Relic","Relic","Card","Card"],"build_version":"2020-12-22","purchased_purges":1,"victory":true,"max_hp_per_floor":[68,68,68,68,68,68,68,68,68,68,68,68,68,68,68,68,68,68,68,68,68,68,68,68,68,68,70,70,70,70,70,70,70,70,70,70,70,70,70,70,70,70,70,70,70,70,70,70,70,70,70,70,70,70,72,72],"relic_stats":{"Darkstone Periapt":0,"Regal Pillow":0,"Singing Bowl":4,"counters":[133,628],"Yang":[244],"PreservedInsect":1127,"Juzu Bracelet":0,"GoldenEye":[249],"Question Card":15,"Smiling Mask":100,"Mercury Hourglass":[330],"Dream Catcher":0,"Sundial":[6],"Mummified Hand":[108],"Bird Faced Urn":[54],"Pantograph":60,"Pandora\u0027s Box":["Evaluate","CarveReality","Worship","Devotion","EmptyMind","Prostrate","SandsOfTime","CutThroughFate"],"Kunai":[66],"obtain_stats":[{"Gremlin Horn":0,"CeramicFish":0,"Vajra":0,"Whetstone":55,"Bottled Tornado":28,"Boot":38,"Sling":4,"Blood Vial":8,"Centennial Puzzle":8,"Sundial":10,"Prayer Wheel":42,"MealTicket":6,"VioletLotus":17,"HandDrill":0,"Kunai":22,"Happy Flower":42,"Blue Candle":23,"Oddly Smooth Stone":22,"Pen Nib":6,"Letter Opener":44,"Question Card":30,"Akabeko":41,"SlaversCollar":34,"OrangePellets":0,"Bottled Flame":9,"Shuriken":0,"MutagenicStrength":22,"Bronze Scales":9,"Bird Faced Urn":41,"Pandora\u0027s Box":34,"Black Star":34,"StrikeDummy":10,"Meat on the Bone":23,"Darkstone Periapt":44,"Lantern":9,"Regal Pillow":7,"Torii":17,"Singing Bowl":23,"Yang":26,"Incense Burner":22,"Juzu Bracelet":39,"Bag of Preparation":55,"TeardropLocket":0,"Smiling Mask":25,"Ancient Tea Set":17,"Cursed Key":17,"Dream Catcher":13,"Nunchaku":0,"Matryoshka":14,"Mummified Hand":0,"Pantograph":28,"Red Mask":19,"Runic Pyramid":17,"Potion Belt":40,"Golden Idol":5,"Damaru":26,"The Courier":10,"PreservedInsect":25,"Omamori":48,"Frozen Egg 2":48,"Orichalcum":4,"GoldenEye":0,"Mercury Hourglass":21,"Calling Bell":17,"Peace Pipe":21,"Strange Spoon":0,"Anchor":40,"Ornamental Fan":31,"Orrery":46,"HolyWater":34,"Turnip":30,"Bag of Marbles":0,"Art of War":25,"Membership Card":0,"Bottled Lightning":45,"PureWater":0,"Toy Ornithopter":6},{"Gremlin Horn":0,"CeramicFish":0,"Vajra":0,"Whetstone":55,"Bottled Tornado":44,"Boot":49,"Sling":105,"Blood Vial":36,"Centennial Puzzle":77,"Sundial":109,"Prayer Wheel":26,"MealTicket":35,"VioletLotus":38,"HandDrill":32,"Kunai":14,"Happy Flower":26,"Blue Candle":86,"Oddly Smooth Stone":14,"Pen Nib":4,"Letter Opener":27,"Question Card":120,"Akabeko":50,"SlaversCollar":47,"OrangePellets":56,"Bottled Flame":108,"Shuriken":56,"MutagenicStrength":40,"Bronze Scales":77,"Bird Faced Urn":126,"Pandora\u0027s Box":121,"Black Star":20,"StrikeDummy":6,"Meat on the Bone":41,"Darkstone Periapt":27,"Lantern":5,"Regal Pillow":107,"Torii":65,"Singing Bowl":115,"Yang":116,"Incense Burner":14,"Juzu Bracelet":93,"Bag of Preparation":102,"TeardropLocket":32,"Smiling Mask":16,"Ancient Tea Set":65,"Cursed Key":82,"Dream Catcher":9,"Nunchaku":32,"Matryoshka":111,"Mummified Hand":103,"Pantograph":87,"Red Mask":84,"Runic Pyramid":11,"Potion Belt":25,"Golden Idol":59,"Damaru":16,"The Courier":37,"PreservedInsect":68,"Omamori":30,"Frozen Egg 2":30,"Orichalcum":34,"GoldenEye":103,"Mercury Hourglass":114,"Calling Bell":65,"Peace Pipe":66,"Strange Spoon":0,"Anchor":25,"Ornamental Fan":46,"Orrery":51,"HolyWater":90,"Turnip":18,"Bag of Marbles":0,"Art of War":68,"Membership Card":0,"Bottled Lightning":97,"PureWater":0,"Toy Ornithopter":60},{"Gremlin Horn":0,"CeramicFish":0,"Vajra":0,"Whetstone":255,"Bottled Tornado":196,"Boot":225,"Sling":506,"Blood Vial":160,"Centennial Puzzle":363,"Sundial":517,"Prayer Wheel":103,"MealTicket":155,"VioletLotus":169,"HandDrill":142,"Kunai":41,"Happy Flower":103,"Blue Candle":396,"Oddly Smooth Stone":41,"Pen Nib":9,"Letter Opener":110,"Question Card":547,"Akabeko":231,"SlaversCollar":216,"OrangePellets":263,"Bottled Flame":514,"Shuriken":263,"MutagenicStrength":179,"Bronze Scales":363,"Bird Faced Urn":577,"Pandora\u0027s Box":555,"Black Star":74,"StrikeDummy":15,"Meat on the Bone":184,"Darkstone Periapt":110,"Lantern":11,"Regal Pillow":511,"Torii":303,"Singing Bowl":536,"Yang":537,"Incense Burner":41,"Juzu Bracelet":435,"Bag of Preparation":493,"TeardropLocket":142,"Smiling Mask":48,"Ancient Tea Set":303,"Cursed Key":383,"Dream Catcher":24,"Nunchaku":142,"Matryoshka":523,"Mummified Hand":501,"Pantograph":401,"Red Mask":390,"Runic Pyramid":32,"Potion Belt":96,"Golden Idol":276,"Damaru":48,"The Courier":164,"PreservedInsect":317,"Omamori":126,"Frozen Egg 2":126,"Orichalcum":149,"GoldenEye":501,"Mercury Hourglass":533,"Calling Bell":303,"Peace Pipe":307,"Strange Spoon":0,"Anchor":96,"Ornamental Fan":208,"Orrery":233,"HolyWater":417,"Turnip":59,"Bag of Marbles":0,"Art of War":317,"Membership Card":0,"Bottled Lightning":458,"PureWater":0,"Toy Ornithopter":284}]},"card_choices":[{"not_picked":["EmptyMind","ForeignInfluence"],"picked":"Tantrum","floor":1.0},{"not_picked":["EmptyBody","Meditate"],"picked":"Consecrate","floor":3.0},{"not_picked":["FollowUp","EmptyBody"],"picked":"JustLucky","floor":5.0},{"not_picked":["Conclude","Halt"],"picked":"Vault","floor":7.0},{"not_picked":["EmptyFist","LikeWater"],"picked":"DeceiveReality","floor":8.0},{"not_picked":["SandsOfTime","FlyingSleeves"],"picked":"DeusExMachina","floor":10.0},{"not_picked":["LikeWater","SashWhip","Crescendo"],"picked":"SKIP","floor":13.0},{"not_picked":["Halt","Nirvana"],"picked":"WheelKick","floor":14.0},{"not_picked":["Alpha","LessonLearned"],"picked":"Vault","floor":16.0},{"not_picked":["BowlingBash","Worship+1"],"picked":"WaveOfTheHand","floor":18.0},{"not_picked":["SashWhip","ClearTheMind"],"picked":"JustLucky","floor":20.0},{"not_picked":["FlurryOfBlows","EmptyBody"],"picked":"ThirdEye","floor":23.0},{"not_picked":["Collect","Perseverance"],"picked":"Wireheading+1","floor":25.0},{"not_picked":["Evaluate","Consecrate","FlyingSleeves"],"picked":"Singing Bowl","floor":27.0},{"not_picked":["WreathOfFlame","Perseverance"],"picked":"MentalFortress+1","floor":28.0},{"not_picked":["PathToVictory","ClearTheMind"],"picked":"DeceiveReality","floor":29.0},{"not_picked":["Scrawl","BowlingBash"],"picked":"TalkToTheHand","floor":30.0},{"not_picked":["JustLucky","ThirdEye+1","Protect"],"picked":"Establishment+1","floor":31.0},{"not_picked":["JustLucky","MentalFortress+1","Consecrate"],"picked":"SpiritShield","floor":31.0},{"not_picked":["Conclude","Judgement","FollowUp"],"picked":"FlurryOfBlows","floor":31.0},{"not_picked":["LikeWater+1","CutThroughFate","EmptyFist"],"picked":"Wallop","floor":31.0},{"not_picked":["FlyingSleeves","ReachHeaven","Crescendo"],"picked":"EmptyBody","floor":31.0},{"not_picked":["MasterReality+1","Alpha","LessonLearned"],"picked":"Scrawl","floor":33.0},{"not_picked":["FollowUp","WheelKick","Protect"],"picked":"Wallop+1","floor":35.0},{"not_picked":["InnerPeace","BowlingBash","Worship+1"],"picked":"Protect+1","floor":36.0},{"not_picked":["WheelKick","Evaluate+1","WaveOfTheHand+1"],"picked":"BattleHymn+1","floor":39.0},{"not_picked":["WindmillStrike","Wireheading+1","FearNoEvil+1"],"picked":"ConjureBlade","floor":40.0},{"not_picked":["BowlingBash+1","Worship+1","CarveReality"],"picked":"CrushJoints","floor":41.0},{"not_picked":["Nirvana+1","Perseverance","CarveReality+1"],"picked":"Brilliance","floor":42.0},{"not_picked":["InnerPeace","SashWhip","PathToVictory+1"],"picked":"Scrawl","floor":45.0},{"not_picked":["Wireheading+1","BowlingBash","JustLucky+1"],"picked":"Halt+1","floor":46.0},{"not_picked":["Crescendo","JustLucky","Evaluate","FlurryOfBlows"],"picked":"Singing Bowl","floor":55.0}],"player_experience":1271319,"relics_obtained":[{"floor":7.0,"key":"Regal Pillow"},{"floor":9.0,"key":"Bottled Flame"},{"floor":10.0,"key":"Sundial"},{"floor":14.0,"key":"Matryoshka"},{"floor":21.0,"key":"Mercury Hourglass"},{"floor":21.0,"key":"Dream Catcher"},{"floor":23.0,"key":"Singing Bowl"},{"floor":25.0,"key":"Frozen Egg 2"},{"floor":26.0,"key":"Yang"},{"floor":28.0,"key":"Vajra"},{"floor":30.0,"key":"Question Card"},{"floor":40.0,"key":"Darkstone Periapt"},{"floor":41.0,"key":"Bird Faced Urn"},{"floor":42.0,"key":"Juzu Bracelet"},{"floor":43.0,"key":"Smiling Mask"},{"floor":45.0,"key":"Anchor"},{"floor":55.0,"key":"Pantograph"}],"event_choices":[{"damage_healed":0.0,"max_hp_gain":0.0,"max_hp_loss":0.0,"gold_gain":275.0,"event_name":"Golden Shrine","player_choice":"Desecrate","floor":2.0,"gold_loss":0.0,"damage_taken":0.0,"cards_obtained":["Regret"]},{"damage_healed":0.0,"max_hp_gain":0.0,"max_hp_loss":0.0,"gold_gain":0.0,"event_name":"Upgrade Shrine","player_choice":"Upgraded","floor":11.0,"gold_loss":0.0,"damage_taken":0.0,"cards_upgraded":["LessonLearned"]},{"damage_healed":0.0,"max_hp_gain":0.0,"max_hp_loss":0.0,"gold_gain":0.0,"event_name":"Ghosts","player_choice":"Ignored","floor":19.0,"gold_loss":0.0,"damage_taken":0.0},{"cards_removed":["TalkToTheHand"],"damage_healed":0.0,"max_hp_gain":0.0,"max_hp_loss":0.0,"gold_gain":0.0,"event_name":"Falling","player_choice":"Removed Attack","floor":38.0,"gold_loss":0.0,"damage_taken":0.0},{"damage_healed":0.0,"max_hp_gain":0.0,"max_hp_loss":0.0,"gold_gain":0.0,"event_name":"MindBloom","player_choice":"Fight","floor":41.0,"gold_loss":0.0,"damage_taken":0.0},{"damage_healed":0.0,"max_hp_gain":0.0,"max_hp_loss":0.0,"gold_gain":0.0,"event_name":"Tomb of Lord Red Mask","player_choice":"Paid","floor":48.0,"gold_loss":243.0,"damage_taken":0.0,"relics_obtained":["Red Mask"]}],"is_beta":false,"boss_relics":[{"not_picked":["Sozu","HolyWater"],"picked":"SlaversCollar"},{"not_picked":["SacredBark","Busted Crown"],"picked":"Pandora\u0027s Box"}],"items_purged_floors":[4],"is_endless":false,"potions_floor_spawned":[5,8,13,14,16,20,23,25,30,33,35,45,55],"ascension_level":20}}