{"host":"g5ctwwsvxeihc2vr","time":1609266280,"event":{"mods":["Act Like it!","BaseMod","Bestiary","Better Third Choice","Block Reminder","CapriCore","Dio Mod","Downfall","Hallownest","Hermit","JesterMod","Jorbs\u0027s Wanderer Trilogy","Koishi","Luminous","Marisa????????","Minty Spire (QoL Compilation)","Reimu??????","Remilia??????","StSLib","The Alterego","The Animator","The Bug Knight","The Cursed","The Fake Hero","The Hierophant","The Immortal","The Jungle","The Marked","The Runesmith","The Servant 0.9.4","The Wild Card","Waifu the Spire"],"gold_per_floor":[110,185,185,109,129,164,164,198,198,209,209,226,226,27,27,124,124],"floor_reached":16,"playtime":866,"items_purged":[],"score":158,"play_id":"ed226646-5026-4770-b1bb-4f67c5b33f47","local_time":"20201229132440","is_ascension_mode":false,"campfire_choices":[{"data":"hermit:BlackWind","floor":7.0,"key":"SMITH"},{"data":"hermit:HighCaliber","floor":11,"key":"SMITH"},{"data":"hermit:HighNoon","floor":13,"key":"SMITH"},{"floor":15,"key":"REST"}],"circlet_count":0,"master_deck":["hermit:Strike_Hermit","hermit:Strike_Hermit","hermit:Strike_Hermit","hermit:Strike_Hermit","hermit:Defend_Hermit","hermit:Defend_Hermit","hermit:Defend_Hermit","hermit:Defend_Hermit","hermit:Snapshot","hermit:Covet","hermit:BlackWind+1","hermit:HighCaliber","hermit:Glare","hermit:HighCaliber+1","hermit:Quickdraw","hermit:Feint","hermit:Feint","hermit:BodyArmor","hermit:HighNoon+1","hermit:Headshot"],"relics":["hermit:Momento","Mango","TungstenRod","Gremlin Horn","Blood Vial"],"acts_visited":["Exordium"],"potions_floor_usage":[],"damage_taken":[{"damage":0.0,"enemies":"2 Louse","floor":1.0,"turns":3.0},{"damage":1.0,"enemies":"Jaw Worm","floor":5.0,"turns":2.0},{"damage":13.0,"enemies":"Gremlin Nob","floor":6.0,"turns":4.0},{"damage":11,"enemies":"3 Sentries","floor":8,"turns":6},{"damage":0,"enemies":"Cultist","floor":10,"turns":1},{"damage":8,"enemies":"3 Louse","floor":12,"turns":2},{"damage":37,"enemies":"The Guardian","floor":16,"turns":17}],"seed_played":"-3505600086721385616","potions_obtained":[{"floor":6.0,"key":"GamblersBrew"},{"floor":8,"key":"BlessingOfTheForge"}],"is_trial":false,"path_per_floor":["M","?","?","$","M","E","R","E","T","M","R","M","R","$","R","B"],"character_chosen":"HERMIT","items_purchased":["hermit:Glare","hermit:HighCaliber","Blood Vial","hermit:Headshot"],"campfire_rested":1,"item_purchase_floors":[4,4,14,14],"current_hp_per_floor":[68,57,57,57,56,57,57,46,46,46,46,38,38,38,62,27,27],"gold":124,"neow_bonus":"THREE_RARE_CARDS","is_daily":false,"chose_seed":false,"campfire_upgraded":3,"win_rate":0.0,"timestamp":1609266280,"path_taken":["M","?","?","$","M","E","R","E","T","M","R","M","R","$","R","BOSS"],"items_purchased_type":["Card","Card","Relic","Card"],"build_version":"2020-12-22","purchased_purges":0,"victory":false,"max_hp_per_floor":[68,68,68,68,68,82,82,82,82,82,82,82,82,82,82,82,82],"card_choices":[{"not_picked":["hermit:Roughhouse","hermit:Adapt"],"picked":"hermit:BlackWind","floor":0.0},{"not_picked":["hermit:LuckOfTheDraw","hermit:Combo"],"picked":"hermit:HighCaliber","floor":1.0},{"not_picked":["hermit:TrackingShot","hermit:Virtue"],"picked":"hermit:Quickdraw","floor":5.0},{"not_picked":["hermit:Deadeye","hermit:Snipe"],"picked":"hermit:Feint","floor":6.0},{"not_picked":["hermit:EyeOfTheStorm","hermit:Dive"],"picked":"hermit:Feint","floor":8},{"not_picked":["hermit:Snipe","hermit:Manifest"],"picked":"hermit:BodyArmor","floor":10},{"not_picked":["hermit:Manifest","hermit:Brawl"],"picked":"hermit:HighNoon","floor":12}],"player_experience":318332,"relics_obtained":[{"floor":6.0,"key":"Mango"},{"floor":8,"key":"TungstenRod"},{"floor":9,"key":"Gremlin Horn"}],"event_choices":[{"damage_healed":0.0,"max_hp_gain":0.0,"max_hp_loss":0.0,"gold_gain":75.0,"event_name":"betterThird:BetterGoop","player_choice":"Gold","floor":2.0,"gold_loss":0.0,"damage_taken":11.0},{"damage_healed":0.0,"max_hp_gain":0.0,"max_hp_loss":0.0,"gold_gain":0.0,"event_name":"Purifier","player_choice":"Ignored","floor":3.0,"gold_loss":0.0,"damage_taken":0.0}],"is_beta":false,"boss_relics":[],"items_purged_floors":[],"is_endless":false,"potions_floor_spawned":[6,8],"killed_by":"The Guardian","ascension_level":0}}