{"host":"640uue19m79c7wbt","time":1609225336,"event":{"mods":["BaseMod","Colored Map","Googly Eyes","Highlight Path","Minty Spire (QoL Compilation)","Quick Restart","StSLib"],"gold_per_floor":[118,118,5,80,30,71,71,102,128,48,68,112,112,141,141,264,264,285,285,155,155,168,168,209,222,269,269,282,323,448,363,363,494,494,508,508,192,192,124,124,124,185,212,15,15,55,55,55,55,55,55],"floor_reached":50,"playtime":1760,"items_purged":["Injury","Strike_G","Defend_G"],"score":603,"play_id":"e945e931-8206-46f6-a512-9a50e0fd09e4","local_time":"20201229020216","is_ascension_mode":true,"campfire_choices":[{"data":"Accuracy","floor":7,"key":"SMITH"},{"data":"Strike_G","floor":13,"key":"SMITH"},{"floor":15,"key":"REST"},{"floor":23,"key":"REST"},{"data":"Storm of Steel","floor":27,"key":"SMITH"},{"floor":32,"key":"REST"},{"data":"After Image","floor":40,"key":"SMITH"},{"floor":45,"key":"RECALL"},{"floor":47,"key":"REST"},{"floor":49,"key":"REST"}],"circlet_count":0,"master_deck":["Strike_G","Strike_G+1","Defend_G","Defend_G","Defend_G","Defend_G","Survivor","Neutralize","Accuracy+1","Backstab","Blade Dance","Choke","Well Laid Plans","Distraction","Die Die Die","Riddle With Holes","Storm of Steel+1","PiercingWail+1","Blade Dance","Blur","Backstab+1","Catalyst+1","Cloak And Dagger","Cloak And Dagger+1","Infinite Blades","After Image+1","Cloak And Dagger","Madness","Madness","Backstab","Noxious Fumes","Burst","Tactician+1"],"relics":["Ring of the Snake","NeowsBlessing","Golden Idol","TungstenRod","Peace Pipe","Omamori","Odd Mushroom","SacredBark","Bottled Tornado","Centennial Puzzle","Red Mask","WingedGreaves","Gremlin Horn","Pear","Busted Crown","Bag of Marbles","Girya","Potion Belt","Bag of Preparation"],"acts_visited":["TheCity","TheBeyond"],"potions_floor_usage":[12,16,24,33,33,41,42,46],"damage_taken":[{"damage":0,"enemies":"2 Louse","floor":1,"turns":1},{"damage":0,"enemies":"3 Sentries","floor":6,"turns":1},{"damage":0,"enemies":"Lagavulin","floor":8,"turns":1},{"damage":0,"enemies":"Small Slimes","floor":11,"turns":3},{"damage":4,"enemies":"3 Sentries","floor":12,"turns":6},{"damage":20,"enemies":"The Mushroom Lair","floor":14,"turns":4},{"damage":27,"enemies":"Hexaghost","floor":16,"turns":12},{"damage":0,"enemies":"Chosen","floor":18,"turns":4},{"damage":27,"enemies":"Spheric Guardian","floor":22,"turns":4},{"damage":45,"enemies":"Book of Stabbing","floor":24,"turns":6},{"damage":10,"enemies":"3 Cultists","floor":25,"turns":4},{"damage":0,"enemies":"Snecko","floor":28,"turns":2},{"damage":0,"enemies":"Masked Bandits","floor":29,"turns":2},{"damage":11,"enemies":"Colosseum Slavers","floor":30,"turns":2},{"damage":4,"enemies":"Colosseum Nobs","floor":30,"turns":2},{"damage":51,"enemies":"Champ","floor":33,"turns":13},{"damage":6,"enemies":"3 Shapes","floor":35,"turns":2},{"damage":0,"enemies":"Reptomancer","floor":41,"turns":2},{"damage":0,"enemies":"2 Orb Walkers","floor":42,"turns":2},{"damage":36,"enemies":"Nemesis","floor":46,"turns":5},{"damage":77,"enemies":"Awakened One","floor":50,"turns":5}],"seed_played":"-3518467268171931615","potions_obtained":[{"floor":6,"key":"BlessingOfTheForge"},{"floor":12,"key":"SmokeBomb"},{"floor":14,"key":"Weak Potion"},{"floor":22,"key":"Regen Potion"},{"floor":28,"key":"Weak Potion"},{"floor":30,"key":"Fire Potion"},{"floor":35,"key":"CultistPotion"},{"floor":42,"key":"Poison Potion"}],"is_trial":false,"path_per_floor":["M","?","$","?","?","E","R","E","T","$","M","E","R","?","R","B",null,"M","?","$","?","M","R","E","M","T","R","M","?","?","?","R","B",null,"M","?","$","?","$","R","E","?","T","$","R","E","R","$","R","B"],"character_chosen":"THE_SILENT","items_purchased":["Backstab","Well Laid Plans","Blade Dance","Blur","Bag of Marbles","Backstab","Noxious Fumes","Burst"],"campfire_rested":5,"item_purchase_floors":[3,10,20,20,37,37,39,44],"current_hp_per_floor":[70,70,70,59,59,59,59,59,59,59,59,55,55,35,56,29,70,70,70,70,70,43,64,52,42,42,42,42,42,27,37,61,10,80,74,65,65,65,65,65,65,65,65,65,65,29,53,53,77,0,0],"gold":55,"neow_bonus":"THREE_ENEMY_KILL","is_daily":false,"chose_seed":false,"campfire_upgraded":4,"win_rate":0.0,"timestamp":1609225336,"path_taken":["M","?","$","?","?","E","R","E","T","$","M","E","R","?","R","BOSS","M","?","$","?","M","R","E","M","T","R","M","?","?","?","R","BOSS","M","?","$","?","$","R","E","?","T","$","R","E","R","?","R","BOSS"],"items_purchased_type":["Card","Card","Card","Card","Relic","Card","Card","Card"],"build_version":"2020-12-22","purchased_purges":3,"victory":false,"max_hp_per_floor":[70,70,70,70,70,70,70,70,70,70,70,70,70,70,70,70,70,70,70,70,70,70,70,70,70,70,70,70,70,70,80,80,80,80,80,80,80,80,80,80,80,80,80,80,80,80,80,80,80,80,80],"card_choices":[{"not_picked":["Deflect","Blur"],"picked":"Accuracy","floor":1},{"not_picked":["Predator","Cloak And Dagger"],"picked":"Blade Dance","floor":6},{"not_picked":["Sucker Punch","Bane"],"picked":"Choke","floor":8},{"not_picked":["Outmaneuver","Deflect"],"picked":"Distraction","floor":11},{"not_picked":["Prepared","Malaise"],"picked":"Die Die Die","floor":12},{"not_picked":["Bane","Poisoned Stab"],"picked":"Riddle With Holes","floor":14},{"not_picked":["Malaise","Corpse Explosion"],"picked":"Storm of Steel","floor":16},{"not_picked":["Prepared","Poisoned Stab"],"picked":"PiercingWail+1","floor":18},{"not_picked":["Blade Dance","Calculated Gamble"],"picked":"Backstab+1","floor":22},{"not_picked":["Masterful Stab+1","A Thousand Cuts"],"picked":"Catalyst+1","floor":24},{"not_picked":["Poisoned Stab","Quick Slash"],"picked":"Underhanded Strike+1","floor":25},{"not_picked":["Acrobatics+1","Quick Slash+1"],"picked":"Cloak And Dagger","floor":28},{"not_picked":["Blade Dance","Sucker Punch"],"picked":"Cloak And Dagger+1","floor":29},{"not_picked":["Dagger Spray+1","Footwork+1"],"picked":"Infinite Blades","floor":30},{"not_picked":["Malaise","Storm of Steel"],"picked":"After Image","floor":33},{"not_picked":[],"picked":"Cloak And Dagger","floor":35},{"not_picked":[],"picked":"Tactician+1","floor":46}],"player_experience":524433,"relics_obtained":[{"floor":6,"key":"TungstenRod"},{"floor":8,"key":"Peace Pipe"},{"floor":12,"key":"Omamori"},{"floor":14,"key":"Odd Mushroom"},{"floor":24,"key":"Bottled Tornado"},{"floor":26,"key":"Centennial Puzzle"},{"floor":29,"key":"Red Mask"},{"floor":30,"key":"WingedGreaves"},{"floor":30,"key":"Gremlin Horn"},{"floor":42,"key":"Girya"},{"floor":43,"key":"Potion Belt"},{"floor":46,"key":"Bag of Preparation"}],"event_choices":[{"damage_healed":0,"gold_gain":0,"player_choice":"Take Wound","damage_taken":0,"relics_obtained":["Golden Idol"],"max_hp_gain":0,"max_hp_loss":0,"event_name":"Golden Idol","floor":2,"gold_loss":0,"cards_obtained":["Injury"]},{"damage_healed":0,"gold_gain":75,"player_choice":"Gather Gold","damage_taken":11,"max_hp_gain":0,"max_hp_loss":0,"event_name":"World of Goop","floor":4,"gold_loss":0},{"cards_removed":["Strike_G"],"damage_healed":0,"gold_gain":0,"player_choice":"Card Removal","damage_taken":0,"max_hp_gain":0,"max_hp_loss":0,"event_name":"The Cleric","floor":5,"gold_loss":50},{"damage_healed":0,"gold_gain":0,"player_choice":"Fought Mushrooms","damage_taken":0,"max_hp_gain":0,"max_hp_loss":0,"event_name":"Mushrooms","floor":14,"gold_loss":0},{"cards_removed":["Strike_G"],"damage_healed":0,"gold_gain":0,"player_choice":"Elegance","damage_taken":0,"max_hp_gain":0,"max_hp_loss":0,"event_name":"Back to Basics","floor":19,"gold_loss":0},{"damage_healed":0,"gold_gain":0,"player_choice":"Ignored","damage_taken":0,"max_hp_gain":0,"max_hp_loss":0,"event_name":"Vampires","floor":21,"gold_loss":0},{"damage_healed":0,"gold_gain":0,"player_choice":"Fought Bandits","damage_taken":0,"max_hp_gain":0,"max_hp_loss":0,"event_name":"Masked Bandits","floor":29,"gold_loss":0},{"damage_healed":0,"gold_gain":0,"player_choice":"Fight","damage_taken":0,"max_hp_gain":0,"max_hp_loss":0,"event_name":"Colosseum","floor":30,"gold_loss":0},{"damage_healed":0,"gold_gain":0,"player_choice":"Fought Nobs","damage_taken":0,"max_hp_gain":0,"max_hp_loss":0,"event_name":"Colosseum","floor":30,"gold_loss":0},{"damage_healed":0,"gold_gain":0,"player_choice":"Obtained Relic","damage_taken":0,"relics_obtained":["Pear"],"max_hp_gain":0,"max_hp_loss":0,"event_name":"Addict","floor":31,"gold_loss":85},{"damage_healed":0,"gold_gain":0,"player_choice":"Embrace Madness","damage_taken":10,"max_hp_gain":0,"max_hp_loss":0,"event_name":"Winding Halls","floor":36,"gold_loss":0,"cards_obtained":["Madness","Madness"]},{"cards_removed":["Underhanded Strike"],"damage_healed":0,"gold_gain":0,"player_choice":"Removed Attack","damage_taken":0,"max_hp_gain":0,"max_hp_loss":0,"event_name":"Falling","floor":38,"gold_loss":0},{"damage_healed":0,"gold_gain":0,"player_choice":"Fight","damage_taken":0,"max_hp_gain":0,"max_hp_loss":0,"event_name":"Mysterious Sphere","floor":42,"gold_loss":0}],"is_beta":false,"boss_relics":[{"not_picked":["Pandora\u0027s Box","Empty Cage"],"picked":"SacredBark"},{"not_picked":["Sozu","Runic Dome"],"picked":"Busted Crown"}],"items_purged_floors":[3,37,44],"is_endless":false,"potions_floor_spawned":[6,12,14,22,28,30,30,35,42],"killed_by":"Awakened One","ascension_level":1}}