{"host":"qc268ltokmxwqyrx","time":1609201756,"event":{"mods":["BaseMod","Colored Map","Colored Powertips","Minty Spire (QoL Compilation)","Relic Stats","Slay the Relics Exporter","StSLib","ojb\u0027s Info Mod"],"gold_per_floor":[119,134,150,160,173,173,187,219,265,265,300,313,313,325,325,325,325],"floor_reached":16,"playtime":1178,"items_purged":[],"score":232,"play_id":"d717b759-98b0-4e5b-9832-322bbacc779e","local_time":"20201228182916","is_ascension_mode":true,"campfire_choices":[{"floor":6,"key":"REST"},{"floor":10,"key":"REST"},{"floor":13,"key":"REST"},{"data":"1","floor":15,"key":"LIFT"}],"circlet_count":0,"master_deck":["AscendersBane","Strike_G","Strike_G","Strike_G","Strike_G","Strike_G","Defend_G","Defend_G","Defend_G","Defend_G","Defend_G","Survivor","Neutralize","PiercingWail","Dagger Spray","Choke","Dash","Acrobatics","Deadly Poison","Footwork","Deflect"],"relics":["Ring of the Snake","Girya","HornCleat","Centennial Puzzle","Snake Skull"],"acts_visited":["Exordium"],"potions_floor_usage":[8,11,16],"damage_taken":[{"damage":28,"enemies":"Cultist","floor":1,"turns":8},{"damage":4,"enemies":"Jaw Worm","floor":2,"turns":5},{"damage":0,"enemies":"Small Slimes","floor":3,"turns":4},{"damage":0,"enemies":"3 Louse","floor":4,"turns":3},{"damage":8,"enemies":"Blue Slaver","floor":5,"turns":4},{"damage":7,"enemies":"Lots of Slimes","floor":7,"turns":7},{"damage":22,"enemies":"Lagavulin","floor":8,"turns":8},{"damage":19,"enemies":"Gremlin Nob","floor":11,"turns":4},{"damage":2,"enemies":"3 Louse","floor":12,"turns":4},{"damage":1,"enemies":"Blue Slaver","floor":14,"turns":5},{"damage":31,"enemies":"The Guardian","floor":16,"turns":12}],"seed_played":"-629844498567707361","potions_obtained":[{"floor":5,"key":"Poison Potion"},{"floor":7,"key":"DistilledChaos"},{"floor":11,"key":"Strength Potion"}],"is_trial":false,"path_per_floor":["M","M","M","M","M","R","M","E","T","R","E","M","R","M","R","B"],"character_chosen":"THE_SILENT","items_purchased":[],"campfire_rested":3,"item_purchase_floors":[],"current_hp_per_floor":[31,27,27,27,19,37,30,8,8,26,7,5,23,22,22,0,0],"gold":325,"neow_bonus":"ONE_RARE_RELIC","is_daily":false,"chose_seed":false,"campfire_upgraded":0,"win_rate":0.0,"timestamp":1609201756,"path_taken":["M","M","M","M","M","R","M","E","T","R","E","M","R","M","R","BOSS"],"items_purchased_type":[],"build_version":"2020-12-22","purchased_purges":0,"victory":false,"max_hp_per_floor":[60,60,60,60,60,60,60,60,60,60,60,60,60,60,60,60,60],"relic_stats":{"Centennial Puzzle":[12],"counters":[11,64],"Snake Skull":[6],"obtain_stats":[{"Girya":0,"Centennial Puzzle":9,"HornCleat":8,"Snake Skull":11,"Ring of the Snake":0},{"Girya":0,"Centennial Puzzle":7,"HornCleat":7,"Snake Skull":8,"Ring of the Snake":0},{"Girya":0,"Centennial Puzzle":39,"HornCleat":39,"Snake Skull":43,"Ring of the Snake":0}],"Ring of the Snake":[22]},"card_choices":[{"not_picked":["Sucker Punch","Cloak And Dagger"],"picked":"PiercingWail","floor":1},{"not_picked":["Eviscerate","Bane"],"picked":"Dagger Spray","floor":2},{"not_picked":["Slice","Cloak And Dagger"],"picked":"Choke","floor":3},{"not_picked":["Deflect","Crippling Poison"],"picked":"Dash","floor":4},{"not_picked":["Finisher","Poisoned Stab"],"picked":"Acrobatics","floor":5},{"not_picked":["Backflip","Terror"],"picked":"Deadly Poison","floor":7},{"not_picked":["Dash","Eviscerate"],"picked":"Footwork","floor":8},{"not_picked":["Slice","Blur"],"picked":"Deflect","floor":11},{"not_picked":["Riddle With Holes","Choke","Skewer"],"picked":"SKIP","floor":12},{"not_picked":["Slice","Dagger Throw","Doppelganger"],"picked":"SKIP","floor":14}],"player_experience":1743651,"relics_obtained":[{"floor":8,"key":"HornCleat"},{"floor":9,"key":"Centennial Puzzle"},{"floor":11,"key":"Snake Skull"}],"event_choices":[],"is_beta":false,"boss_relics":[],"items_purged_floors":[],"is_endless":false,"potions_floor_spawned":[5,7,11],"killed_by":"The Guardian","ascension_level":20}}