{"host":"s1vy8rtdj748rey3","time":1609252353,"event":{"mods":["Aspiration","BaseMod","Beaked The Cultist","BetterRewards","Block Reminder","Conspire","Downfall","Friendly Minions","GifTheSpireLib","Halation","Hermit","Hubris","Infinite Spire","Jorbs\u0027s Wanderer Trilogy","Minty Spire (QoL Compilation)","Rare Cards Sparkle","Replay The Spire","Small Relic Pack","StSLib","Stuff the Spire","Transform Curses","Waifu the Spire","vexMod"],"gold_per_floor":[99,99,99,99,99,99,99,14,39,67,67,67,67,96,96,175,175,190,190,190,204,204,230,265,299,299,327,327,352,352,365,365,392,392,385,385,385,15,15,15,15,15,70,70,70,70,70,70,70,48,48],"floor_reached":50,"playtime":1614,"items_purged":[],"score":2017,"play_id":"e7f52b7a-8f9a-4021-b0b1-9817c37bbf42","local_time":"20201229183232","daily_mods":["Draft","Hoarder","Shiny","Allstar","Colorless Cards","Heirloom","Flight","downfall:Lament","DeadlyEvents","Elite Swarm"],"is_ascension_mode":true,"campfire_choices":[{"data":"hermit:EternalForm","floor":6,"key":"SMITH"},{"data":"hermit:OverwhelmingPower","floor":11,"key":"SMITH"},{"floor":13,"key":"DIG"},{"floor":15,"key":"DIG"},{"floor":32,"key":"DIG"},{"floor":40,"key":"DIG"},{"floor":45,"key":"DIG"},{"floor":47,"key":"DIG"},{"floor":49,"key":"DIG"}],"circlet_count":0,"master_deck":["AscendersBane","hermit:DeadOrAlive","hermit:Reprieve","hermit:FromBeyond","hermit:FatalDesire","hermit:HeroicBravado","hermit:HighNoon","hermit:Dissolve","hermit:OverwhelmingPower+1","hermit:BlackWind","hermit:RoundhouseKick","hermit:Purgatory","hermit:Roughhouse","hermit:Magnum","hermit:Gambit","hermit:FinalCanter","hermit:Adapt","Magnetism","Midas Touch","ReplayTheSpireMod:Brewmster","vexMod:StairwayStrike","Poisoned Strike","expansioncontent:StudyTheSpire","Sadistic Nature","expansioncontent:Corrupt","Replay:Dark Deal","ReplayUltimateDefense","Transmutation","HandOfGreed","ReplayTheSpireMod:Necrogeddon","Secret Technique","hubris:EnhanceAbility","Thinking Ahead","Metamorphosis","Master of Strategy","Chrysalis","Mayhem","Secret Weapon","expansioncontent:QuickStudy","StuffTheSpire:Recharge","Panache","Violence","expansioncontent:DashGenerateEvil","The Bomb","Crow Ritual","hermit:Headshot","hermit:Headshot","hermit:Headshot","hermit:Grudge","hermit:Grudge","hermit:Grudge","hermit:Quickdraw","hermit:Quickdraw","hermit:Quickdraw","hermit:Desperado","hermit:Desperado","hermit:Desperado","expansioncontent:FaceSlap","expansioncontent:FaceSlap","expansioncontent:FaceSlap","hermit:Manifest","hermit:Manifest","hermit:Manifest","hermit:LowProfile","hermit:LowProfile","hermit:LowProfile","expansioncontent:SuperHexaguard","expansioncontent:SuperHexaguard","expansioncontent:SuperHexaguard","hermit:Quickdraw","hermit:Quickdraw","hermit:Quickdraw","expansioncontent:DonusPower","expansioncontent:DonusPower","expansioncontent:DonusPower","hermit:BodyArmor","hermit:BodyArmor","hermit:BodyArmor","hermit:Dive","hermit:Dive","hermit:Dive","hermit:BodyArmor","hermit:BodyArmor","hermit:BodyArmor","hermit:Vantage","hermit:Vantage","hermit:Vantage","hermit:HighCaliber","hermit:HighCaliber","hermit:HighCaliber","hermit:CalledShot","hermit:CalledShot","hermit:CalledShot","hermit:Horror","hermit:Horror","hermit:Horror","hermit:Malice","hermit:Malice","hermit:Malice","hermit:Grudge","hermit:Grudge","hermit:Grudge","hermit:Roulette","hermit:Roulette","hermit:Roulette","hermit:HighCaliber","hermit:HighCaliber","hermit:HighCaliber","hermit:EyeOfTheStorm","hermit:EyeOfTheStorm","hermit:EyeOfTheStorm","hermit:Headshot","hermit:Headshot","hermit:Headshot","hermit:TrackingShot","hermit:TrackingShot","hermit:TrackingShot","hermit:Quickdraw","hermit:Quickdraw","hermit:Quickdraw","hermit:TrackingShot","hermit:TrackingShot","hermit:TrackingShot","expansioncontent:DecasProtection","expansioncontent:DecasProtection","expansioncontent:DecasProtection","Enlightenment","Enlightenment","Enlightenment","hermit:SprayPray","hermit:SprayPray","hermit:SprayPray","hermit:Ricochet","hermit:Ricochet","hermit:Ricochet","conspire:NecroticWound","conspire:NecroticWound","conspire:NecroticWound","hermit:TakeAim","hermit:TakeAim","hermit:TakeAim","Apotheosis","Apotheosis","Apotheosis","expansioncontent:ChargeUp","expansioncontent:ChargeUp","expansioncontent:ChargeUp","expansioncontent:DashGenerateEvil","expansioncontent:DashGenerateEvil","expansioncontent:DashGenerateEvil","hermit:RoundhouseKick","hermit:RoundhouseKick","hermit:RoundhouseKick","CurseOfTheBell","CurseOfTheBell","CurseOfTheBell","hermit:BigShot","hermit:BigShot","hermit:BigShot","ReplayTheSpireMod:Book of Names","ReplayTheSpireMod:Book of Names","ReplayTheSpireMod:Book of Names","ReplayTheSpireMod:Chaos Vortex","ReplayTheSpireMod:Chaos Vortex","ReplayTheSpireMod:Chaos Vortex","hermit:Quickdraw","hermit:Quickdraw","hermit:Quickdraw","Crow Ritual","Crow Ritual","Crow Ritual","hermit:FromBeyond","hermit:FromBeyond","hermit:FromBeyond","hermit:EternalForm","hermit:EternalForm","hermit:EternalForm","expansioncontent:QuickStudy","expansioncontent:QuickStudy","expansioncontent:QuickStudy","Enlightenment","Enlightenment","Enlightenment","infinitespire:Gouge","infinitespire:Gouge","infinitespire:Gouge","hubris:Compulsion","hubris:Compulsion","hubris:Compulsion","Clumsy","Clumsy","Clumsy","hermit:Dissolve","hermit:Dissolve","hermit:Dissolve","hermit:RoundhouseKick","hermit:RoundhouseKick","hermit:RoundhouseKick","hubris:DuctTapeCard","hubris:DuctTapeCard","hubris:DuctTapeCard","ReplayTheSpireMod:Brewmster","ReplayTheSpireMod:Brewmster","ReplayTheSpireMod:Brewmster","hermit:Roulette","hermit:Roulette","hermit:Roulette","hermit:Quickdraw","hermit:Quickdraw","hermit:Quickdraw","hermit:Misfire","hermit:Misfire","hermit:Misfire","hermit:SprayPray","hermit:SprayPray","hermit:SprayPray","hermit:CursedWeapon","hermit:CursedWeapon","hermit:CursedWeapon","Pride","Pride","Pride","Pride","Pride","Pride","Pride","Pride","Pride","Pride","Pride","Pride","Pride","Pride","Pride","Pride","Pride","Pride","Pride","Pride","Pride","Pride","Pride","Pride","Pride","Pride","Pride"],"relics":["hermit:Momento","NeowsBlessing","replay:Trail_Library","FossilizedHelix","Shovel","NeowsBlessing","hubris:DisguiseKit","StuffTheSpire:Gunfinga","Bird Faced Urn","Tiny Chest","relicPack:NeonSign","infinitespire:Satchel","Calling Bell","Potion Belt","hermit:Horseshoe","champ:DeflectingBracers","NeowsBlessing","Replay:Ringing Soul","NeowsBlessing","Prayer Wheel","PreservedInsect","StuffTheSpire:Wildfire","conspire:DecoderRing","infinitespire:Beetle Shell","relicPack:DarknessArmor","halation:PenCase","hubris:DuctTape","conspire:RunicOctahedron","conspire:TreasureMap","halation:BlackBeret","hubris:Icosahedron","Incense Burner","Torii","aspiration:HatOfInfinitePower","ReplayTheSpireMod:Lightbulb","Pet Ghost","vexMod:BerryBomb"],"acts_visited":["Exordium","TheCity","TheBeyond"],"potions_floor_usage":[29,33,50,50,50],"damage_taken":[{"damage":0,"enemies":"3 Sentries","floor":10,"turns":1},{"damage":0,"enemies":"Lagavulin","floor":14,"turns":1},{"damage":0,"enemies":"The Guardian","floor":16,"turns":1},{"damage":0,"enemies":"Spheric Guardian","floor":18,"turns":1},{"damage":0,"enemies":"Shell Parasite","floor":21,"turns":1},{"damage":0,"enemies":"conspire:Head Lice","floor":23,"turns":1},{"damage":0,"enemies":"Nightmare","floor":24,"turns":1},{"damage":0,"enemies":"conspire:Head Lice","floor":25,"turns":1},{"damage":0,"enemies":"Book of Stabbing","floor":27,"turns":1},{"damage":1,"enemies":"conspire:SneckoGhost","floor":29,"turns":4},{"damage":14,"enemies":"Replay:Snechameleon","floor":31,"turns":3},{"damage":41,"enemies":"Champ","floor":33,"turns":8},{"damage":0,"enemies":"Orb Walker","floor":35,"turns":1},{"damage":199,"enemies":"Donu and Deca","floor":50,"turns":2}],"seed_played":"6710542829451403531","potions_obtained":[{"floor":10,"key":"Elixir"},{"floor":24,"key":"AttackPotion"},{"floor":27,"key":"SneckoOil"},{"floor":29,"key":"SkillPotion"},{"floor":31,"key":"SteroidPotion"},{"floor":33,"key":"PowerPotion"}],"is_trial":true,"path_per_floor":["WH","WH","WH","WH","?","R","WH","$","T","E","R","WH","R","E","R","B",null,"M","WH","AVR","M","WH","E","NM","E","T","E","?","E","WH","E","R","B",null,"M","WH","AVR","$","?","R","WH","T","T","WH","R","WH","R","WH","R","B"],"character_chosen":"HERMIT","items_purchased":["hermit:TakeAim","halation:BlackBeret","hermit:Misfire"],"campfire_rested":0,"item_purchase_floors":[8,38,38],"current_hp_per_floor":[64,64,71,78,78,78,86,86,86,86,86,95,95,95,95,95,100,100,100,103,106,106,109,112,115,115,118,121,125,125,117,120,96,125,130,130,130,133,133,133,133,133,133,133,133,133,133,133,133,0,0],"gold":48,"neow_bonus":"THREE_ENEMY_KILL","is_daily":false,"chose_seed":false,"campfire_upgraded":2,"win_rate":0.0,"timestamp":1609252352,"path_taken":["WH","WH","WH","WH","?","R","WH","$","T","E","R","WH","R","E","R","BOSS","M","WH","AVR","?","WH","E","NM","E","T","E","?","E","WH","E","R","BOSS","M","WH","AVR","$","?","R","WH","?","T","WH","R","WH","R","WH","R","BOSS"],"items_purchased_type":["Card","Relic","Card"],"build_version":"2020-12-22","purchased_purges":0,"victory":false,"max_hp_per_floor":[71,71,78,85,85,85,93,93,93,93,93,102,102,102,102,102,102,102,102,105,108,108,111,114,117,117,120,123,126,126,129,132,135,135,138,138,138,141,141,141,141,141,141,141,141,141,141,141,141,141,141],"card_choices":[{"not_picked":["Replay:SS_fish_2","Flash of Steel"],"picked":"hermit:Headshot","floor":0},{"not_picked":["ReplayTheSpireMod:Uncanny Aura","hermit:SprayPray"],"picked":"hermit:Grudge","floor":0},{"not_picked":["hermit:Headshot","Swift Strike"],"picked":"hermit:Quickdraw","floor":0},{"not_picked":["hermit:LowProfile","Replay:BasicMightCard"],"picked":"hermit:Desperado","floor":0},{"not_picked":["hermit:LoneWolf","Blind"],"picked":"expansioncontent:FaceSlap","floor":0},{"not_picked":["hermit:Horror","hermit:HoleUp"],"picked":"hermit:Manifest","floor":0},{"not_picked":["hermit:BodyArmor","Replay:SS_fish_1"],"picked":"hermit:LowProfile","floor":0},{"not_picked":["hermit:Coalescence","expansioncontent:FaceSlap"],"picked":"expansioncontent:SuperHexaguard","floor":0},{"not_picked":["hermit:SprayPray","hermit:Vantage"],"picked":"hermit:Quickdraw","floor":0},{"not_picked":["hermit:HoleUp","hermit:Glare"],"picked":"expansioncontent:DonusPower","floor":0},{"not_picked":["hermit:Coalescence","hermit:Maintenance"],"picked":"hermit:BodyArmor","floor":0},{"not_picked":["hermit:Roulette","Replay:Sssssssssshield"],"picked":"hermit:Dive","floor":0},{"not_picked":["expansioncontent:Flail","expansioncontent:BronzeBeam"],"picked":"hermit:BodyArmor","floor":0},{"not_picked":["hermit:BodyArmor","hubris:Ssssneak"],"picked":"hermit:Vantage","floor":0},{"not_picked":["hermit:Dive","hermit:Manifest"],"picked":"hermit:HighCaliber","floor":0},{"not_picked":["expansioncontent:Hexaburn","hermit:Gestalt"],"picked":"hermit:CalledShot","floor":1},{"not_picked":["Replay:SS_fish_3","expansioncontent:ManipulateTime"],"picked":"hermit:Horror","floor":1},{"not_picked":["expansioncontent:DefensiveMode","hermit:Glare"],"picked":"hermit:Malice","floor":1},{"not_picked":["hermit:Vantage","hermit:Manifest"],"picked":"hermit:Grudge","floor":1},{"not_picked":["hermit:SprayPray","hermit:Dive"],"picked":"hermit:Roulette","floor":1},{"not_picked":["hermit:Manifest","hermit:Coalescence"],"picked":"hermit:HighCaliber","floor":1},{"not_picked":["Finesse","hermit:Desperado"],"picked":"hermit:EyeOfTheStorm","floor":1},{"not_picked":["hermit:Snipe","hermit:Vantage"],"picked":"hermit:Headshot","floor":1},{"not_picked":["StuffTheSpire:PlasmaPulse","hermit:Misfire"],"picked":"hermit:TrackingShot","floor":1},{"not_picked":["expansioncontent:Flail","hermit:Ricochet"],"picked":"hermit:Quickdraw","floor":1},{"not_picked":["hermit:Glare","hermit:LowProfile"],"picked":"hermit:TrackingShot","floor":1},{"not_picked":["hermit:HighCaliber","Dark Shackles"],"picked":"expansioncontent:DecasProtection","floor":1},{"not_picked":["expansioncontent:PrepareCrush","hermit:Deadeye"],"picked":"Enlightenment","floor":1},{"not_picked":["hermit:Glare","hermit:ItchyTrigger"],"picked":"hermit:SprayPray","floor":1},{"not_picked":["hermit:Misfire","hermit:HighCaliber"],"picked":"hermit:Ricochet","floor":1},{"not_picked":["Violence","hermit:Adapt","beaked:FakeOut"],"picked":"Apotheosis","floor":10},{"not_picked":["Thinking Ahead","expansioncontent:Corrupt","beaked:ShadowFade"],"picked":"expansioncontent:DashGenerateEvil","floor":14},{"not_picked":["hermit:Purgatory","hermit:BlackWind","beaked:ScreechingChant"],"picked":"hermit:RoundhouseKick","floor":16},{"not_picked":["hermit:Cheat","hermit:Quickdraw","beaked:Cower"],"picked":"hermit:BigShot","floor":18},{"not_picked":["hermit:Snipe+1","hermit:BodyArmor+1","beaked:TuckingFeathers"],"picked":"hermit:Quickdraw","floor":21},{"not_picked":["hubris:EnhanceAbility","Secret Technique","beaked:SacrificialScars"],"picked":"Crow Ritual","floor":23},{"not_picked":["Midas Touch","ReplayUltimateDefense","beaked:Caw"],"picked":"hermit:FromBeyond","floor":24},{"not_picked":["HandOfGreed","Secret Technique","beaked:KnowThyFoe"],"picked":"hermit:EternalForm","floor":25},{"not_picked":["Metamorphosis","hermit:DeadOrAlive","beaked:DarkPact"],"picked":"expansioncontent:QuickStudy","floor":27},{"not_picked":["infinitespire:DeathsTouch","infinitespire:SevenWalls"],"picked":"infinitespire:Gouge","floor":28},{"not_picked":["Chrysalis","expansioncontent:Corrupt","beaked:CheekyTricks"],"picked":"hermit:Dissolve","floor":29},{"not_picked":["expansioncontent:DashGenerateEvil","hermit:Gambit","beaked:FullHouse"],"picked":"hermit:RoundhouseKick","floor":31},{"not_picked":["Secret Weapon","hermit:BlackWind","beaked:Brainwash"],"picked":"ReplayTheSpireMod:Brewmster","floor":33},{"not_picked":["expansioncontent:DarkVoid","hermit:Vantage+1","beaked:Tradeoff"],"picked":"hermit:Roulette","floor":35},{"not_picked":["hermit:Manifest","hermit:Misfire+1","beaked:Brace"],"picked":"hermit:Quickdraw","floor":35}],"player_experience":200955,"relics_obtained":[{"floor":9,"key":"StuffTheSpire:Gunfinga"},{"floor":10,"key":"Bird Faced Urn"},{"floor":13,"key":"Tiny Chest"},{"floor":14,"key":"relicPack:NeonSign"},{"floor":15,"key":"infinitespire:Satchel"},{"floor":17,"key":"Potion Belt"},{"floor":17,"key":"hermit:Horseshoe"},{"floor":17,"key":"champ:DeflectingBracers"},{"floor":23,"key":"Prayer Wheel"},{"floor":24,"key":"PreservedInsect"},{"floor":25,"key":"StuffTheSpire:Wildfire"},{"floor":26,"key":"conspire:DecoderRing"},{"floor":27,"key":"infinitespire:Beetle Shell"},{"floor":29,"key":"relicPack:DarknessArmor"},{"floor":31,"key":"halation:PenCase"},{"floor":32,"key":"hubris:DuctTape"},{"floor":40,"key":"Incense Burner"},{"floor":42,"key":"Torii"},{"floor":43,"key":"aspiration:HatOfInfinitePower"},{"floor":45,"key":"ReplayTheSpireMod:Lightbulb"},{"floor":47,"key":"Pet Ghost"},{"floor":49,"key":"vexMod:BerryBomb"}],"event_choices":[],"is_beta":false,"boss_relics":[{"not_picked":["hermit:BartenderGlass","Replay:Wanted Poster"],"picked":"Calling Bell"},{"not_picked":["Ring of Chaos","Honey Jar"],"picked":"conspire:RunicOctahedron"}],"items_purged_floors":[],"is_endless":true,"potions_floor_spawned":[10,24,27,29,31,33,35],"killed_by":"Donu and Deca","ascension_level":20}}