{"host":"4lebci84u2l5u89t","time":1609231617,"event":{"mods":["AchievementEnabler","Aspiration","Bard","BaseMod","Beaked The Cultist","Better Altar","Better Match","Better Note","Better Sensory Stone","Better Skull","Better Third Choice","BetterRewards","CCEM","Colored Map","Conspire","GifTheSpireLib","Googly Eyes","Halation","Hermit","Highlight Path","Hubris","Jedi Mod","Jorbs\u0027s Wanderer Trilogy","Lobotomy","LobotomyExtend","Mad Scientist","Marisa????????","Mimic Mod","Minty Spire (QoL Compilation)","Permanent Neow","Replay The Spire","Shade Mod","Spicy Shops","StSLib","Stuff the Spire","The Administrix","The Mystic","Unceasing Turn Reminder"],"gold_per_floor":[110,110,126,138,138,138,173,185,185,203,222,249,249,264,264,369,369,379,391,401,420,436,467,467,486,562,562,562,582,682,714,714,811,811,830,850,864,880,896,927,927,927,927,939,954,954,979,995,995,995],"floor_reached":51,"playtime":3023,"items_purged":[],"score":969,"play_id":"ffe651e8-23a0-4ab3-a932-baa00e6851be","local_time":"20201229094657","is_ascension_mode":false,"campfire_choices":[],"circlet_count":0,"master_deck":["SpecialBullet","SpecialBullet","SpecialBullet","SpecialBullet","SpecialBullet","SpecialBullet","SpecialBullet","SpecialBullet","InformationCode","ExtractionCode","SecurityCode","WristCuter","Ecstasy+1","SolemnVow","CherryBlossom","Pinks","Wellcheers","DreamingCurrent","RedEyes","CherryBlossom","CherryBlossom","QueenBee","Regret_ego+1","Twilight+1","GoldRush+1","GoldRush+1","GoldRush+1","RedShoes","Christmas+1","GreedKing","ControlCode","NothingThere","DespairKnight","Regret_ego+1","Heaven+1","TT2Protocol","Lamp+1","TrainingCode","SoundOfStar+1","Woodsman","Moonlight+1","Scarecrow","CentralCode"],"relics":["CogitoBucket","Omamori","LetterFromLob","CCEMRelics:PorcelainBowl","Bag of Preparation","Blue Doll","MealTicket","ChangeAnything","jedi:crownofsimplicity","Cursed Key","AdjustmentMirror","SolemnVow_r","Pen Nib","SwordSharpenedByTears_r","SkinProphecy","AtMidnight","Letter Opener","halation:LettersToHer","Logging_r","Black Star","PreservedInsect","StuffTheSpire:Tea","hubris:Icosahedron","StuffTheSpire:RubySignet","halation:PrussianBluePaint","conspire:GiftBox"],"acts_visited":["Exordium","TheCity","TheBeyond"],"potions_floor_usage":[25,25,25,31,51],"damage_taken":[{"damage":18,"enemies":"Jaw Worm","floor":1,"turns":3},{"damage":27,"enemies":"Cultist","floor":3,"turns":5},{"damage":14,"enemies":"2 Louse","floor":4,"turns":4},{"damage":0,"enemies":"Gremlin Nob","floor":7,"turns":2},{"damage":0,"enemies":"Looter","floor":8,"turns":1},{"damage":9,"enemies":"Red Slaver","floor":10,"turns":2},{"damage":0,"enemies":"3 Louse","floor":11,"turns":1},{"damage":28,"enemies":"Lagavulin","floor":12,"turns":5},{"damage":0,"enemies":"Large Slime","floor":14,"turns":1},{"damage":0,"enemies":"Slime Boss","floor":16,"turns":2},{"damage":20,"enemies":"2 Thieves","floor":18,"turns":3},{"damage":14,"enemies":"Chosen","floor":19,"turns":2},{"damage":44,"enemies":"Snake Plant","floor":20,"turns":4},{"damage":40,"enemies":"Centurion and Healer","floor":21,"turns":4},{"damage":31,"enemies":"conspire:HollyBat","floor":22,"turns":6},{"damage":6,"enemies":"conspire:Head Lice","floor":23,"turns":6},{"damage":161,"enemies":"3 Cultists","floor":25,"turns":15},{"damage":12,"enemies":"Centurion and Healer","floor":29,"turns":3},{"damage":10,"enemies":"conspire:SneckoGhost","floor":31,"turns":4},{"damage":87,"enemies":"Collector","floor":33,"turns":7},{"damage":15,"enemies":"3 Shapes","floor":35,"turns":2},{"damage":10,"enemies":"Orb Walker","floor":36,"turns":2},{"damage":19,"enemies":"Jaw Worm Horde","floor":37,"turns":3},{"damage":15,"enemies":"Spire Growth","floor":38,"turns":2},{"damage":5,"enemies":"Maw","floor":39,"turns":3},{"damage":109,"enemies":"Reptomancer","floor":40,"turns":4},{"damage":37,"enemies":"Writhing Mass","floor":44,"turns":2},{"damage":9,"enemies":"Sphere and 2 Shapes","floor":45,"turns":2},{"damage":18,"enemies":"Nemesis","floor":47,"turns":3},{"damage":0,"enemies":"Maw","floor":48,"turns":4},{"damage":216,"enemies":"hubris:GrandSnecko","floor":50,"turns":10},{"damage":88,"enemies":"Malkuth","floor":51,"turns":3},{"damage":109,"enemies":"Netzach","floor":51,"turns":6},{"damage":273,"enemies":"Chesed","floor":51,"turns":6}],"seed_played":"-8883513489960941308","potions_obtained":[{"floor":8,"key":"FearPotion"},{"floor":11,"key":"Swift Potion"},{"floor":14,"key":"Languid Potion"},{"floor":16,"key":"PowerPotion"},{"floor":29,"key":"Block Potion"},{"floor":37,"key":"SteroidPotion"}],"is_trial":false,"path_per_floor":["M","?","M","M","?","R","E","M","T","M","M","E","R","M","R","B",null,"M","M","M","M","M","E","?","M","T","?","R","M","?","E","R","B",null,"M","M","M","M","M","E","R","?","T","M","M","R","E","M","R","B",null],"character_chosen":"Angela","items_purchased":[],"campfire_rested":0,"item_purchase_floors":[],"current_hp_per_floor":[60,11,22,40,40,40,55,69,69,69,70,58,58,70,70,74,74,74,73,45,45,62,98,98,20,20,20,20,34,34,64,64,34,112,114,120,122,128,130,106,106,106,106,126,140,140,146,152,152,156],"gold":995,"neow_bonus":"RANDOM_COMMON_RELIC","is_daily":false,"chose_seed":false,"campfire_upgraded":0,"win_rate":0.0,"timestamp":1609231617,"path_taken":["M","?","?","M","?","R","E","M","T","M","M","E","R","?","R","BOSS","M","M","M","M","M","E","?","M","T","?","R","M","?","E","R","BOSS","M","M","M","M","M","E","R","?","T","M","M","R","E","M","R","BOSS"],"items_purchased_type":[],"build_version":"2020-12-22","purchased_purges":0,"victory":true,"max_hp_per_floor":[70,70,70,70,70,70,70,70,70,70,70,70,70,70,70,74,74,78,82,86,90,94,98,98,98,98,98,98,100,100,106,106,112,112,114,120,122,128,130,136,136,136,136,138,140,140,146,152,152,156],"card_choices":[{"not_picked":["Noise"],"picked":"FourthMatchFlame","floor":1},{"not_picked":["Funeral","SpiderBud"],"picked":"DreamingCurrent","floor":1},{"not_picked":["Horn","Logging"],"picked":"SKIP","floor":1},{"not_picked":["Justitia"],"picked":"FourthMatchFlame","floor":3},{"not_picked":["RedEyes"],"picked":"WristCuter","floor":3},{"not_picked":["Logging"],"picked":"FourthMatchFlame","floor":4},{"not_picked":["OldLady","BeautyBeast"],"picked":"BlackArmy","floor":4},{"not_picked":["SwordSharpenedByTears","BearPaw"],"picked":"SKIP","floor":4},{"not_picked":["BlackSwan_ego","Noise"],"picked":"Ecstasy","floor":7},{"not_picked":["Regret_ego","Lantern","BlackSwan_ego"],"picked":"SKIP","floor":8},{"not_picked":["Ecstasy","Loneliness"],"picked":"SolemnVow","floor":10},{"not_picked":["Beak","Lantern"],"picked":"CherryBlossom","floor":11},{"not_picked":["Tough","Noise","WristCuter"],"picked":"SKIP","floor":12},{"not_picked":["RapturousDream","Penitence","Justitia"],"picked":"SKIP","floor":12},{"not_picked":["TodaysExpression","Laetitia_ego","Noise"],"picked":"SKIP","floor":14},{"not_picked":["CrumblingArmor","Wellcheers"],"picked":"Funeral","floor":16},{"not_picked":["CENSORED_ego","TheSmile"],"picked":"Pinks","floor":16},{"not_picked":["ShyLook","CrumblingArmor","FieryBird"],"picked":"Singing Bowl","floor":18},{"not_picked":["ShyLook","HappyTeddy"],"picked":"SingingMachine","floor":18},{"not_picked":["Harvest","Regret_ego","Lantern"],"picked":"SKIP","floor":18},{"not_picked":["Loneliness","Tough","TodaysExpression"],"picked":"SKIP","floor":18},{"not_picked":["ShyLook","Scarecrow","PunishingBird"],"picked":"Singing Bowl","floor":19},{"not_picked":["BeautyBeast","BlackSwan"],"picked":"Wellcheers","floor":19},{"not_picked":["Logging","SomewhereSpear","Hypocrisy"],"picked":"SKIP","floor":19},{"not_picked":["LongBird","CrumblingArmor","FairyFestival"],"picked":"Singing Bowl","floor":20},{"not_picked":["Bloodbath","VoidDream"],"picked":"DreamingCurrent","floor":20},{"not_picked":["Justitia","Lantern+1"],"picked":"RedEyes","floor":20},{"not_picked":["TodaysExpression","Tough","CUTE"],"picked":"SKIP","floor":20},{"not_picked":["SnowQueen","UniverseFragment"],"picked":"DespairKnight","floor":21},{"not_picked":["Lantern","Hypocrisy+1"],"picked":"CherryBlossom","floor":21},{"not_picked":["RapturousDream+1","SomewhereSpear","Pinks"],"picked":"SKIP","floor":21},{"not_picked":["RapturousDream","Beak+1"],"picked":"CherryBlossom","floor":22},{"not_picked":["MeatLantern","Yin"],"picked":"QueenOfHatred","floor":22},{"not_picked":["Lantern+1","TodaysExpression","Beak"],"picked":"SKIP","floor":22},{"not_picked":["OSAHOGD","Alriune","Murderer"],"picked":"Singing Bowl","floor":23},{"not_picked":["CrumblingArmor","UniverseFragment"],"picked":"QueenBee","floor":23},{"not_picked":["FeatherOfHonor+1","BlueScar+1","FrostShard+1"],"picked":"SKIP","floor":23},{"not_picked":["Beak+1","WristCuter+1","Lantern+1"],"picked":"SKIP","floor":23},{"not_picked":["FieryBird","ShyLook","UniverseFragment"],"picked":"Singing Bowl","floor":25},{"not_picked":["SomewhereSpear+1","Lantern+1","TodaysExpression+1"],"picked":"SKIP","floor":25},{"not_picked":["Horn+1","Lantern+1","Beak+1"],"picked":"SKIP","floor":25},{"not_picked":["MeatLantern","Rudolta","Mercenary"],"picked":"Singing Bowl","floor":29},{"not_picked":["Noise+1","Loneliness+1","Hornet+1"],"picked":"SKIP","floor":29},{"not_picked":["Penitence+1","RedEyes+1"],"picked":"Adoration+1","floor":31},{"not_picked":["DespairKnight","SnowQueen"],"picked":"Woodsman","floor":31},{"not_picked":["Discord+1","Noise+1","Lantern+1"],"picked":"SKIP","floor":31},{"not_picked":["SoundOfStar+1","Justitia+1"],"picked":"Twilight+1","floor":33},{"not_picked":["Mimicry+1","Justitia+1"],"picked":"GoldRush+1","floor":33},{"not_picked":["Adoration+1","Twilight+1"],"picked":"GoldRush+1","floor":33},{"not_picked":["Justitia+1","CENSORED_ego+1"],"picked":"GoldRush+1","floor":33},{"not_picked":["MeltingLove","NakedNest"],"picked":"RedShoes","floor":33},{"not_picked":["LittlePrince","ShyLook","CrumblingArmor"],"picked":"Singing Bowl","floor":35},{"not_picked":["Horn+1","BloodyDesire+1"],"picked":"Christmas+1","floor":35},{"not_picked":["WhitesApple","Laetitia","DespairKnight"],"picked":"Singing Bowl","floor":36},{"not_picked":["FieryBird","MeatLantern"],"picked":"GreedKing","floor":36},{"not_picked":["Beak+1","Tough+1","Reverberation+1"],"picked":"SKIP","floor":36},{"not_picked":["Horn+1","RapturousDream+1","Logging+1"],"picked":"SKIP","floor":36},{"not_picked":["CENSORED","HeroicMonk","LittlePrince"],"picked":"Singing Bowl","floor":37},{"not_picked":["RedEyes+1","Beak+1","FrostShard+1"],"picked":"SKIP","floor":37},{"not_picked":["LittleHelper","Freischutz"],"picked":"NothingThere","floor":38},{"not_picked":["GreenStem+1","SomewhereSpear+1","CherryBlossom+1"],"picked":"SKIP","floor":38},{"not_picked":["Loneliness+1","Christmas+1","Tough+1"],"picked":"SKIP","floor":38},{"not_picked":["SingingMachine","Rudolta","Alriune"],"picked":"Singing Bowl","floor":39},{"not_picked":["TodaysExpression+1","Pleasure+1","Logging+1"],"picked":"SKIP","floor":39},{"not_picked":["Murderer","MeltingLove","Alriune"],"picked":"Singing Bowl","floor":40},{"not_picked":["LittleHelper","Murderer"],"picked":"DespairKnight","floor":40},{"not_picked":["Tough+1","Horn+1"],"picked":"Regret_ego+1","floor":40},{"not_picked":["CUTE+1","Soda+1"],"picked":"Heaven+1","floor":40},{"not_picked":["WhitesApple","Scorched","Variant"],"picked":"Singing Bowl","floor":44},{"not_picked":["Spore+1","Beak+1","InTheNameOfLoveAndHate+1"],"picked":"SKIP","floor":44},{"not_picked":["WhitesApple","BigBird","FieryBird"],"picked":"Singing Bowl","floor":45},{"not_picked":["BlueScar+1","FrostShard+1"],"picked":"Lamp+1","floor":45},{"not_picked":["Galaxy+1","Reverberation+1","Loneliness+1"],"picked":"SKIP","floor":45},{"not_picked":["Galaxy+1","Reverberation+1","Loneliness+1"],"picked":"SKIP","floor":45},{"not_picked":["TheSmile+1","Justitia+1"],"picked":"SoundOfStar+1","floor":47},{"not_picked":["LongBird","LaLuna"],"picked":"Woodsman","floor":47},{"not_picked":["Penitence+1","Heaven+1"],"picked":"Moonlight+1","floor":47},{"not_picked":["HeroicMonk","Scorched"],"picked":"Scarecrow","floor":48},{"not_picked":["WristCuter+1","Regret_ego+1","RedEyes+1"],"picked":"SKIP","floor":48},{"not_picked":["Laetitia_ego+1","Logging+1","Hornet+1"],"picked":"SKIP","floor":48}],"player_experience":269097,"relics_obtained":[{"floor":1,"key":"LetterFromLob"},{"floor":7,"key":"MealTicket"},{"floor":12,"key":"jedi:crownofsimplicity"},{"floor":23,"key":"Pen Nib"},{"floor":25,"key":"AtMidnight"},{"floor":26,"key":"Letter Opener"},{"floor":31,"key":"halation:LettersToHer"},{"floor":40,"key":"PreservedInsect"},{"floor":40,"key":"StuffTheSpire:Tea"},{"floor":43,"key":"halation:LettersToHer"},{"floor":43,"key":"StuffTheSpire:RubySignet"},{"floor":47,"key":"halation:PrussianBluePaint"},{"floor":47,"key":"conspire:GiftBox"}],"event_choices":[{"damage_healed":0,"gold_gain":0,"player_choice":"RE RE RE ","damage_taken":55,"relics_obtained":["CCEMRelics:PorcelainBowl","Bag of Preparation","Blue Doll"],"max_hp_gain":0,"max_hp_loss":0,"event_name":"betterSkull:BetterSkull","floor":2,"gold_loss":0,"cards_upgraded":[]},{"damage_healed":0,"gold_gain":0,"player_choice":"Upgraded","damage_taken":0,"max_hp_gain":0,"max_hp_loss":0,"event_name":"Upgrade Shrine","floor":24,"gold_loss":0,"cards_upgraded":["Ecstasy"]},{"damage_healed":0,"gold_gain":0,"cards_transformed":["DespairKnight"],"player_choice":"Transformed","damage_taken":0,"max_hp_gain":0,"max_hp_loss":0,"event_name":"Transmorgrifier","floor":27,"gold_loss":0,"cards_obtained":["Regret_ego"]},{"damage_healed":0,"gold_gain":100,"player_choice":"Pray","damage_taken":0,"max_hp_gain":0,"max_hp_loss":0,"event_name":"Golden Shrine","floor":30,"gold_loss":0}],"is_beta":false,"boss_relics":[{"not_picked":["halation:HeavySnake","aspiration:PoetsPen_weak"],"picked":"Cursed Key"},{"not_picked":["Honey Jar","jedi:hotpepper"],"picked":"Black Star"}],"items_purged_floors":[],"is_endless":false,"potions_floor_spawned":[8,11,14,16,29,37],"ascension_level":0}}