{"host":"792mtbovsoa03nb3","time":1609211026,"event":{"mods":["BaseMod","Colored Map","Dota2Spire","Downfall","Hubris","Infinite Spire","Minty Spire (QoL Compilation)","Replay The Spire","Spicy Shops","StSLib","The Blue Laboratory","The Jungle"],"gold_per_floor":[119,119,133,144,157,157,182,182,207,236,251,271,304,324,324,424,424,441,243,257,273,286,321,321,321,321,347,347,374,374,386,386,489,489,509,30,30,50,73,100,100,110,180,212,212,17,17,45,45,152,152,163,183,203,203,222,254,254,275,275,286,307,332,107,107,107,186,186,192,199,201,203,285,311,311,311,311,334,303,303],"floor_reached":79,"playtime":4023,"items_purged":["Strike_B"],"score":2194,"play_id":"aa4492e7-2194-4f34-b725-9c1e6e9db331","local_time":"20201228190346","is_ascension_mode":true,"campfire_choices":[{"data":"Armaments","floor":6.0,"key":"SMITH"},{"data":"Hemogenesis","floor":8,"key":"SMITH"},{"data":"Offering","floor":15,"key":"SMITH"},{"data":"Armaments","floor":25,"key":"SMITH"},{"data":"Metallicize","floor":28,"key":"SMITH"},{"data":"Bloodletting","floor":30,"key":"SMITH"},{"data":"Metallicize","floor":32,"key":"SMITH"},{"data":"ReplayTheSpireMod:Chaos Vortex","floor":41,"key":"SMITH"},{"data":"Limit Break","floor":47,"key":"SMITH"},{"data":"Limit Break","floor":49,"key":"SMITH"},{"data":"Limit Break","floor":58,"key":"SMITH"},{"data":"infinitespire:UltimateForm","floor":66,"key":"SMITH"},{"data":"Demon Form","floor":75,"key":"SMITH"}],"circlet_count":0,"master_deck":["Bash","Hemogenesis+1","Clash","Armaments+1","Double Tap","ReplayTheSpireMod:Stacked","Metallicize+1","Offering+1","Clash","Reaper","Metallicize+1","Armaments+1","Searing Blow","Dual Wield+1","Anger","Bloodletting+1","ReplayTheSpireMod:Chaos Vortex+1","Limit Break+1","Second Wind","Madness","Madness","Carnage","infinitespire:UltimateForm+1","Limit Break+1","Limit Break+1","Armaments","Demon Form+1","Metallicize","Feed","Sentinel","ReplayReversal","Perfected Strike","Sword Boomerang","Power Through+1","Pain","Battle Trance"],"relics":["Black Blood","ReplayFunnel","Dota2Spire:DrumOfEndurance","Bag of Marbles","Dota2Spire:OrchidMalevolence","Replay:Grab Bag","Painkiller Herb","Sozu","Replay:Drink Me","Ginger","Dota2Spire:ShadowBlade","Red Mask","Dota2Spire:UrnOfShadows","Replay:Bronze Core","Dota2Spire:ArcaneBoots","Bronze Scales","Replay:WaspNest","ReplayTheSpireMod:Spearhead","Lantern","infinitespire:Eraser","infinitespire:EvilPickle","infinitespire:Burning Sword","Du-Vu Doll","infinitespire:PuzzleCube","HandDrill","BranchBurnRelic","Pandora\u0027s Box","hubris:MedicalManual","WarpedTongs","Replay:Ringing Soul"],"acts_visited":["Exordium","TheCity","TheBeyond","Exordium","TheCity"],"potions_floor_usage":[10,12,13,16,23],"damage_taken":[{"damage":2.0,"enemies":"2 Louse","floor":1.0,"turns":5.0},{"damage":5.0,"enemies":"Cultist","floor":3.0,"turns":4.0},{"damage":7.0,"enemies":"Small Slimes","floor":4.0,"turns":5.0},{"damage":31.0,"enemies":"Exordium Thugs","floor":5.0,"turns":8.0},{"damage":35,"enemies":"Gremlin Nob","floor":7,"turns":5},{"damage":20,"enemies":"Lagavulin","floor":10,"turns":5},{"damage":16,"enemies":"Blue Slaver","floor":11,"turns":4},{"damage":7,"enemies":"2 Fungi Beasts","floor":12,"turns":5},{"damage":0,"enemies":"3 Sentries","floor":13,"turns":11},{"damage":6,"enemies":"Red Slaver","floor":14,"turns":2},{"damage":30,"enemies":"Slime Boss","floor":16,"turns":8},{"damage":23,"enemies":"Spheric Guardian","floor":18,"turns":6},{"damage":6,"enemies":"Shell Parasite","floor":20,"turns":2},{"damage":6,"enemies":"Centurion and Healer","floor":21,"turns":5},{"damage":27,"enemies":"Snake Plant","floor":22,"turns":5},{"damage":49,"enemies":"Slavers","floor":23,"turns":7},{"damage":26,"enemies":"Masked Bandits","floor":27,"turns":5},{"damage":12,"enemies":"Book of Stabbing","floor":29,"turns":4},{"damage":9,"enemies":"3 Cultists","floor":31,"turns":4},{"damage":21,"enemies":"Pondfish","floor":33,"turns":11},{"damage":27,"enemies":"3 Shapes","floor":35,"turns":5},{"damage":9,"enemies":"3 Darklings","floor":38,"turns":4},{"damage":19,"enemies":"R_Hoarder","floor":40,"turns":5},{"damage":9,"enemies":"Sphere and 2 Shapes","floor":42,"turns":5},{"damage":50,"enemies":"Reptomancer","floor":44,"turns":3},{"damage":9,"enemies":"Nightmare","floor":48,"turns":5},{"damage":38,"enemies":"Awakened One","floor":50,"turns":7},{"damage":27,"enemies":"Small Slimes","floor":52,"turns":3},{"damage":9,"enemies":"Jaw Worm","floor":53,"turns":1},{"damage":0,"enemies":"2 Louse","floor":54,"turns":2},{"damage":6,"enemies":"2 Fungi Beasts","floor":56,"turns":3},{"damage":0,"enemies":"Lagavulin","floor":57,"turns":3},{"damage":6,"enemies":"Gremlin Nob","floor":59,"turns":4},{"damage":20,"enemies":"Exordium Thugs","floor":61,"turns":4},{"damage":3,"enemies":"Looter","floor":62,"turns":2},{"damage":0,"enemies":"Gremlin Gang","floor":63,"turns":1},{"damage":1,"enemies":"2 Fungi Beasts","floor":65,"turns":2},{"damage":7,"enemies":"Fading Forest","floor":67,"turns":6},{"damage":14,"enemies":"2 Thieves","floor":69,"turns":3},{"damage":3,"enemies":"Shell Parasite","floor":70,"turns":3},{"damage":8,"enemies":"Chosen and Byrds","floor":71,"turns":3},{"damage":38,"enemies":"Centurion and Healer","floor":72,"turns":4},{"damage":11,"enemies":"Gremlin Leader","floor":74,"turns":3},{"damage":16,"enemies":"3 Cultists","floor":78,"turns":3},{"damage":52,"enemies":"Book of Stabbing","floor":79,"turns":2}],"seed_played":"5214511465002488170","potions_obtained":[{"floor":7,"key":"PowerPotion"},{"floor":10,"key":"blueLaboratory:FrostheartPotion"},{"floor":12,"key":"Block Potion"},{"floor":14,"key":"blueLaboratory:LouseDecoction"},{"floor":16,"key":"Elixir"}],"is_trial":false,"path_per_floor":["M","?","M","M","M","R","E","R","T","E","M","M","E","M","R","B",null,"?","T","?","?","?","E","?","T","T","?","T","E","T","?","T","B",null,"?","?","T","?","T","E","T","?","T","E","?","T","T","NM","T","B",null,"?","?","?","?","?","E","T","E","T","?","?","?","T","?","T","B",null,"?","?","?","?","T","E","T","?","T","?","E"],"character_chosen":"IRONCLAD","items_purchased":["Metallicize","Armaments","Searing Blow","Lantern","Carnage","HandDrill"],"campfire_rested":0,"item_purchase_floors":[19,19,19,46,46,64],"current_hp_per_floor":[80,80,80,79,61,61,39,39,39,25,23,30,44,44,44,31,53,55,55,60,60,53,41,41,41,41,60,60,60,60,60,60,60,60,60,60,60,60,60,60,60,60,60,34,26,26,26,60,60,48,57,42,60,60,60,60,60,60,60,60,52,60,60,60,60,60,60,60,63,63,63,48,48,63,63,63,63,66,0,0],"gold":303,"neow_bonus":"THREE_RARE_CARDS","is_daily":false,"chose_seed":false,"campfire_upgraded":13,"win_rate":0.0,"timestamp":1609211026,"path_taken":["M","?","?","?","M","R","E","R","T","E","M","M","E","M","R","BOSS","?","T","?","?","?","E","?","T","T","?","T","E","T","?","T","BOSS","?","?","T","?","?","E","T","?","T","E","?","T","T","NM","T","BOSS","?","?","?","?","?","E","T","E","T","?","?","?","T","?","T","BOSS","?","?","?","?","?","E","T","?","T","?","E"],"items_purchased_type":["Card","Card","Card","Relic","Card","Relic"],"build_version":"2020-12-22","purchased_purges":1,"victory":false,"max_hp_per_floor":[80,80,80,80,80,80,80,80,80,80,80,80,80,80,80,80,60,60,60,60,60,60,60,60,60,60,60,60,60,60,60,60,60,60,60,60,60,60,60,60,60,60,60,60,60,60,60,60,60,60,60,60,60,60,60,60,60,60,60,60,60,60,60,60,60,60,60,60,63,63,63,63,63,63,63,63,63,66,66,66],"card_choices":[{"not_picked":["Offering","Eclipse"],"picked":"Hemogenesis","floor":0.0},{"not_picked":["Replay:Undeath\u0027s Touch","Intimidate"],"picked":"Clash","floor":1.0},{"not_picked":["ReplayTheSpireMod:Muscle Training","Pommel Strike"],"picked":"Armaments","floor":3.0},{"not_picked":["Twin Strike","Body Slam","Anger"],"picked":"SKIP","floor":4.0},{"not_picked":["Heavy Blade","Clothesline","Warcry"],"picked":"SKIP","floor":5.0},{"not_picked":["Havoc","Sword Boomerang"],"picked":"Double Tap","floor":7},{"not_picked":["Heavy Blade","Run Through","Rupture"],"picked":"SKIP","floor":10},{"not_picked":["Pommel Strike","Body Slam"],"picked":"ReplayTheSpireMod:Stacked","floor":11},{"not_picked":["Ghostly Armor","Replay:Undeath\u0027s Touch"],"picked":"Metallicize","floor":12},{"not_picked":["Infernal Blade","Anger"],"picked":"Offering","floor":13},{"not_picked":["Shrug It Off","Massacre"],"picked":"Clash","floor":14},{"not_picked":["Demon Form","Juggernaut"],"picked":"Reaper","floor":16},{"not_picked":["Twin Strike","Sword Boomerang","Defy Death"],"picked":"SKIP","floor":18},{"not_picked":["Cleave","Carnage"],"picked":"Dual Wield+1","floor":20},{"not_picked":["True Grit","Ghostly Armor"],"picked":"Anger","floor":21},{"not_picked":["Shockwave","hubris:ReadiedAction+1","Body Slam+1"],"picked":"SKIP","floor":22},{"not_picked":["Warcry+1","Anger","Havoc"],"picked":"SKIP","floor":23},{"not_picked":["hubris:ReadiedAction","Thunderclap"],"picked":"Bloodletting","floor":29},{"not_picked":["Havoc","Pommel Strike","Headbutt"],"picked":"SKIP","floor":31},{"not_picked":["Replay:Undeath\u0027s Touch","hubris:CleavingFinish","Wild Strike"],"picked":"SKIP","floor":35},{"not_picked":["infinitespire:SevenWalls","ReplayTheSpireMod:Black Plague"],"picked":"ReplayTheSpireMod:Chaos Vortex","floor":36},{"not_picked":["True Grit","ReplayTheSpireMod:Strike From Hell","Dropkick"],"picked":"SKIP","floor":38},{"not_picked":["Perfected Strike","Pummel"],"picked":"Limit Break","floor":40},{"not_picked":["True Grit","Havoc+1","Sword Boomerang+1"],"picked":"SKIP","floor":42},{"not_picked":["Massacre","Reckless Charge"],"picked":"Second Wind","floor":44},{"not_picked":["infinitespire:Punishment","ReplayTheSpireMod:Black Plague"],"picked":"infinitespire:UltimateForm","floor":48},{"not_picked":["Sever Soul","Abandon"],"picked":"Limit Break","floor":48},{"not_picked":["Fiend Fire","Demonic Infusion"],"picked":"Limit Break","floor":50},{"not_picked":["True Grit","Infernal Blade","Battle Trance"],"picked":"SKIP","floor":52},{"not_picked":["Dark Embrace","Infernal Blade"],"picked":"Armaments","floor":53},{"not_picked":["Carnage","Perfected Strike","hubris:ReadiedAction"],"picked":"SKIP","floor":54},{"not_picked":["Iron Wave","Perfected Strike","Fiend Fire"],"picked":"SKIP","floor":56},{"not_picked":["Warcry","Perfected Strike","ReplayTheSpireMod:Stacked"],"picked":"SKIP","floor":57},{"not_picked":["Armaments","ReplayTheSpireMod:Strike From Hell"],"picked":"Demon Form","floor":59},{"not_picked":["Abandon","Flame Barrier"],"picked":"Metallicize","floor":61},{"not_picked":["Havoc","Pommel Strike","ReplayTheSpireMod:LeadingStrike"],"picked":"SKIP","floor":62},{"not_picked":["Havoc","Intimidate","Life Link"],"picked":"SKIP","floor":63},{"not_picked":["Spot Weakness","Replay:Undeath\u0027s Touch","Armaments"],"picked":"SKIP","floor":65},{"not_picked":["Reaper","hubris:StunningStrike"],"picked":"Feed","floor":67},{"not_picked":["Headbutt","ReplayTheSpireMod:LeadingStrike","Wild Strike"],"picked":"SKIP","floor":69},{"not_picked":["Headbutt","Sword Boomerang","Perfected Strike"],"picked":"SKIP","floor":70},{"not_picked":["Anger+1","ReplayTheSpireMod:Muscle Training"],"picked":"Power Through+1","floor":71},{"not_picked":["Flex","Clash+1","Rage+1"],"picked":"SKIP","floor":72},{"not_picked":["Rage","Perfected Strike","hubris:StunningStrike"],"picked":"SKIP","floor":74},{"not_picked":["Twin Strike","Clothesline"],"picked":"Battle Trance","floor":78}],"player_experience":809754,"relics_obtained":[{"floor":7,"key":"ReplayFunnel"},{"floor":9,"key":"Dota2Spire:DrumOfEndurance"},{"floor":10,"key":"Bag of Marbles"},{"floor":13,"key":"Dota2Spire:OrchidMalevolence"},{"floor":23,"key":"Ginger"},{"floor":26,"key":"Dota2Spire:ShadowBlade"},{"floor":27,"key":"Red Mask"},{"floor":29,"key":"Dota2Spire:UrnOfShadows"},{"floor":39,"key":"Dota2Spire:ArcaneBoots"},{"floor":40,"key":"Bronze Scales"},{"floor":43,"key":"Replay:WaspNest"},{"floor":44,"key":"ReplayTheSpireMod:Spearhead"},{"floor":48,"key":"infinitespire:Eraser"},{"floor":57,"key":"Du-Vu Doll"},{"floor":59,"key":"Dead Branch"},{"floor":60,"key":"infinitespire:PuzzleCube"},{"floor":74,"key":"hubris:MedicalManual"},{"floor":77,"key":"Replay:Ringing Soul"}],"event_choices":[{"cards_removed":["Guardian:TwinSlam"],"damage_healed":0.0,"max_hp_gain":0.0,"max_hp_loss":0.0,"gold_gain":0.0,"event_name":"Bonfire Elementals","player_choice":"Offered Basic","floor":2.0,"gold_loss":0.0,"damage_taken":0.0},{"cards_removed":["Strike_R"],"damage_healed":0,"gold_gain":0,"player_choice":"Elegance","damage_taken":0,"max_hp_gain":0,"max_hp_loss":0,"event_name":"Back to Basics","floor":24,"gold_loss":0},{"damage_healed":0,"gold_gain":0,"player_choice":"Fought Bandits","damage_taken":0,"max_hp_gain":0,"max_hp_loss":0,"event_name":"Masked Bandits","floor":27,"gold_loss":0},{"damage_healed":0,"gold_gain":0,"player_choice":"Embrace Madness","damage_taken":8,"max_hp_gain":0,"max_hp_loss":0,"event_name":"Winding Halls","floor":45,"gold_loss":0,"cards_obtained":["Madness","Madness"]},{"cards_removed":["Strike_R"],"damage_healed":0,"gold_gain":0,"player_choice":"Purged","damage_taken":0,"max_hp_gain":0,"max_hp_loss":0,"event_name":"Purifier","floor":55,"gold_loss":0},{"damage_healed":0,"gold_gain":0,"player_choice":"Rummage","damage_taken":0,"relics_obtained":["WarpedTongs"],"max_hp_gain":0,"max_hp_loss":0,"event_name":"Accursed Blacksmith","floor":76,"gold_loss":0,"cards_obtained":["Pain"]}],"is_beta":false,"boss_relics":[{"not_picked":["Honey Jar","Calling Bell"],"picked":"Replay:Grab Bag"},{"not_picked":["Dota2Spire:Bloodstone","ReplayTheSpireMod:Onyx Gauntlets"],"picked":"Painkiller Herb"},{"not_picked":["hubris:CrackedHourglass","ChewingGum"],"picked":"Sozu"},{"not_picked":["SlaversCollar","Ring of Chaos"],"picked":"Black Blood"},{"not_picked":["ReplayTheSpireMod:SealedPack","Runic Cube"],"picked":"Replay:Drink Me"},{"not_picked":["Replay:Ancient Bell","Replay:Wanted Poster"],"picked":"Replay:Bronze Core"},{"not_picked":["Runic Dome","hubris:GrandSneckoEye"],"picked":"infinitespire:Burning Sword"},{"not_picked":["Abe\u0027s Treasure","Replay:Fungal Core"],"picked":"Pandora\u0027s Box"}],"items_purged_floors":[64],"is_endless":true,"potions_floor_spawned":[7,10,12,14,16,18,21,22,33,38,40,44,54,56,57,61,65,69,70,72],"killed_by":"Book of Stabbing","ascension_level":7}}