{"host":"9nt1zhl3k8mtcf72","time":1609219322,"event":{"mods":["Aspiration","BaseMod","BetterRewards","Conjunction","Conspire","Downfall","Energized Spire","Friendly Minions","GifTheSpireLib","Halation","Hubris","Infinite Spire","Jedi Mod","Mimic Mod","Minty Spire (QoL Compilation)","RatMod","Replay The Spire","Spikes Relics","StSLib","Stuff the Spire","Trackpad","Useless Jewels Mod","Wandering Minibosses","vexMod"],"gold_per_floor":[99,99,19,19,19,19,19,35,46,61,90,15,25,55,124,124,124,124],"floor_reached":16,"playtime":615,"items_purged":[],"score":110,"play_id":"e99be5e3-91dd-4cdc-86e2-667a1b5bd1a2","local_time":"20201229002202","is_ascension_mode":false,"campfire_choices":[{"floor":1,"key":"RECALL"},{"floor":12,"key":"REST"}],"circlet_count":0,"master_deck":["hexamod:Strike","hexamod:Strike","hexamod:Strike","hexamod:Strike","hexamod:Defend","hexamod:Defend","hexamod:Defend","hexamod:Defend","hexamod:Sear","hexamod:Float","CloudedMind","hexamod:SpectersWail","hexamod:FlamesFromBeyond+1","White Noise","hexamod:PowerFromBeyond","hexamod:Firestarter","hexamod:GhostLash","hexamod:SpectersWail","hexamod:WildfireWeapon","Doom and Gloom","hexamod:BurningTouch","hexamod:SpectersWail"],"relics":["hexamod:SpiritBrand","downfall:HeartsMalice","hubris:DisguiseKit","infinitespire:PuzzleCube","downfall:HeartBlessingBlue","Iron Hammer"],"acts_visited":["Exordium"],"potions_floor_usage":[15,15],"damage_taken":[{"damage":0,"enemies":"downfall:FleeingMerchant","floor":3,"turns":1},{"damage":0,"enemies":"conspire:RoseBush","floor":5,"turns":1},{"damage":0,"enemies":"Jaw Worm","floor":6,"turns":1},{"damage":1,"enemies":"2 Louse","floor":8,"turns":3},{"damage":10,"enemies":"Lots of Slimes","floor":9,"turns":4},{"damage":19,"enemies":"Gremlin Gang","floor":10,"turns":4},{"damage":34,"enemies":"Gremlin Nob","floor":11,"turns":4},{"damage":0,"enemies":"2 Fungi Beasts","floor":13,"turns":2},{"damage":24,"enemies":"3 Sentries","floor":14,"turns":5},{"damage":2,"enemies":"Exordium Wildlife","floor":15,"turns":5},{"damage":17,"enemies":"downfall:Watcher","floor":16,"turns":5}],"seed_played":"-1275327018685210625","potions_obtained":[{"floor":8,"key":"jedi:mysterypotion"},{"floor":10,"key":"SkillPotion"},{"floor":13,"key":"jedi:tentaclejuice"}],"is_trial":false,"path_per_floor":["R","?","$","?","M","M","T","M","M","M","E","R","M","E","M","B"],"character_chosen":"THE_SPIRIT","items_purchased":["hexamod:FlamesFromBeyond"],"campfire_rested":1,"item_purchase_floors":[3],"current_hp_per_floor":[70,70,70,70,70,70,70,69,59,40,6,40,40,16,14,0,0,0],"gold":124,"neow_bonus":"THREE_ENEMY_KILL","is_daily":false,"chose_seed":false,"campfire_upgraded":0,"win_rate":0.0,"timestamp":1609219322,"path_taken":["R","?","?","?","M","M","T","?","M","M","E","R","?","E","M","BOSS"],"items_purchased_type":["Card"],"build_version":"2020-12-22","purchased_purges":0,"victory":false,"max_hp_per_floor":[70,70,70,70,70,70,70,70,70,70,70,80,80,80,80,80,80,80],"card_choices":[{"not_picked":["hexamod:Hexaguard","hexamod:BurningTouch","jedi:BurstFrost"],"picked":"hexamod:SpectersWail","floor":3},{"not_picked":["hexamod:ShieldOfDarkness","hexamod:SwordOfDarkness","hexamod:PhantomFireball"],"picked":"White Noise","floor":5},{"not_picked":["hexamod:RecurringNightmare","hexamod:Rewind","BasicCrystalCard"],"picked":"hexamod:PowerFromBeyond","floor":6},{"not_picked":["hexamod:PhantomFireball","hexamod:SpectralSpark","Chaos"],"picked":"hexamod:Firestarter","floor":8},{"not_picked":["hexamod:Again","hexamod:HauntingEcho","jedi:sharpshooter"],"picked":"hexamod:GhostLash","floor":9},{"not_picked":["hexamod:ChargedBarrage","hexamod:HauntingEcho","Steam"],"picked":"hexamod:SpectersWail","floor":10},{"not_picked":["hexamod:Firestarter","hexamod:NightmareStrike","Crystallizer"],"picked":"hexamod:WildfireWeapon","floor":11},{"not_picked":["hexamod:BacktrackSmack","hexamod:InspiringFlames","hexamod:ShieldOfDarkness"],"picked":"Doom and Gloom","floor":13},{"not_picked":["hexamod:SwordOfDarkness","hexamod:TimeWarp","ReplayRNGCard"],"picked":"hexamod:BurningTouch","floor":14},{"not_picked":["hexamod:NightmareStrike","hexamod:FourthSeal","Compile Driver"],"picked":"hexamod:SpectersWail","floor":15}],"player_experience":476315,"relics_obtained":[{"floor":11,"key":"infinitespire:PuzzleCube"},{"floor":14,"key":"Iron Hammer"}],"event_choices":[{"damage_healed":0,"gold_gain":0,"player_choice":"Upgraded","damage_taken":0,"max_hp_gain":0,"max_hp_loss":0,"event_name":"Upgrade Shrine","floor":4,"gold_loss":0,"cards_upgraded":["hexamod:FlamesFromBeyond"]}],"is_beta":false,"boss_relics":[],"items_purged_floors":[],"is_endless":false,"potions_floor_spawned":[8,10,13,14],"killed_by":"downfall:Watcher","ascension_level":0}}