{"host":"ecaj4hn004xnnrw9","time":1609208193,"event":{"mods":["AchievementEnabler","BaseMod","Hermit","Minty Spire (QoL Compilation)","Quick Restart","Replay The Spire","Shop Mod","StSLib","The Jungle"],"gold_per_floor":[119,294,294,308,328,328,11,11,86,100,100,100,110,140,140,239,239,253,271,289,289,302,302,330,347,347,347,408,434,584,611,611,711,711,730,745,745,40,57,84,84,118,145,155,205,205,218,218,218,218],"floor_reached":51,"playtime":1848,"items_purged":["Doubt","ReplayTheSpireMod:Splinters"],"score":1099,"play_id":"354e5315-50cf-46ad-bc9f-84a4c39c7ab6","local_time":"20201229021633","is_ascension_mode":true,"campfire_choices":[{"data":"Bash","floor":6,"key":"SMITH"},{"data":"Inflame","floor":8,"key":"SMITH"},{"data":"Heavy Blade","floor":11,"key":"SMITH"},{"data":"Heavy Blade","floor":15,"key":"SMITH"},{"floor":23,"key":"REST"},{"data":"Uppercut","floor":27,"key":"SMITH"},{"data":"True Grit","floor":32,"key":"SMITH"},{"data":"Spot Weakness","floor":41,"key":"SMITH"},{"data":"Pommel Strike","floor":46,"key":"SMITH"},{"data":"Limit Break","floor":49,"key":"SMITH"}],"circlet_count":0,"master_deck":["Strike_R+1","Strike_R","Defend_R","Defend_R","Defend_R+1","Defend_R","Bash+1","Pommel Strike+1","Inflame+1","Spot Weakness+1","Shrug It Off+1","Heavy Blade+1","Heavy Blade+1","True Grit+1","Reaper+1","Sword Boomerang+1","Inflame+1","Uppercut+1","True Grit+1","Abandon+1","Armaments+1","Brutality+1","Shrug It Off+1","Metallicize+1","Battle Trance+1","Limit Break+1"],"relics":["Philosopher\u0027s Stone","Lizard Tail","Blue Candle","Vajra","Painkiller Herb","Singing Bowl","TungstenRod","Whetstone","War Paint","Astrolabe","Anchor","Nunchaku","MealTicket","Strange Spoon","Red Skull","Ice Cream","Replay:Wax Seal","Prayer Wheel"],"acts_visited":["Exordium","Exordium","TheBeyond"],"potions_floor_usage":[13,16,24,29,29,29,33,36,40,42,42,42,50],"damage_taken":[{"damage":0,"enemies":"Small Slimes","floor":1,"turns":3},{"damage":8,"enemies":"Jaw Worm","floor":4,"turns":3},{"damage":2,"enemies":"Cultist","floor":5,"turns":3},{"damage":1,"enemies":"3 Louse","floor":10,"turns":3},{"damage":10,"enemies":"Gremlin Gang","floor":13,"turns":4},{"damage":14,"enemies":"Gremlin Nob","floor":14,"turns":3},{"damage":16,"enemies":"Fading Forest","floor":16,"turns":11},{"damage":6,"enemies":"Shell Parasite","floor":18,"turns":3},{"damage":14,"enemies":"theJungle:GiantWrat","floor":19,"turns":3},{"damage":41,"enemies":"theJungle:2_Snecko_Cultists","floor":20,"turns":4},{"damage":74,"enemies":"theJungle:JungleHuntersEncounter","floor":22,"turns":5},{"damage":30,"enemies":"theJungle:MamaSnecko","floor":24,"turns":4},{"damage":25,"enemies":"theJungle:SlimyTreeVines","floor":25,"turns":4},{"damage":27,"enemies":"theJungle:2_Phrogs","floor":29,"turns":4},{"damage":5,"enemies":"theJungle:MamaSnecko","floor":31,"turns":4},{"damage":7,"enemies":"theJungle:FunGuy","floor":33,"turns":5},{"damage":17,"enemies":"Orb Walker","floor":35,"turns":4},{"damage":25,"enemies":"3 Shapes","floor":36,"turns":4},{"damage":13,"enemies":"Writhing Mass","floor":39,"turns":5},{"damage":19,"enemies":"Giant Head","floor":40,"turns":6},{"damage":1,"enemies":"Nemesis","floor":42,"turns":5},{"damage":0,"enemies":"Jaw Worm Horde","floor":44,"turns":3},{"damage":0,"enemies":"Mind Bloom Boss Battle","floor":45,"turns":5},{"damage":7,"enemies":"Sphere and 2 Shapes","floor":47,"turns":5},{"damage":45,"enemies":"Awakened One","floor":50,"turns":6}],"seed_played":"-5817216972814307544","potions_obtained":[{"floor":13,"key":"Venom Potion"},{"floor":14,"key":"SpeedPotion"},{"floor":22,"key":"AttackPotion"},{"floor":24,"key":"FearPotion"},{"floor":28,"key":"Adrenaline Potion"},{"floor":28,"key":"PowerPotion"},{"floor":31,"key":"Block Potion"},{"floor":33,"key":"LifebloodPotion"},{"floor":40,"key":"Reflective Coating"},{"floor":42,"key":"EssenceOfSteel"},{"floor":47,"key":"FairyPotion"}],"is_trial":false,"path_per_floor":["M","?","T","M","M","R","$","R","T","M","R","?","M","E","R","B",null,"?","?","?","?","?","T","E","?","T","T","?","E","?","E","T","B",null,"?","?","T","T","?","E","T","E","T","?","?","T","?","?","T","B",null],"character_chosen":"IRONCLAD","items_purchased":["Inflame","Spot Weakness","Shrug It Off","BloodPotion","Nunchaku","Block Potion","SteroidPotion","BloodPotion","MealTicket","Strange Spoon"],"campfire_rested":1,"item_purchase_floors":[7,7,7,7,38,38,38,38,38,38],"current_hp_per_floor":[72,72,72,64,62,62,62,62,62,61,61,53,59,45,45,51,73,67,64,33,33,22,46,50,41,41,41,43,45,45,78,78,73,86,75,84,84,84,73,74,74,92,92,92,98,98,93,93,93,55],"gold":218,"neow_bonus":"BOSS_RELIC","is_daily":false,"chose_seed":false,"campfire_upgraded":9,"win_rate":0.0,"timestamp":1609208193,"path_taken":["M","?","?","M","M","R","?","R","T","M","R","?","M","E","R","BOSS","?","?","?","?","?","T","E","?","T","T","?","E","?","E","T","BOSS","?","?","?","T","?","E","T","E","T","?","?","T","?","?","T","BOSS"],"items_purchased_type":["Card","Card","Card","Potion","Relic","Potion","Potion","Potion","Relic","Relic"],"build_version":"2020-12-22","purchased_purges":2,"victory":true,"max_hp_per_floor":[80,80,80,80,80,80,80,80,80,80,80,80,80,80,80,80,80,80,80,80,80,80,80,82,82,82,82,84,86,86,88,88,90,90,92,94,94,94,96,98,98,98,98,98,98,98,100,100,100,100],"card_choices":[{"not_picked":["Havoc","Body Slam","Dual Wield"],"picked":"SKIP","floor":1},{"not_picked":["Flex","Armaments","Bloodletting"],"picked":"SKIP","floor":4},{"not_picked":["Headbutt","Cleave"],"picked":"Pommel Strike","floor":5},{"not_picked":["Headbutt","Wild Strike"],"picked":"Heavy Blade","floor":10},{"not_picked":["Uppercut","Bloodletting"],"picked":"Heavy Blade","floor":13},{"not_picked":["Fire Breathing","Intimidate"],"picked":"True Grit","floor":14},{"not_picked":["Replay:Many Hands","Demonic Infusion"],"picked":"Reaper","floor":16},{"not_picked":["Intimidate","Reckless Charge","Dropkick"],"picked":"SKIP","floor":18},{"not_picked":["Clothesline","Headbutt"],"picked":"Sword Boomerang+1","floor":19},{"not_picked":["Abandon","Entrench"],"picked":"Inflame","floor":20},{"not_picked":["Run Through","Havoc"],"picked":"Uppercut","floor":22},{"not_picked":["Fiend Fire","Sword Boomerang","Armaments"],"picked":"Singing Bowl","floor":24},{"not_picked":["Cleave","Warcry"],"picked":"True Grit+1","floor":25},{"not_picked":["Iron Wave","Heavy Blade+1","ReplayTheSpireMod:Muscle Training"],"picked":"Singing Bowl","floor":28},{"not_picked":["Armaments+1","Heavy Blade","Feel No Pain+1"],"picked":"Singing Bowl","floor":29},{"not_picked":["Shockwave","Anger","Perfected Strike"],"picked":"Singing Bowl","floor":31},{"not_picked":["Demonic Infusion","Barricade","Eclipse"],"picked":"Singing Bowl","floor":33},{"not_picked":["Perfected Strike+1","Rupture+1","Life Link"],"picked":"Singing Bowl","floor":35},{"not_picked":["Body Slam+1","ReplayTheSpireMod:Strike From Hell+1","Clash"],"picked":"Singing Bowl","floor":36},{"not_picked":["Feel No Pain+1","Cleave+1","Headbutt"],"picked":"Singing Bowl","floor":39},{"not_picked":["Iron Wave+1","Second Wind+1","Defy Death"],"picked":"Singing Bowl","floor":40},{"not_picked":["Sword Boomerang+1","Sever Soul"],"picked":"Shrug It Off+1","floor":42},{"not_picked":["Blood for Blood","Body Slam"],"picked":"Metallicize+1","floor":44},{"not_picked":["Iron Wave+1","Run Through"],"picked":"Battle Trance+1","floor":45},{"not_picked":["Warcry+1","Thunderclap+1","Replay:Undeath\u0027s Touch+1"],"picked":"Singing Bowl","floor":47},{"not_picked":["Carnage+1","Run Through+1"],"picked":"Limit Break","floor":47}],"player_experience":200130,"relics_obtained":[{"floor":3,"key":"Lizard Tail"},{"floor":9,"key":"Blue Candle"},{"floor":14,"key":"Vajra"},{"floor":24,"key":"Singing Bowl"},{"floor":26,"key":"TungstenRod"},{"floor":29,"key":"Whetstone"},{"floor":31,"key":"War Paint"},{"floor":37,"key":"Anchor"},{"floor":40,"key":"Red Skull"},{"floor":42,"key":"Ice Cream"},{"floor":43,"key":"Replay:Wax Seal"},{"floor":45,"key":"Prayer Wheel"}],"event_choices":[{"damage_healed":0,"gold_gain":175,"player_choice":"AGREE","damage_taken":0,"max_hp_gain":0,"max_hp_loss":0,"event_name":"Liars Game","floor":2,"gold_loss":0,"cards_obtained":["Doubt"]},{"damage_healed":0,"gold_gain":0,"player_choice":"Damaged","damage_taken":8,"max_hp_gain":0,"max_hp_loss":0,"event_name":"Wheel of Change","floor":12,"gold_loss":0},{"damage_healed":0,"gold_gain":0,"player_choice":"Forge","damage_taken":0,"max_hp_gain":0,"max_hp_loss":0,"event_name":"Accursed Blacksmith","floor":21,"gold_loss":0,"cards_upgraded":["Inflame"]},{"damage_healed":0,"gold_gain":0,"player_choice":"Fight","damage_taken":0,"max_hp_gain":0,"max_hp_loss":0,"event_name":"MindBloom","floor":45,"gold_loss":0},{"damage_healed":0,"gold_gain":0,"player_choice":"Ignored","damage_taken":0,"max_hp_gain":0,"max_hp_loss":0,"event_name":"SecretPortal","floor":48,"gold_loss":0}],"is_beta":false,"boss_relics":[{"not_picked":["Ooze Armor","ChewingGum"],"picked":"Painkiller Herb"},{"not_picked":["Coffee Dripper","Calling Bell"],"picked":"Astrolabe"}],"items_purged_floors":[7,38],"is_endless":false,"potions_floor_spawned":[13,14,22,24,31,33,40,42,47],"ascension_level":7}}