{"host":"m6e09adb7fik7oct","time":1609273034,"event":{"mods":["AchievementEnabler","BaseMod","Better Altar","Better Note","Better Sensory Stone","Better Skull","Better Third Choice","Block Reminder","Colored Map","Displayed Cursed Tome","Ironclad Rager","Key Reminder","Mad Scientist","Minty Spire (QoL Compilation)","Permanent Neow","Quick Restart","RNG Fix","Relic Stats","Reorder Act Four","StSLib","Transform Curses","Unceasing Turn Reminder","everything is the same but u backflip on backflip"],"gold_per_floor":[114,129,144,144,144,474,28,28,28,58,73,73,73,3,3,103,103,118,118,133,148,163,193,208,208,208,208,223,223,238,253,253,353,353,368,368,368,368,383,383,398,4,4,4,19,34,34,64,64,64],"floor_reached":51,"playtime":5499,"items_purged":["Shame"],"score":734,"play_id":"01fa9d3b-b307-4bdd-bad6-fd59bc63e9b3","local_time":"20201229151714","daily_mods":["Allstar","Colorless Cards","Night Terrors"],"is_ascension_mode":false,"campfire_choices":[{"data":"Clothesline","floor":8.0,"key":"SMITH"},{"data":"Cleave","floor":12.0,"key":"SMITH"},{"data":"Bandage Up","floor":15.0,"key":"SMITH"},{"data":"RitualDagger","floor":25.0,"key":"SMITH"},{"data":"Power Through","floor":32.0,"key":"SMITH"},{"floor":40.0,"key":"REST"},{"data":"Heavy Blade","floor":44.0,"key":"SMITH"},{"floor":49.0,"key":"REST"}],"circlet_count":0,"master_deck":["Bash","Flash of Steel+1","Purity+1","Bandage Up+1","PanicButton","Trip","Cleave+1","Power Through+1","Clothesline+1","Panache+1","Dark Embrace","Headbutt","ICR:PowerAttack","Metallicize","Reaper","Clash","RitualDagger+1","Twin Strike+1","Heavy Blade+1","Secret Weapon","True Grit+1","Jack Of All Trades+1","Flex","Iron Wave","Feed+1","Discovery","Finesse","Flex","Dual Wield","Violence","Twin Strike","Pain","Demon Form","Mayhem","Pain","Master of Strategy","Second Wind+1"],"relics":["Burning Blood","Mercury Hourglass","Old Coin","Sling","Smiling Mask","Cursed Key","MealTicket","The Courier","Mummified Hand","Pandora\u0027s Box","Happy Flower","Letter Opener","StrikeDummy","Whetstone"],"acts_visited":["Exordium","TheCity","TheBeyond"],"potions_floor_usage":[50,50],"damage_taken":[{"damage":10.0,"enemies":"Cultist","floor":1.0,"turns":4.0},{"damage":8.0,"enemies":"Jaw Worm","floor":2.0,"turns":3.0},{"damage":10.0,"enemies":"Small Slimes","floor":3.0,"turns":3.0},{"damage":11.0,"enemies":"Lagavulin","floor":6.0,"turns":7.0},{"damage":18.0,"enemies":"3 Sentries","floor":10.0,"turns":4.0},{"damage":11.0,"enemies":"Blue Slaver","floor":11.0,"turns":3.0},{"damage":17.0,"enemies":"Slime Boss","floor":16.0,"turns":9.0},{"damage":10.0,"enemies":"Chosen","floor":18.0,"turns":4.0},{"damage":0.0,"enemies":"3 Byrds","floor":20.0,"turns":3.0},{"damage":36.0,"enemies":"Centurion and Healer","floor":21.0,"turns":6.0},{"damage":9.0,"enemies":"Cultist and Chosen","floor":22.0,"turns":4.0},{"damage":21.0,"enemies":"Slavers","floor":23.0,"turns":4.0},{"damage":0.0,"enemies":"Snecko","floor":24.0,"turns":3.0},{"damage":23.0,"enemies":"Shelled Parasite and Fungi","floor":28.0,"turns":4.0},{"damage":25.0,"enemies":"Centurion and Healer","floor":30.0,"turns":4.0},{"damage":1.0,"enemies":"Cultist and Chosen","floor":31.0,"turns":7.0},{"damage":66.0,"enemies":"Collector","floor":33.0,"turns":9.0},{"damage":12.0,"enemies":"3 Darklings","floor":35.0,"turns":3.0},{"damage":35.0,"enemies":"3 Shapes","floor":39.0,"turns":3.0},{"damage":18.0,"enemies":"Jaw Worm Horde","floor":41.0,"turns":4.0},{"damage":18.0,"enemies":"Transient","floor":45.0,"turns":5.0},{"damage":46.0,"enemies":"Spire Growth","floor":46.0,"turns":5.0},{"damage":54.0,"enemies":"Nemesis","floor":48.0,"turns":5.0},{"damage":132,"enemies":"Awakened One","floor":50,"turns":10}],"seed_played":"6838610760785432018","potions_obtained":[{"floor":2.0,"key":"SpeedPotion"},{"floor":3.0,"key":"Regen Potion"},{"floor":11.0,"key":"FearPotion"},{"floor":18.0,"key":"Explosive Potion"},{"floor":23.0,"key":"FairyPotion"},{"floor":31.0,"key":"Energy Potion"},{"floor":35.0,"key":"ColorlessPotion"}],"is_trial":false,"path_per_floor":["M","M","M","?","T","E","$","R","T","E","M","R","?","$","R","B",null,"M","?","M","M","M","E","M","R","T","?","M","?","M","M","R","B",null,"M","T","?","?","M","R","M","$","T","R","M","M","$","E","R","B",null],"character_chosen":"IRONCLAD","items_purchased":["Panache","Sling","Dark Embrace","Headbutt","Metallicize","Letter Opener","Mayhem"],"campfire_rested":2,"item_purchase_floors":[7,7,7,7,14,42,42],"current_hp_per_floor":[76,78,78,78,78,77,77,77,77,69,68,68,52,52,52,47,80,76,70,76,52,55,64,76,76,76,76,65,65,58,69,69,26,80,74,74,74,58,32,78,73,81,81,81,81,55,70,40,76,21],"gold":64,"neow_bonus":"","is_daily":true,"chose_seed":false,"campfire_upgraded":6,"win_rate":0.0,"timestamp":1609273034,"path_taken":["M","?","M","?","?","E","$","R","T","E","?","R","?","?","R","BOSS","M","?","M","?","M","E","M","R","T","?","?","?","M","M","R","BOSS","M","?","?","?","?","R","M","$","T","R","M","?","$","E","R","BOSS"],"items_purchased_type":["Card","Relic","Card","Card","Card","Relic","Card"],"build_version":"2020-12-22","purchased_purges":1,"victory":true,"max_hp_per_floor":[80,80,80,80,80,80,80,80,80,80,80,80,80,80,80,80,80,80,80,80,80,80,80,80,80,80,80,80,80,80,80,80,80,80,80,80,80,80,83,78,81,81,81,81,81,81,81,81,76,76],"relic_stats":{"Happy Flower":[10],"counters":[24,113],"Mummified Hand":[42],"MealTicket":23,"Pandora\u0027s Box":["Flex","Iron Wave","Feed","Discovery","Finesse","Flex","Dual Wield","Violence","Twin Strike"],"Letter Opener":[118],"Whetstone":["Flash of Steel","Feed"],"Smiling Mask":10,"Cursed Key":3,"obtain_stats":[{"Happy Flower":36,"The Courier":26,"Letter Opener":42,"Whetstone":48,"Sling":7,"Smiling Mask":10,"Cursed Key":17,"Burning Blood":0,"Mercury Hourglass":4,"Old Coin":6,"Mummified Hand":29,"MealTicket":23,"Pandora\u0027s Box":34,"StrikeDummy":43},{"Happy Flower":18,"The Courier":13,"Letter Opener":20,"Whetstone":23,"Sling":4,"Smiling Mask":5,"Cursed Key":7,"Burning Blood":0,"Mercury Hourglass":3,"Old Coin":4,"Mummified Hand":14,"MealTicket":12,"Pandora\u0027s Box":17,"StrikeDummy":20},{"Happy Flower":81,"The Courier":55,"Letter Opener":88,"Whetstone":103,"Sling":17,"Smiling Mask":21,"Cursed Key":33,"Burning Blood":0,"Mercury Hourglass":10,"Old Coin":17,"Mummified Hand":59,"MealTicket":52,"Pandora\u0027s Box":78,"StrikeDummy":88}],"Burning Blood":142,"Mercury Hourglass":[412]},"card_choices":[{"not_picked":["Dual Wield","Shrug It Off"],"picked":"Cleave","floor":1.0},{"not_picked":["Flash of Steel","Cleave","Combust"],"picked":"SKIP","floor":2.0},{"not_picked":["Burning Pact","Havoc"],"picked":"Power Through","floor":3.0},{"not_picked":["Shrug It Off","Discovery"],"picked":"Clothesline","floor":6.0},{"not_picked":["Headbutt","Finesse"],"picked":"ICR:PowerAttack","floor":10.0},{"not_picked":["Uppercut","Havoc","Clash"],"picked":"SKIP","floor":11.0},{"not_picked":["Bludgeon","HandOfGreed"],"picked":"Reaper","floor":16.0},{"not_picked":["Dark Embrace","Thunderclap"],"picked":"Clash","floor":18.0},{"not_picked":["Pommel Strike+1","Armaments"],"picked":"Twin Strike+1","floor":20.0},{"not_picked":["Whirlwind+1","Havoc","Clothesline"],"picked":"SKIP","floor":21.0},{"not_picked":["Twin Strike","Second Wind","Pommel Strike"],"picked":"SKIP","floor":22.0},{"not_picked":["Twin Strike","Warcry+1"],"picked":"Heavy Blade","floor":23.0},{"not_picked":["Flex","Forethought"],"picked":"Secret Weapon","floor":24.0},{"not_picked":["Bandage Up","Clash"],"picked":"True Grit+1","floor":28.0},{"not_picked":["Deep Breath","Twin Strike+1","Flex"],"picked":"SKIP","floor":30.0},{"not_picked":["Wild Strike","Impervious"],"picked":"Jack Of All Trades+1","floor":31.0},{"not_picked":["Flash of Steel+1","Purity","Shockwave"],"picked":"SKIP","floor":35.0},{"not_picked":["Headbutt+1","Anger+1","Sever Soul"],"picked":"SKIP","floor":39.0},{"not_picked":["Iron Wave","Purity+1","True Grit"],"picked":"SKIP","floor":41.0},{"not_picked":["Havoc","Uppercut"],"picked":"Master of Strategy","floor":45.0},{"not_picked":["Impatience+1","Trip","Wild Strike"],"picked":"SKIP","floor":46.0},{"not_picked":["Twin Strike","Iron Wave+1"],"picked":"Second Wind+1","floor":48.0}],"player_experience":177781,"relics_obtained":[{"floor":4.0,"key":"Mercury Hourglass"},{"floor":6.0,"key":"Old Coin"},{"floor":10.0,"key":"Smiling Mask"},{"floor":23.0,"key":"MealTicket"},{"floor":26.0,"key":"The Courier"},{"floor":36.0,"key":"Happy Flower"},{"floor":43.0,"key":"StrikeDummy"},{"floor":48.0,"key":"Whetstone"}],"event_choices":[{"damage_healed":0.0,"max_hp_gain":0.0,"max_hp_loss":0.0,"gold_gain":0.0,"event_name":"Wheel of Change","player_choice":"Relic","floor":4.0,"gold_loss":0.0,"damage_taken":0.0},{"damage_healed":68.0,"max_hp_gain":0.0,"max_hp_loss":80.0,"gold_gain":0.0,"event_name":"betterThird:BetterShining","player_choice":"Upgrade","floor":13.0,"gold_loss":0.0,"damage_taken":16.0,"cards_upgraded":["Panache","Purity"]},{"damage_healed":0.0,"max_hp_gain":0.0,"max_hp_loss":0.0,"gold_gain":0.0,"event_name":"betterThird:BetterNest","player_choice":"Dagger","floor":19.0,"gold_loss":0.0,"damage_taken":6.0,"cards_obtained":["RitualDagger"]},{"damage_healed":0.0,"max_hp_gain":0.0,"max_hp_loss":0.0,"gold_gain":0.0,"event_name":"The Woman in Blue","player_choice":"Bought 0 Potions","floor":27.0,"gold_loss":0.0,"damage_taken":0.0},{"damage_healed":0.0,"max_hp_gain":0.0,"max_hp_loss":0.0,"gold_gain":0.0,"event_name":"WeMeetAgain","player_choice":"Gave Potion","floor":29.0,"gold_loss":0.0,"damage_taken":0.0,"relics_obtained":["Mummified Hand"]},{"damage_healed":0.0,"max_hp_gain":0.0,"max_hp_loss":0.0,"gold_gain":0.0,"event_name":"Tomb of Lord Red Mask","player_choice":"Ignored","floor":37.0,"gold_loss":0.0,"damage_taken":0.0},{"damage_healed":0.0,"max_hp_gain":0.0,"max_hp_loss":16.0,"gold_gain":3.0,"event_name":"betterStone:BetterStone","player_choice":"2","floor":38.0,"gold_loss":0.0,"damage_taken":0.0}],"is_beta":false,"boss_relics":[{"not_picked":["Calling Bell","Runic Dome"],"picked":"Cursed Key"},{"not_picked":["Runic Cube","Runic Pyramid"],"picked":"Pandora\u0027s Box"}],"items_purged_floors":[42],"is_endless":false,"potions_floor_spawned":[2,3,11,18,23,24,31,35,39,45],"ascension_level":0}}