{"host":"1z4hbl9vfqrhg136","time":1609201160,"event":{"mods":["BaseMod","Minty Spire (QoL Compilation)"],"gold_per_floor":[30,85,121,121,157,204,204,249,276,51,81,31,63,111,111,183,183,214,214,251,37,37,92,92,164,164,164,215,232,260,300,300,403,453,498,498,0,14,25,57,57,84,107,107,87,103,103,137,137,187,187,187,187,25,76,76],"floor_reached":57,"playtime":8105,"items_purged":["Strike_P","Strike_P","Strike_P","Writhe","Defend_P"],"score":2917,"play_id":"0638f05c-8238-402c-9f3d-e2409d3fc585","local_time":"20201229001920","is_ascension_mode":true,"campfire_choices":[{"data":"EmptyFist","floor":7.0,"key":"SMITH"},{"floor":15.0,"key":"REST"},{"data":"Protect","floor":24.0,"key":"SMITH"},{"data":"WheelKick","floor":27.0,"key":"SMITH"},{"floor":32.0,"key":"REST"},{"data":"TalkToTheHand","floor":41.0,"key":"SMITH"},{"floor":44.0,"key":"REST"},{"floor":47.0,"key":"RECALL"},{"floor":49.0,"key":"REST"},{"data":"TalkToTheHand","floor":53,"key":"SMITH"}],"circlet_count":0,"master_deck":["AscendersBane","Strike_P+1","Defend_P+1","Defend_P+1","Defend_P","Eruption+1","Vigilance","HandOfGreed+1","TalkToTheHand+1","EmptyFist+1","Consecrate+1","TalkToTheHand+1","SashWhip+1","LessonLearned","Tantrum+1","Protect+1","WheelKick+1","Omniscience+1","WheelKick","Meditate+1","Meditate+1","Wireheading","Vault+1","Wallop+1","Protect+1","Establishment","WaveOfTheHand+1","WindmillStrike+1","Protect+1","SpiritShield"],"relics":["PureWater","WingedGreaves","MealTicket","Smiling Mask","Art of War","Boot","Snecko Eye","Molten Egg 2","TungstenRod","Centennial Puzzle","Potion Belt","Strawberry","Tiny House","Shuriken","Toy Ornithopter","HornCleat","Damaru","War Paint","Anchor"],"acts_visited":["Exordium","TheCity","TheBeyond","TheEnding"],"potions_floor_usage":[55,56,56],"damage_taken":[{"damage":7.0,"enemies":"Cultist","floor":1.0,"turns":3.0},{"damage":7.0,"enemies":"Small Slimes","floor":2.0,"turns":4.0},{"damage":0.0,"enemies":"2 Louse","floor":3.0,"turns":2.0},{"damage":13.0,"enemies":"2 Fungi Beasts","floor":5.0,"turns":3.0},{"damage":6.0,"enemies":"Gremlin Nob","floor":6.0,"turns":3.0},{"damage":11.0,"enemies":"Lagavulin","floor":8.0,"turns":7.0},{"damage":12.0,"enemies":"Gremlin Nob","floor":11.0,"turns":3.0},{"damage":9.0,"enemies":"Exordium Thugs","floor":13.0,"turns":3.0},{"damage":14.0,"enemies":"3 Sentries","floor":14.0,"turns":9.0},{"damage":19.0,"enemies":"The Guardian","floor":16.0,"turns":11.0},{"damage":6.0,"enemies":"2 Thieves","floor":18.0,"turns":2.0},{"damage":12.0,"enemies":"Shell Parasite","floor":20.0,"turns":5.0},{"damage":0.0,"enemies":"Gremlin Leader","floor":23.0,"turns":6.0},{"damage":9.0,"enemies":"Slavers","floor":25.0,"turns":4.0},{"damage":25.0,"enemies":"Gremlin Leader","floor":28.0,"turns":6.0},{"damage":0.0,"enemies":"Cultist and Chosen","floor":29.0,"turns":5.0},{"damage":17.0,"enemies":"Book of Stabbing","floor":30.0,"turns":5.0},{"damage":11.0,"enemies":"3 Cultists","floor":31.0,"turns":4.0},{"damage":18.0,"enemies":"Collector","floor":33.0,"turns":8.0},{"damage":0.0,"enemies":"3 Shapes","floor":35.0,"turns":6.0},{"damage":8.0,"enemies":"3 Darklings","floor":38.0,"turns":4.0},{"damage":6.0,"enemies":"Spire Growth","floor":39.0,"turns":7.0},{"damage":12.0,"enemies":"Giant Head","floor":40.0,"turns":4.0},{"damage":55.0,"enemies":"Reptomancer","floor":42.0,"turns":7.0},{"damage":6.0,"enemies":"Maw","floor":46.0,"turns":7.0},{"damage":4.0,"enemies":"Nemesis","floor":48.0,"turns":4.0},{"damage":7.0,"enemies":"Donu and Deca","floor":50.0,"turns":10.0},{"damage":8,"enemies":"Time Eater","floor":51,"turns":11},{"damage":31,"enemies":"Shield and Spear","floor":55,"turns":7},{"damage":52,"enemies":"The Heart","floor":56,"turns":11}],"seed_played":"143224008876680575","potions_obtained":[{"floor":5.0,"key":"BottledMiracle"},{"floor":6.0,"key":"SkillPotion"},{"floor":8.0,"key":"Fire Potion"},{"floor":13.0,"key":"BlessingOfTheForge"},{"floor":16.0,"key":"ColorlessPotion"},{"floor":18.0,"key":"EssenceOfSteel"},{"floor":25.0,"key":"Energy Potion"},{"floor":31.0,"key":"PowerPotion"},{"floor":33.0,"key":"Ancient Potion"},{"floor":34.0,"key":"PowerPotion"},{"floor":42.0,"key":"StancePotion"},{"floor":45.0,"key":"Dexterity Potion"},{"floor":46.0,"key":"AttackPotion"},{"floor":48.0,"key":"Regen Potion"},{"floor":55,"key":"CultistPotion"}],"is_trial":false,"path_per_floor":["M","M","M","?","M","E","R","E","T","$","E","$","M","E","R","B",null,"M","?","M","$","$","E","R","E","T","R","E","M","E","M","R","B",null,"M","?","$","M","M","E","R","E","T","R","?","M","R","E","R","B","B",null,"R","$","E","B",null],"character_chosen":"WATCHER","items_purchased":["LessonLearned","Meditate","Wireheading","Shuriken","Toy Ornithopter","BlessingOfTheForge","Dexterity Potion"],"campfire_rested":4,"item_purchase_floors":[10,21,21,37,37,54,54],"current_hp_per_floor":[54,47,47,47,34,28,28,17,17,32,20,35,26,12,32,13,54,48,48,36,51,66,66,66,57,57,57,32,32,22,11,33,15,65,65,80,80,72,71,59,59,14,14,38,38,32,32,28,52,70,62,76,76,80,49,7],"gold":76,"neow_bonus":"RANDOM_COLORLESS_2","is_daily":false,"chose_seed":false,"campfire_upgraded":5,"win_rate":0.0,"timestamp":1609201160,"path_taken":["M","M","M","?","M","E","R","E","T","$","E","$","M","E","R","BOSS","M","?","?","$","$","E","R","E","T","R","E","?","E","?","R","BOSS","M","?","$","M","M","E","R","E","T","R","?","M","R","E","R","BOSS","BOSS","R","$","E","BOSS"],"items_purchased_type":["Card","Card","Card","Relic","Relic","Potion","Potion"],"build_version":"2020-12-22","purchased_purges":5,"victory":true,"max_hp_per_floor":[68,68,68,68,68,68,68,68,68,68,68,68,68,68,68,68,68,68,68,68,68,68,68,68,68,68,68,68,68,75,75,75,75,80,80,80,80,80,80,80,80,80,80,80,80,80,80,80,80,80,80,80,80,80,80,80],"card_choices":[{"not_picked":["Magnetism","Transmutation"],"picked":"HandOfGreed","floor":0.0},{"not_picked":["JustLucky","EmptyFist"],"picked":"TalkToTheHand","floor":1.0},{"not_picked":["SignatureMove","Study"],"picked":"EmptyFist","floor":2.0},{"not_picked":["ForeignInfluence","JustLucky"],"picked":"Consecrate","floor":3.0},{"not_picked":["JustLucky","Nirvana","InnerPeace"],"picked":"SKIP","floor":5.0},{"not_picked":["MasterReality","WindmillStrike"],"picked":"TalkToTheHand","floor":6.0},{"not_picked":["Prostrate","EmptyFist"],"picked":"SashWhip","floor":8.0},{"not_picked":["Swivel","BowlingBash"],"picked":"Tantrum","floor":11.0},{"not_picked":["FearNoEvil","ConjureBlade"],"picked":"Protect","floor":13.0},{"not_picked":["Collect","ClearTheMind"],"picked":"WheelKick","floor":14.0},{"not_picked":["Vault","MasterReality"],"picked":"Omniscience","floor":16.0},{"not_picked":["Evaluate","ThirdEye","FlurryOfBlows+1"],"picked":"SKIP","floor":18.0},{"not_picked":["TalkToTheHand","EmptyFist"],"picked":"Meditate+1","floor":20.0},{"not_picked":["EmptyFist+1","ClearTheMind","Pray"],"picked":"SKIP","floor":23.0},{"not_picked":["JustLucky+1","EmptyFist+1","Consecrate+1"],"picked":"SKIP","floor":25.0},{"not_picked":["CrushJoints+1","EmptyFist+1"],"picked":"Vault","floor":28.0},{"not_picked":["EmptyFist+1","FollowUp+1","CutThroughFate+1"],"picked":"SKIP","floor":29.0},{"not_picked":["DeceiveReality","CutThroughFate+1"],"picked":"Wallop+1","floor":30.0},{"not_picked":["EmptyBody","EmptyMind"],"picked":"Protect","floor":31.0},{"not_picked":["Ragnarok+1","Alpha"],"picked":"Establishment","floor":33.0},{"not_picked":["JustLucky+1","Halt+1"],"picked":"WaveOfTheHand","floor":34.0},{"not_picked":["FearNoEvil+1","Vengeance"],"picked":"WindmillStrike+1","floor":35.0},{"not_picked":["FollowUp+1","Fasting2","EmptyMind+1"],"picked":"SKIP","floor":38.0},{"not_picked":["WindmillStrike+1","WreathOfFlame","Consecrate+1"],"picked":"SKIP","floor":39.0},{"not_picked":["Study","PathToVictory","FlurryOfBlows+1"],"picked":"SKIP","floor":40.0},{"not_picked":["WreathOfFlame","EmptyBody"],"picked":"Protect+1","floor":42.0},{"not_picked":["ReachHeaven+1","EmptyFist+1","FlyingSleeves+1"],"picked":"SKIP","floor":46.0},{"not_picked":["Swivel","ThirdEye"],"picked":"SpiritShield","floor":48.0},{"not_picked":["ReachHeaven+1","DeceiveReality","Halt"],"picked":"SKIP","floor":55}],"player_experience":1850841,"relics_obtained":[{"floor":6.0,"key":"WingedGreaves"},{"floor":8.0,"key":"MealTicket"},{"floor":9.0,"key":"Smiling Mask"},{"floor":11.0,"key":"Art of War"},{"floor":14.0,"key":"Boot"},{"floor":23.0,"key":"Molten Egg 2"},{"floor":25.0,"key":"TungstenRod"},{"floor":26.0,"key":"Centennial Puzzle"},{"floor":28.0,"key":"Potion Belt"},{"floor":30.0,"key":"Strawberry"},{"floor":40.0,"key":"HornCleat"},{"floor":42.0,"key":"Damaru"},{"floor":48.0,"key":"War Paint"},{"floor":55,"key":"Anchor"}],"event_choices":[{"damage_healed":0.0,"max_hp_gain":0.0,"max_hp_loss":0.0,"gold_gain":0.0,"event_name":"Liars Game","player_choice":"Ignored","floor":4.0,"gold_loss":0.0,"damage_taken":0.0},{"damage_healed":0.0,"max_hp_gain":0.0,"max_hp_loss":0.0,"gold_gain":0.0,"event_name":"Duplicator","player_choice":"Copied","floor":19.0,"gold_loss":0.0,"damage_taken":0.0,"cards_obtained":["WheelKick"]},{"damage_healed":16.0,"max_hp_gain":0.0,"max_hp_loss":0.0,"gold_gain":0.0,"event_name":"Winding Halls","player_choice":"Writhe","floor":36.0,"gold_loss":0.0,"damage_taken":0.0,"cards_obtained":["Writhe"]},{"damage_healed":0.0,"max_hp_gain":0.0,"max_hp_loss":0.0,"gold_gain":0.0,"event_name":"The Woman in Blue","player_choice":"Bought 1 Potion","floor":45.0,"gold_loss":0.0,"damage_taken":0.0}],"is_beta":false,"boss_relics":[{"not_picked":["Calling Bell","Cursed Key"],"picked":"Snecko Eye"},{"not_picked":["Astrolabe","Sozu"],"picked":"Tiny House"}],"items_purged_floors":[10,12,21,37,54],"is_endless":false,"potions_floor_spawned":[5,6,8,13,16,18,20,25,31,33,35,42,46,48,55],"ascension_level":20}}