{"host":"792mtbovsoa03nb3","time":1609265272,"event":{"mods":["BaseMod","Colored Map","Dota2Spire","Downfall","Hubris","Infinite Spire","Minty Spire (QoL Compilation)","Replay The Spire","Spicy Shops","StSLib","The Blue Laboratory","The Jungle"],"gold_per_floor":[112,112,112,129,144,173,173,62,89,89,89,89],"floor_reached":11,"playtime":424,"items_purged":["Strike_G"],"score":78,"play_id":"4e6bde6e-c15c-4e52-9622-5eca40772260","local_time":"20201229100752","is_ascension_mode":true,"campfire_choices":[{"data":"Cloak And Dagger","floor":7,"key":"SMITH"},{"data":"Outmaneuver","floor":10,"key":"SMITH"}],"circlet_count":0,"master_deck":["Strike_G","Strike_G","Strike_G","Strike_G","Defend_G","Defend_G","Defend_G","Defend_G","Defend_G","Survivor","Neutralize","Night Terror+1","Outmaneuver+1","Cloak And Dagger+1","Flying Knee","Masterful Stab","Accuracy"],"relics":["Ring of the Snake","infinitespire:Beetle Shell"],"acts_visited":["Exordium"],"potions_floor_usage":[6],"damage_taken":[{"damage":5,"enemies":"Jaw Worm","floor":1,"turns":7},{"damage":0,"enemies":"Small Slimes","floor":4,"turns":5},{"damage":5,"enemies":"Cultist","floor":5,"turns":5},{"damage":24,"enemies":"Gremlin Nob","floor":6,"turns":4},{"damage":44,"enemies":"Lagavulin","floor":11,"turns":9}],"seed_played":"5161395719128091062","potions_obtained":[{"floor":1,"key":"blueLaboratory:Virophage"},{"floor":5,"key":"Poison Potion"},{"floor":6,"key":"blueLaboratory:BottledHope"}],"is_trial":false,"path_per_floor":["M","?","?","M","M","E","R","$","T","R","E"],"character_chosen":"THE_SILENT","items_purchased":["Accuracy"],"campfire_rested":0,"item_purchase_floors":[8],"current_hp_per_floor":[65,65,65,65,60,36,36,36,36,36,0,0],"gold":89,"neow_bonus":"ONE_RANDOM_RARE_CARD","is_daily":false,"chose_seed":false,"campfire_upgraded":2,"win_rate":0.0,"timestamp":1609265272,"path_taken":["M","?","?","?","M","E","R","$","T","R","E"],"items_purchased_type":["Card"],"build_version":"2020-12-22","purchased_purges":1,"victory":false,"max_hp_per_floor":[70,70,70,70,70,70,70,70,70,70,70,70],"card_choices":[{"not_picked":["Escape Plan","Dash"],"picked":"Outmaneuver","floor":1},{"not_picked":["Acrobatics","ReplayTheSpireMod:Tripwire"],"picked":"Cloak And Dagger","floor":4},{"not_picked":["hubris:SlightOfHand","Caltrops"],"picked":"Flying Knee","floor":5},{"not_picked":["Acrobatics","Prepared"],"picked":"Masterful Stab","floor":6}],"player_experience":819881,"relics_obtained":[{"floor":6,"key":"infinitespire:Beetle Shell"}],"event_choices":[{"damage_healed":0,"gold_gain":0,"player_choice":"Upgraded","damage_taken":0,"max_hp_gain":0,"max_hp_loss":0,"event_name":"Upgrade Shrine","floor":3,"gold_loss":0,"cards_upgraded":["Night Terror"]}],"is_beta":false,"boss_relics":[],"items_purged_floors":[8],"is_endless":false,"potions_floor_spawned":[1,5,6],"killed_by":"Lagavulin","ascension_level":2}}