{"host":"b0dcklafnoly879c","time":1609254296,"event":{"mods":["Arknights The Spire","Ascension Reborn","BaseMod","Minty Spire (QoL Compilation)","RRrroohrrRGHHhhh!!","StSLib","The Dragon Tamer","The Jungle"],"gold_per_floor":[118,129,129,129,204,229,246,260,260,260,260,260],"floor_reached":11,"playtime":608,"items_purged":[],"score":98,"play_id":"070d215e-efb7-4f11-8c28-6a35b6bb806d","local_time":"20201230000456","is_ascension_mode":true,"campfire_choices":[],"circlet_count":0,"master_deck":["ats:Strike C","ats:Strike G","ats:Strike S","ats:Strike V","ats:Armor Crushing Shot","ats:Defend","ats:Defend","ats:Defend","ats:Defend","ats:Emotion Absorption+1","ats:Collapsing Strike","ats:Song Of Battle","ats:Childhood Dance","ats:Apocalypse","ats:Shell Defense"],"relics":["ats:Sanity","NeowsBlessing","ats:Originium","Meat on the Bone","ats:Gyao","Golden Idol"],"acts_visited":["Exordium"],"potions_floor_usage":[],"damage_taken":[{"damage":0,"enemies":"Small Slimes","floor":1,"turns":1},{"damage":0,"enemies":"2 Louse","floor":2,"turns":1},{"damage":0,"enemies":"Gremlin Nob","floor":6,"turns":1},{"damage":5,"enemies":"Jaw Worm","floor":7,"turns":5},{"damage":7,"enemies":"Exordium Wildlife","floor":8,"turns":4},{"damage":40,"enemies":"Lagavulin","floor":11,"turns":5}],"seed_played":"-6720794918861594599","potions_obtained":[{"floor":1,"key":"Explosive Potion"},{"floor":2,"key":"GamblersBrew"}],"is_trial":false,"path_per_floor":["M","M","$","?","?","E","M","M","T","?","E"],"character_chosen":"DOCTOR_CLASS","items_purchased":[],"campfire_rested":0,"item_purchase_floors":[],"current_hp_per_floor":[72,72,72,72,61,61,56,49,49,31,0,0],"gold":260,"neow_bonus":"THREE_ENEMY_KILL","is_daily":false,"chose_seed":false,"campfire_upgraded":0,"win_rate":0.0,"timestamp":1609254296,"path_taken":["M","M","$","?","?","E","M","M","T","?","E"],"items_purchased_type":[],"build_version":"2020-12-22","purchased_purges":0,"victory":false,"max_hp_per_floor":[72,72,72,72,72,72,72,72,72,72,72,72],"card_choices":[{"not_picked":["ats:Shell Defense","ats:Cat Scratch"],"picked":"ats:Collapsing Strike","floor":1},{"not_picked":["ats:Assault Order","ats:Poison Spread"],"picked":"ats:Song Of Battle","floor":2},{"not_picked":["ats:Explosion Area Strengthen","ats:Poison Spread"],"picked":"ats:Childhood Dance","floor":6},{"not_picked":["ats:Spore Proliferation","ats:Explosion Area Strengthen"],"picked":"ats:Apocalypse","floor":7},{"not_picked":["ats:Poison Spread","ats:Leaping Hammer"],"picked":"ats:Shell Defense","floor":8}],"player_experience":229811,"relics_obtained":[{"floor":6,"key":"ats:Originium"},{"floor":6,"key":"Meat on the Bone"},{"floor":9,"key":"ats:Gyao"}],"event_choices":[{"damage_healed":0,"gold_gain":0,"player_choice":"Grow","damage_taken":0,"max_hp_gain":0,"max_hp_loss":0,"event_name":"Living Wall","floor":4,"gold_loss":0,"cards_upgraded":["ats:Emotion Absorption"]},{"damage_healed":0,"gold_gain":75,"player_choice":"Gather Gold","damage_taken":11,"max_hp_gain":0,"max_hp_loss":0,"event_name":"World of Goop","floor":5,"gold_loss":0},{"damage_healed":0,"gold_gain":0,"player_choice":"Take Damage","damage_taken":18,"relics_obtained":["Golden Idol"],"max_hp_gain":0,"max_hp_loss":0,"event_name":"Golden Idol","floor":10,"gold_loss":0}],"is_beta":false,"boss_relics":[],"items_purged_floors":[],"is_endless":false,"potions_floor_spawned":[1,2],"killed_by":"Lagavulin","ascension_level":0}}