{"host":"7t8rqoeeopyy0nh0","time":1609211998,"event":{"mods":["AchievementEnabler","BaseMod","Better Third Choice","BetterRewards","Colored Map","Colored Powertips","Downfall","Hubris","Infinite Spire","Marisa????????","Minty Spire (QoL Compilation)","Replay The Spire","StSLib","The Animator","The Construct","The Cursed","The Hierophant","The Necromancer"],"gold_per_floor":[115,125,185,13,13,13,33,33,33,45,45,10,10,20,20,121,121,134,147,158,169,14,14,42,53,78,78,95,145,160,170,170,267,367,384,394,405,405,405,422,422,438,438,457,475,475,486,521,521,521],"floor_reached":49,"playtime":3998,"items_purged":["hubris:Envy"],"score":537,"play_id":"8a1f0e48-427b-47c7-b275-ef662452fb2d","local_time":"20201228221958","is_ascension_mode":false,"campfire_choices":[{"floor":6.0,"key":"REST"},{"data":"Summon_Death_Knight","floor":8.0,"key":"SMITH"},{"data":"Negative_Energy_Arrows","floor":13.0,"key":"SMITH"},{"data":"expansioncontent:Hexaburn","floor":15.0,"key":"SMITH"},{"data":"Summon_Lich","floor":23.0,"key":"SMITH"},{"data":"Summon_Undead","floor":27.0,"key":"SMITH"},{"data":"Blood_Wake","floor":32.0,"key":"SMITH"},{"data":"1","floor":41,"key":"LIFT"},{"data":"Summon_Vampire_Lady","floor":46,"key":"SMITH"},{"data":"Summon_Vampire_Lady","floor":49,"key":"SMITH"}],"circlet_count":0,"master_deck":["Strike_W","Strike_W","Strike_W","Defend_W","Defend_W","Defend_W","Defend_W","Negative_Energy_Arrows+1","Bone_Wall","expansioncontent:Hexaburn+1","Summon_Death_Knight+1","Life_Tap","Vampiric_Strike","Life_Drain","Negative_Energy_Sphere","Negative_Energy_Javelin","Bone_Armor","Blood_Wake+1","Sickly","Slimebound:Icky","Shade_Step","Summon_Undead+1","Necromantic_Selection+1","Scare","Negative_Energy_Shield","Negative_Energy_Burst+1","Summon_Lich+1","Blood_Is_Power+1","Summon_Undead+1","Summon_Undead+1","Negative_Energy_Mist","Vampiric_Strike+1","Negative_Energy_Javelin+1","Uncharnel+1","Blood_Whip","Summon_Undead_Army+1","Grasp_Heart","Consume_Illness","Bone_Shift","Strike_from_Beyond","Parasite","Summon_Vampire_Lady+1","Summon_Undead+1","Summon_Vampire_Lady+1","Bone_Armory+1","Corrupt+1","Necrotic_Claws+1","Scare+1"],"relics":["Vampire_Amulet","TungstenRod","Girya","Anchor","Blue Candle","Replay:Ancient Bell","Orichalcum","infinitespire:CheckeredPen","Prayer Wheel","Replay:Wax Seal","Replay:Baseball","Lantern","Replay:Wanted Poster","Question Card","Honey Jar","Replay:WaspNest","Tiny Chest"],"acts_visited":["Exordium","TheCity","TheBeyond"],"potions_floor_usage":[38,44,47,48],"damage_taken":[{"damage":6.0,"enemies":"Jaw Worm","floor":1.0,"turns":3.0},{"damage":6.0,"enemies":"Small Slimes","floor":2.0,"turns":3.0},{"damage":5.0,"enemies":"2 Louse","floor":7.0,"turns":1.0},{"damage":14.0,"enemies":"Exordium Thugs","floor":10.0,"turns":4.0},{"damage":8.0,"enemies":"Large Slime","floor":14.0,"turns":5.0},{"damage":40.0,"enemies":"Slime Boss","floor":16.0,"turns":12.0},{"damage":12.0,"enemies":"Spheric Guardian","floor":18.0,"turns":6.0},{"damage":4.0,"enemies":"Chosen","floor":19.0,"turns":6.0},{"damage":14.0,"enemies":"Snake Plant","floor":20.0,"turns":4.0},{"damage":8.0,"enemies":"Shelled Parasite and Fungi","floor":21.0,"turns":6.0},{"damage":41.0,"enemies":"Slavers","floor":24.0,"turns":5.0},{"damage":5.0,"enemies":"Snecko","floor":25.0,"turns":4.0},{"damage":15.0,"enemies":"Snake Plant","floor":28.0,"turns":4.0},{"damage":5.0,"enemies":"Centurion and Healer","floor":30.0,"turns":5.0},{"damage":8.0,"enemies":"Sentry and Sphere","floor":31.0,"turns":4.0},{"damage":32.0,"enemies":"hubris:MusketHawk","floor":33.0,"turns":9.0},{"damage":7,"enemies":"3 Darklings","floor":35,"turns":4},{"damage":20,"enemies":"Orb Walker","floor":36,"turns":5},{"damage":10,"enemies":"4 Shapes","floor":37,"turns":6},{"damage":3,"enemies":"Transient","floor":40,"turns":5},{"damage":0,"enemies":"Spire Growth","floor":42,"turns":4},{"damage":4,"enemies":"Writhing Mass","floor":44,"turns":3},{"damage":18,"enemies":"Jaw Worm Horde","floor":45,"turns":3},{"damage":13,"enemies":"3 Darklings","floor":47,"turns":3},{"damage":57,"enemies":"Nightmare","floor":48,"turns":5}],"seed_played":"4999023054573928627","potions_obtained":[{"floor":3.0,"key":"DistilledChaos"},{"floor":3.0,"key":"Doom Potion"},{"floor":3.0,"key":"Slimebound:ThreeZeroPotion"},{"floor":10.0,"key":"Block Potion"},{"floor":20.0,"key":"Reflective Coating"},{"floor":24.0,"key":"Dexterity Potion"},{"floor":25.0,"key":"Adrenaline Potion"},{"floor":28.0,"key":"Cursed Concoction"},{"floor":30.0,"key":"SkillPotion"},{"floor":31.0,"key":"Ancient Potion"},{"floor":37,"key":"Explosive Potion"},{"floor":38,"key":"DuplicationPotion"},{"floor":38,"key":"Fruit Juice"},{"floor":38,"key":"SteroidPotion"},{"floor":40,"key":"Swift Potion"},{"floor":45,"key":"AttackPotion"},{"floor":47,"key":"DistilledChaos"},{"floor":48,"key":"Swift Potion"}],"is_trial":false,"path_per_floor":["M","M","?","$","?","R","M","R","T","M","?","?","R","M","R","B",null,"M","M","M","M","$","R","E","M","T","R","M","?","M","M","R","B",null,"M","M","M","?","AVR","M","R","M","T","M","M","R","M","NM","R"],"character_chosen":"NECROMANCER","items_purchased":["TungstenRod","expansioncontent:Hexaburn","Summon_Death_Knight","Negative_Energy_Sphere","Anchor","Replay:Wax Seal"],"campfire_rested":1,"item_purchase_floors":[0,0,0,4,4,22],"current_hp_per_floor":[36,34,17,17,17,39,38,38,38,36,36,54,54,52,52,38,75,71,73,67,69,69,69,42,41,41,41,34,34,45,56,56,41,75,73,67,70,75,75,80,80,80,80,80,77,77,78,55,55,55],"gold":521,"neow_bonus":"","is_daily":false,"chose_seed":false,"campfire_upgraded":8,"win_rate":0.0,"timestamp":1609211998,"path_taken":["M","M","?","$","?","R","M","R","T","?","?","?","R","M","R","BOSS","M","M","M","M","$","R","E","M","T","R","M","?","M","?","R","BOSS","M","M","?","?","AVR","M","R","M","T","M","M","R","M","NM","R"],"items_purchased_type":["Relic","Card","Card","Card","Relic","Relic"],"build_version":"2020-12-22","purchased_purges":1,"victory":false,"max_hp_per_floor":[75,75,75,75,75,75,75,75,75,75,75,75,75,75,75,75,75,75,75,75,75,75,75,75,75,75,75,75,75,75,75,75,75,75,75,75,75,80,80,80,80,80,80,80,80,80,80,80,80,80],"card_choices":[{"not_picked":["Bone_Spikes","Bone_Armory"],"picked":"Life_Tap","floor":1.0},{"not_picked":["Finger_Of_Death","Summon_Undead"],"picked":"Vampiric_Strike","floor":2.0},{"not_picked":["Finger_Of_Death","Blood_for_Blood"],"picked":"Life_Drain","floor":3.0},{"not_picked":["Slay_Living","Consume_Illness"],"picked":"Negative_Energy_Javelin","floor":7.0},{"not_picked":["Life_Drain","Detonate_Bones"],"picked":"Bone_Armor","floor":10.0},{"not_picked":["Consume_Illness","Negative_Energy_Sphere","Vampiric_Strike"],"picked":"SKIP","floor":14.0},{"not_picked":["Cloudkill","Reap_The_Weak"],"picked":"Blood_Wake","floor":16.0},{"not_picked":["animator:Curse_Greed","Delirium"],"picked":"Sickly","floor":17.0},{"not_picked":["CurseOfTheBell","Spreading Infection"],"picked":"Slimebound:Icky","floor":17.0},{"not_picked":["hexamod:Haunted","ReplayTheSpireMod:Restless Dread"],"picked":"hubris:Envy","floor":17.0},{"not_picked":["Death_Coil+1","Spectral_Walk"],"picked":"Shade_Step","floor":18.0},{"not_picked":["Bone_Armor","Finger_Of_Death+1"],"picked":"Summon_Undead","floor":18.0},{"not_picked":["Uncharnel","Toxic_Smoke_Screen"],"picked":"Necromantic_Selection+1","floor":19.0},{"not_picked":["Death_March_Dance","Chill_Blood"],"picked":"Scare","floor":19.0},{"not_picked":["Epidemic","Requiem"],"picked":"Negative_Energy_Shield","floor":20.0},{"not_picked":["Life_Tap","Exploit","Summon_Undead"],"picked":"SKIP","floor":20.0},{"not_picked":["Siphon_Strength","Life_Drain"],"picked":"Negative_Energy_Burst+1","floor":21.0},{"not_picked":["Stop_Heart","Death_March_Dance+1"],"picked":"Summon_Lich","floor":21.0},{"not_picked":["Vampiric_Strike","Summon_Undead"],"picked":"Blood_Is_Power+1","floor":24.0},{"not_picked":["Acid_Javelin","Plague_Bolt"],"picked":"Summon_Undead+1","floor":25.0},{"not_picked":["Bone_Bullets","Blood_Is_Power","Life_Tap+1"],"picked":"SKIP","floor":25.0},{"not_picked":["Negative_Energy_Burst","Chill_Blood+1"],"picked":"Summon_Undead+1","floor":28.0},{"not_picked":["Bones_to_Steel","Bone_Armory+1","Summon_Lich"],"picked":"SKIP","floor":28.0},{"not_picked":["Bone_Shift","Whirlwind_of_Bones","Strike_from_Beyond"],"picked":"SKIP","floor":30.0},{"not_picked":["Negative_Energy_Sphere","Life_Tap","Finger_Of_Death"],"picked":"SKIP","floor":30.0},{"not_picked":["Blood_Shield","Spectral_Armor"],"picked":"Negative_Energy_Mist","floor":31.0},{"not_picked":["Necromantic_Selection","Bone_Armor+1"],"picked":"Vampiric_Strike+1","floor":31.0},{"not_picked":["Vampiric_Strike+1","Negative_Energy_Mist"],"picked":"Negative_Energy_Javelin+1","floor":35},{"not_picked":["Negative_Energy_Javelin+1","Flesh_Made_Foul+1","Bones_to_Steel"],"picked":"SKIP","floor":35},{"not_picked":["Blood_Curse","Slay_Living+1"],"picked":"Uncharnel+1","floor":36},{"not_picked":["Vampiric_Strike","Consume_Illness"],"picked":"Blood_Whip","floor":36},{"not_picked":["Violent_Necrosis","Necrotic_Claws"],"picked":"Summon_Undead_Army+1","floor":37},{"not_picked":["Shackles_Of_Pain","Epidemic","Scare+1"],"picked":"SKIP","floor":37},{"not_picked":["Summon_Undead+1","Spectral_Armor","Death_March_Dance+1","Vampiric_Strike+1"],"picked":"Grasp_Heart","floor":40},{"not_picked":["Negative_Energy_Shield","Chill_Blood+1","Shackles_Of_Pain+1","Detonate_Bones"],"picked":"Consume_Illness","floor":40},{"not_picked":["Blood_Whip+1","Blood_for_Blood+1","Vampiric_Strike","Bone_Bullets+1"],"picked":"Bone_Shift","floor":42},{"not_picked":["Blood_Whip","Bone_Prison","Bone_Bullets+1","Finger_Of_Death"],"picked":"Strike_from_Beyond","floor":42},{"not_picked":["Chill_Blood","Bone_Bullets+1","Thousand_Bone_Knives","Death_March_Dance+1"],"picked":"Summon_Vampire_Lady","floor":44},{"not_picked":["Blood_Whip+1","Toxic_Smoke_Screen","Consume_Illness","Negative_Energy_Sphere"],"picked":"Summon_Undead+1","floor":44},{"not_picked":["Bones_to_Steel","Death_Coil","Acid_Javelin","Negative_Energy_Javelin"],"picked":"Summon_Vampire_Lady","floor":45},{"not_picked":["Siphon_Strength","Shackles_Of_Pain+1","Blood_Whip+1","Violent_Necrosis"],"picked":"Bone_Armory+1","floor":45},{"not_picked":["Toxic_Smoke_Screen","Death_Coil","Life_Tap","Death_March_Dance"],"picked":"Corrupt+1","floor":47},{"not_picked":["Bone_Armory","Necromantic_Selection","Blood_Whip+1","Life_Tap"],"picked":"Necrotic_Claws+1","floor":47},{"not_picked":["Shade_Step","Chill_Blood","Death_Knell","Bone_Armor"],"picked":"Scare+1","floor":48}],"player_experience":377713,"relics_obtained":[{"floor":9.0,"key":"Blue Candle"},{"floor":24.0,"key":"Replay:Baseball"},{"floor":26.0,"key":"Lantern"},{"floor":43,"key":"Replay:WaspNest"},{"floor":48,"key":"Tiny Chest"}],"event_choices":[{"cards_removed":["Strike_W"],"damage_healed":0.0,"max_hp_gain":0.0,"max_hp_loss":0.0,"gold_gain":0.0,"event_name":"Purifier","player_choice":"Purged","floor":5.0,"gold_loss":0.0,"damage_taken":0.0},{"damage_healed":18.0,"max_hp_gain":0.0,"max_hp_loss":0.0,"gold_gain":0.0,"event_name":"The Cleric","player_choice":"Healed","floor":12.0,"gold_loss":35.0,"damage_taken":0.0},{"damage_healed":0.0,"max_hp_gain":0.0,"max_hp_loss":0.0,"gold_gain":100.0,"event_name":"The Joust","player_choice":"Bet on Murderer","floor":29.0,"gold_loss":50.0,"damage_taken":0.0},{"damage_healed":0,"gold_gain":0,"player_choice":"Got Potions","damage_taken":0,"max_hp_gain":0,"max_hp_loss":0,"event_name":"Lab","floor":38,"gold_loss":0}],"is_beta":false,"boss_relics":[{"not_picked":["Replay:Bronze Core","Ring of Chaos"],"picked":"Replay:Ancient Bell"},{"not_picked":["Pen Nib","Replay:Rubber Ducky"],"picked":"Orichalcum"},{"not_picked":["Snack Pack","hubris:DuctTape"],"picked":"infinitespire:CheckeredPen"},{"not_picked":["Replay:PocketPolymizer","Pondfish Scales"],"picked":"Prayer Wheel"},{"not_picked":["Snecko Eye","Snecko Heart"],"picked":"Replay:Wanted Poster"}],"items_purged_floors":[22],"is_endless":true,"potions_floor_spawned":[10,20,24,25,28,30,31,33,37,40,45,47,48],"ascension_level":0}}