{"host":"dvpvhz1t6etneyb3","time":1609264116,"event":{"mods":["AchievementEnabler","BaseMod","Colored Map","Highlight Path","Minty Spire (QoL Compilation)","Permanent Neow","Quick Restart"],"gold_per_floor":[117,34,45,62,5,5,23,57,57,74,105,105,105,117,117,117,117],"floor_reached":16,"playtime":607,"items_purged":[],"score":224,"play_id":"4082a81e-b9f9-4490-b4e2-d9cae6bd49fb","local_time":"20201229124836","is_ascension_mode":true,"campfire_choices":[{"data":"Bash","floor":6.0,"key":"SMITH"},{"data":"Strike_R","floor":13.0,"key":"PURGE"},{"data":"Shockwave","floor":15.0,"key":"SMITH"}],"circlet_count":0,"master_deck":["AscendersBane","Strike_R","Strike_R","Strike_R","Defend_R","Defend_R","Defend_R","Defend_R","Bash+1","Rampage","Pommel Strike","Anger","Shockwave+1","Burning Pact","Uppercut","Second Wind"],"relics":["Burning Blood","Peace Pipe","Toy Ornithopter","Dream Catcher","Kunai"],"acts_visited":["Exordium"],"potions_floor_usage":[16],"damage_taken":[{"damage":7.0,"enemies":"Small Slimes","floor":1.0,"turns":4.0},{"damage":7.0,"enemies":"Jaw Worm","floor":3.0,"turns":3.0},{"damage":0.0,"enemies":"Cultist","floor":4.0,"turns":2.0},{"damage":0.0,"enemies":"3 Louse","floor":7.0,"turns":4.0},{"damage":34.0,"enemies":"3 Sentries","floor":8.0,"turns":8.0},{"damage":1.0,"enemies":"2 Fungi Beasts","floor":10.0,"turns":3.0},{"damage":24.0,"enemies":"Gremlin Nob","floor":11.0,"turns":4.0},{"damage":18.0,"enemies":"Exordium Thugs","floor":14.0,"turns":5.0},{"damage":31,"enemies":"The Guardian","floor":16,"turns":9}],"seed_played":"306984122778718725","potions_obtained":[{"floor":1.0,"key":"Ancient Potion"},{"floor":7.0,"key":"FearPotion"},{"floor":10.0,"key":"HeartOfIron"},{"floor":11.0,"key":"AttackPotion"}],"is_trial":false,"path_per_floor":["M","$","M","M","?","R","M","E","T","M","E","?","R","M","R","B"],"character_chosen":"IRONCLAD","items_purchased":["Pommel Strike","Anger"],"campfire_rested":0,"item_purchase_floors":[2,2],"current_hp_per_floor":[67,67,66,68,68,68,68,40,40,45,32,32,32,25,25,0,0],"gold":117,"neow_bonus":"ONE_RARE_RELIC","is_daily":false,"chose_seed":false,"campfire_upgraded":2,"win_rate":0.0,"timestamp":1609264116,"path_taken":["M","$","M","M","?","R","M","E","T","M","E","?","R","M","R","BOSS"],"items_purchased_type":["Card","Card"],"build_version":"2020-12-22","purchased_purges":0,"victory":false,"max_hp_per_floor":[68,68,68,68,68,68,68,68,68,68,68,68,68,68,68,68,68],"card_choices":[{"not_picked":["Carnage","Burning Pact"],"picked":"Rampage","floor":1.0},{"not_picked":["Iron Wave","Dark Embrace"],"picked":"Shockwave","floor":3.0},{"not_picked":["Dark Embrace","Cleave","Clothesline"],"picked":"SKIP","floor":4.0},{"not_picked":["Dropkick","Intimidate","Anger"],"picked":"SKIP","floor":7.0},{"not_picked":["Body Slam","Pommel Strike"],"picked":"Burning Pact","floor":8.0},{"not_picked":["Intimidate","Infernal Blade","Clothesline"],"picked":"SKIP","floor":10.0},{"not_picked":["Burning Pact","Reckless Charge"],"picked":"Uppercut","floor":11.0},{"not_picked":["Heavy Blade","Infernal Blade","Warcry"],"picked":"SKIP","floor":14.0}],"player_experience":2011933,"relics_obtained":[{"floor":8.0,"key":"Toy Ornithopter"},{"floor":9.0,"key":"Dream Catcher"},{"floor":11.0,"key":"Kunai"}],"event_choices":[{"damage_healed":0.0,"max_hp_gain":0.0,"max_hp_loss":0.0,"gold_gain":0.0,"event_name":"World of Goop","player_choice":"Left Gold","floor":5.0,"gold_loss":57.0,"damage_taken":0.0},{"damage_healed":0.0,"max_hp_gain":0.0,"max_hp_loss":0.0,"gold_gain":0.0,"cards_transformed":["Strike_R"],"event_name":"Transmorgrifier","player_choice":"Transformed","floor":12.0,"gold_loss":0.0,"damage_taken":0.0,"cards_obtained":["Second Wind"]}],"is_beta":false,"boss_relics":[],"items_purged_floors":[],"is_endless":false,"potions_floor_spawned":[1,7,10,11],"killed_by":"The Guardian","ascension_level":20}}