{"host":"s9oaroyyjdd3e4af","time":1609218573,"event":{"mods":["BaseMod","Colored Powertips","Minty Spire (QoL Compilation)"],"gold_per_floor":[116,126,143,160,175,204,204,234,234,234,249,249,267,277,277,377,377,388,388,407,407,407,407],"floor_reached":22,"playtime":1341,"items_purged":[],"score":202,"play_id":"72f06803-c19e-4ee0-a81b-b39ccb34c182","local_time":"20201229000933","is_ascension_mode":false,"campfire_choices":[{"floor":7,"key":"REST"},{"floor":15,"key":"REST"}],"circlet_count":0,"master_deck":["Strike_B","Strike_B","Strike_B","Strike_B","Defend_B","Defend_B","Defend_B","Defend_B","Zap","Dualcast","Hello World","Beam Cell","Sunder","Ball Lightning","Auto Shields","Capacitor","Rip and Tear","Skim","Darkness","Ball Lightning","Redo","Coolheaded","Electrodynamics","Redo","Necronomicurse","Melter","Decay"],"relics":["Cracked Core","Bag of Preparation","Toy Ornithopter","Bronze Scales","Ice Cream","SlaversCollar","Necronomicon"],"acts_visited":["Exordium","TheCity"],"potions_floor_usage":[],"damage_taken":[{"damage":9,"enemies":"Small Slimes","floor":1,"turns":4},{"damage":1,"enemies":"Cultist","floor":2,"turns":4},{"damage":4,"enemies":"2 Louse","floor":3,"turns":3},{"damage":4,"enemies":"2 Fungi Beasts","floor":4,"turns":3},{"damage":5,"enemies":"3 Louse","floor":5,"turns":2},{"damage":4,"enemies":"Lagavulin","floor":6,"turns":6},{"damage":24,"enemies":"Gremlin Nob","floor":8,"turns":5},{"damage":0,"enemies":"Exordium Wildlife","floor":11,"turns":3},{"damage":1,"enemies":"Exordium Thugs","floor":12,"turns":4},{"damage":6,"enemies":"2 Fungi Beasts","floor":13,"turns":2},{"damage":5,"enemies":"Red Slaver","floor":14,"turns":3},{"damage":9,"enemies":"Slime Boss","floor":16,"turns":5},{"damage":24,"enemies":"2 Thieves","floor":18,"turns":3},{"damage":15,"enemies":"Shell Parasite","floor":20,"turns":5},{"damage":21,"enemies":"Shelled Parasite and Fungi","floor":22,"turns":2}],"seed_played":"-3741982905655344310","potions_obtained":[{"floor":2,"key":"GamblersBrew"},{"floor":6,"key":"EssenceOfSteel"},{"floor":11,"key":"Swift Potion"},{"floor":20,"key":"BlessingOfTheForge"}],"is_trial":false,"path_per_floor":["M","M","M","M","M","E","R","E","T","?","M","M","M","M","R","B",null,"M","?","M","?","M"],"character_chosen":"DEFECT","items_purchased":[],"campfire_rested":2,"item_purchase_floors":[],"current_hp_per_floor":[66,65,61,57,52,48,70,46,46,46,46,45,39,34,56,47,75,51,35,20,20,0,0],"gold":407,"neow_bonus":"RANDOM_COMMON_RELIC","is_daily":false,"chose_seed":false,"campfire_upgraded":0,"win_rate":0.0,"timestamp":1609218573,"path_taken":["M","M","M","M","M","E","R","E","T","?","M","?","M","M","R","BOSS","M","?","M","?","M"],"items_purchased_type":[],"build_version":"2020-12-22","purchased_purges":0,"victory":false,"max_hp_per_floor":[75,75,75,75,75,75,75,75,75,75,75,75,75,75,75,75,75,75,75,75,75,75,75],"card_choices":[{"not_picked":["Steam","Sweeping Beam"],"picked":"Hello World","floor":1},{"not_picked":["Go for the Eyes","Redo"],"picked":"Beam Cell","floor":2},{"not_picked":["Leap","Loop"],"picked":"Sunder","floor":3},{"not_picked":["Beam Cell","Consume"],"picked":"Ball Lightning","floor":4},{"not_picked":["Turbo","Fission"],"picked":"Auto Shields","floor":5},{"not_picked":["Hello World","Double Energy"],"picked":"Capacitor","floor":6},{"not_picked":["Go for the Eyes","Streamline"],"picked":"Rip and Tear","floor":8},{"not_picked":["Capacitor","Go for the Eyes"],"picked":"Darkness","floor":11},{"not_picked":["Rebound","Chill"],"picked":"Ball Lightning","floor":12},{"not_picked":["Leap","Doom and Gloom"],"picked":"Redo","floor":13},{"not_picked":["Fission","Turbo"],"picked":"Coolheaded","floor":14},{"not_picked":["Buffer","Biased Cognition"],"picked":"Electrodynamics","floor":16},{"not_picked":["Steam Power","Glacier"],"picked":"Redo","floor":18},{"not_picked":["Sweeping Beam","Rebound+1"],"picked":"Melter","floor":20}],"player_experience":705316,"relics_obtained":[{"floor":6,"key":"Toy Ornithopter"},{"floor":8,"key":"Bronze Scales"},{"floor":9,"key":"Ice Cream"},{"floor":19,"key":"Necronomicon"}],"event_choices":[{"damage_healed":0,"gold_gain":0,"player_choice":"1 cards matched","damage_taken":0,"max_hp_gain":0,"max_hp_loss":0,"event_name":"Match and Keep!","floor":10,"gold_loss":0,"cards_obtained":["Skim"]},{"damage_healed":0,"gold_gain":0,"player_choice":"Obtained Book","damage_taken":16,"max_hp_gain":0,"max_hp_loss":0,"event_name":"Cursed Tome","floor":19,"gold_loss":0},{"damage_healed":0,"gold_gain":0,"player_choice":"Smashed Altar","damage_taken":0,"max_hp_gain":0,"max_hp_loss":0,"event_name":"Forgotten Altar","floor":21,"gold_loss":0,"cards_obtained":["Decay"]}],"is_beta":false,"boss_relics":[{"not_picked":["Ectoplasm","Philosopher\u0027s Stone"],"picked":"SlaversCollar"}],"items_purged_floors":[],"is_endless":false,"potions_floor_spawned":[2,6,11,13,20],"killed_by":"Shelled Parasite and Fungi","ascension_level":0}}