{"host":"4dbgro9q4v1tkbhe","time":1609224989,"event":{"mods":["BaseMod","Minty Spire (QoL Compilation)","Quick Restart","Replay The Spire","StSLib"],"gold_per_floor":[119,119,132,57,57,84,97,97,97],"floor_reached":8,"playtime":233,"items_purged":[],"score":212,"play_id":"af85ef83-7498-40c0-a453-bc1088aa51c7","local_time":"20201229145629","daily_mods":["DeadlyEvents"],"is_ascension_mode":true,"campfire_choices":[],"circlet_count":0,"master_deck":["AscendersBane","Strike_R","Strike_R","Strike_R","Strike_R","Defend_R","Defend_R","Defend_R","Defend_R","Bash","Dropkick"],"relics":["Burning Blood","Kunai","Nunchaku"],"acts_visited":["Exordium"],"potions_floor_usage":[8],"damage_taken":[{"damage":9,"enemies":"Jaw Worm","floor":1,"turns":5},{"damage":6,"enemies":"Cultist","floor":3,"turns":3},{"damage":54,"enemies":"Gremlin Nob","floor":6,"turns":5},{"damage":6,"enemies":"Small Slimes","floor":7,"turns":3},{"damage":15,"enemies":"3 Sentries","floor":8,"turns":5}],"seed_played":"-2164749564762749680","potions_obtained":[{"floor":1,"key":"BlessingOfTheForge"},{"floor":7,"key":"Fire Potion"}],"is_trial":true,"path_per_floor":["M","?","M","?","?","E","M","E"],"character_chosen":"IRONCLAD","items_purchased":[],"campfire_rested":0,"item_purchase_floors":[],"current_hp_per_floor":[65,65,65,65,70,22,22,7,7],"gold":97,"neow_bonus":"","is_daily":false,"chose_seed":false,"campfire_upgraded":0,"win_rate":0.0,"timestamp":1609224989,"path_taken":["M","?","?","?","?","E","?","E"],"items_purchased_type":[],"build_version":"2020-12-22","purchased_purges":0,"victory":false,"max_hp_per_floor":[75,75,75,75,80,80,80,80,80],"card_choices":[{"not_picked":["Entrench","Twin Strike","Clothesline"],"picked":"SKIP","floor":1},{"not_picked":["Thunderclap","Rage","Dual Wield"],"picked":"SKIP","floor":3},{"not_picked":["Shockwave","Abandon"],"picked":"Dropkick","floor":6},{"not_picked":["Sword Boomerang","Perfected Strike","Iron Wave"],"picked":"SKIP","floor":7}],"player_experience":280470,"relics_obtained":[{"floor":6,"key":"Nunchaku"}],"event_choices":[{"damage_healed":0,"gold_gain":0,"player_choice":"Gave Potion","damage_taken":0,"relics_obtained":["Kunai"],"max_hp_gain":0,"max_hp_loss":0,"event_name":"WeMeetAgain","floor":2,"gold_loss":0},{"cards_removed":["Strike_R"],"damage_healed":0,"gold_gain":0,"player_choice":"Card Removal","damage_taken":0,"max_hp_gain":0,"max_hp_loss":0,"event_name":"The Cleric","floor":4,"gold_loss":75},{"damage_healed":0,"gold_gain":0,"player_choice":"Donut","damage_taken":0,"max_hp_gain":5,"max_hp_loss":0,"event_name":"Big Fish","floor":5,"gold_loss":0}],"is_beta":false,"boss_relics":[],"items_purged_floors":[],"is_endless":true,"potions_floor_spawned":[1,7],"killed_by":"3 Sentries","ascension_level":20}}