{"host":"g53g9qlo34vrqi92","time":1609205359,"event":{"mods":["Aspiration","Bard","BaseMod","Beaked The Cultist","BetterRewards","Colored Map","Conspire","Energized Spire","Fiend Mod","GifTheSpireLib","Googly Eyes","Gremlin Skip","Halation","Hermit","Hubris","Infinite Spire","Jedi Mod","Minty Spire (QoL Compilation)","Permanent Neow","Quick Restart","Relic Filter","Replay The Spire","Spikes Relics","StSLib","Stuff the Spire","Synergy Search","The Bladedancer","The Bug Knight","The Construct","The Cursed","The Factory","The Forsaken","The Jungle","The Necromancer","The Spell Scribe","The Trickster","Trackpad","slay the spire mod where everything is the same but ironclad has a cowboy hat","vexMod"],"gold_per_floor":[117,117,117,135,0,19,19,29,29,29,29,45,79,79,79,183,183,198,178,194,33,45,45,73,91,116,116,116,116,116,135,135,153,153,258,258,275,291,134,153,180,180,200,200,200,218,265,300,317,330,330,330],"floor_reached":53,"playtime":3156,"items_purged":[],"score":761,"play_id":"acc1eebe-c92c-4219-91a7-d9df58bafceb","local_time":"20201228172919","is_ascension_mode":false,"campfire_choices":[{"floor":7.0,"key":"REST"},{"floor":11.0,"key":"REST"},{"floor":15.0,"key":"REST"},{"floor":23.0,"key":"REST"},{"floor":29.0,"key":"REST"},{"floor":32.0,"key":"REST"},{"floor":34.0,"key":"REST"},{"floor":42.0,"key":"REST"},{"floor":51,"key":"REST"}],"circlet_count":0,"master_deck":["Strike_G+1","Strike_G","Strike_G","Strike_G","Defend_G","Defend_G+1","Defend_G+1","Defend_G","Defend_G+1","Survivor","Neutralize","ReplayTheSpireMod:Scrap Shanks","Accuracy","ReplayTheSpireMod:Shiv Toss","ReplayTheSpireMod:Scrap Shanks+1","Envenom+1","StuffTheSpire:Sprint+1","jedi:forcepull","Backflip+1","Cloak And Dagger","Cloak And Dagger","Footwork","Sucker Punch+1","Infinite Blades","Replay:Bootleg Shield Generator","Footwork","ReplayTheSpireMod:Shiv Toss","Crippling Poison+1","Leg Sweep","Tools of the Trade","Accuracy","Hidden Blade+1","Dash"],"relics":["Ring of the Snake","hubris:TenFootPole","jedi:rubbersling","StuffTheSpire:BottledEssence","PreservedInsect","Gremlin Food","halation:EternalFortune","Ancient Tea Set","Replay:Bronze Core","jedi:angrymask","aspiration:Lifesprig","aspiration:PoetsPen_weak","halation:PromiseList","vexMod:MemoryStick","Ginger","Art of War","StuffTheSpire:Mouthbags"],"acts_visited":["Exordium","TheCity","TheBeyond"],"potions_floor_usage":[50],"damage_taken":[{"damage":7.0,"enemies":"Cultist","floor":1.0,"turns":5.0},{"damage":15.0,"enemies":"Small Slimes","floor":4.0,"turns":6.0},{"damage":8.0,"enemies":"Jaw Worm","floor":6.0,"turns":4.0},{"damage":0.0,"enemies":"3 Louse","floor":8.0,"turns":7.0},{"damage":6.0,"enemies":"Exordium Wildlife","floor":12.0,"turns":5.0},{"damage":10.0,"enemies":"Lagavulin","floor":13.0,"turns":7.0},{"damage":22.0,"enemies":"The Guardian","floor":16.0,"turns":11.0},{"damage":10.0,"enemies":"Spheric Guardian","floor":18.0,"turns":5.0},{"damage":22.0,"enemies":"Chosen","floor":20.0,"turns":7.0},{"damage":11.0,"enemies":"3 Cultists","floor":22.0,"turns":7.0},{"damage":24.0,"enemies":"Gremlin Leader","floor":24.0,"turns":5.0},{"damage":9.0,"enemies":"Snake Plant","floor":25.0,"turns":6.0},{"damage":20.0,"enemies":"Cultist and Chosen","floor":31.0,"turns":6.0},{"damage":5.0,"enemies":"Shelled Parasite and Fungi","floor":33.0,"turns":7.0},{"damage":0.0,"enemies":"Automaton","floor":35.0,"turns":8.0},{"damage":0.0,"enemies":"Orb Walker","floor":37.0,"turns":1.0},{"damage":10.0,"enemies":"3 Shapes","floor":38.0,"turns":4.0},{"damage":17.0,"enemies":"Writhing Mass","floor":40.0,"turns":4.0},{"damage":0.0,"enemies":"conspire:MimicChest","floor":41.0,"turns":3.0},{"damage":0.0,"enemies":"3 Darklings","floor":43.0,"turns":5.0},{"damage":5.0,"enemies":"Maw","floor":46.0,"turns":3.0},{"damage":39.0,"enemies":"Reptomancer","floor":48.0,"turns":4.0},{"damage":0,"enemies":"Spire Growth","floor":49,"turns":2},{"damage":0,"enemies":"Transient","floor":50,"turns":5},{"damage":15,"enemies":"Replay:Hell Engine","floor":52,"turns":3}],"seed_played":"-8549958748720600934","potions_obtained":[{"floor":1.0,"key":"Adrenaline Potion"},{"floor":12.0,"key":"PowerPotion"},{"floor":18.0,"key":"Strength Potion"},{"floor":19.0,"key":"SneckoOil"},{"floor":22.0,"key":"PowerPotion"},{"floor":33.0,"key":"Weak Potion"},{"floor":38.0,"key":"Milkshake"},{"floor":41.0,"key":"Block Potion"},{"floor":48.0,"key":"Fruit Juice"},{"floor":50,"key":"Adrenaline Potion"}],"is_trial":false,"path_per_floor":["M","?","?","M","$","M","R","M","T","?","R","M","E","$","R","B",null,"M","?","M","$","M","R","E","M","T","PTL","PTL","R","?","M","R","M","R","B",null,"M","M","$","M","?","R","M","?","T","M","T","E","M","M","R","B",null],"character_chosen":"THE_SILENT","items_purchased":["hubris:TenFootPole","jedi:rubbersling","ReplayTheSpireMod:Scrap Shanks","StuffTheSpire:BottledEssence","Accuracy","ReplayTheSpireMod:Shiv Toss","PreservedInsect","Gremlin Food","ReplayTheSpireMod:Scrap Shanks","Envenom","jedi:forcepull","Fire Potion","Infinite Blades","Replay:Bootleg Shield Generator","halation:PromiseList"],"campfire_rested":9,"item_purchase_floors":[0,0,0,0,0,0,0,0,0,0,5,5,21,21,39],"current_hp_per_floor":[21,21,28,13,13,5,26,26,26,29,50,44,34,34,55,33,73,63,63,41,41,30,51,30,21,21,21,21,43,40,20,42,37,59,59,76,76,66,66,49,49,71,71,71,71,66,66,27,27,32,56,41],"gold":330,"neow_bonus":"","is_daily":false,"chose_seed":false,"campfire_upgraded":0,"win_rate":0.0,"timestamp":1609205359,"path_taken":["M","?","?","?","$","M","R","M","T","?","R","M","E","?","R","BOSS","M","?","M","$","M","R","E","?","T","PTL","PTL","R","?","M","R","M","R","BOSS","M","M","$","M","?","R","M","?","T","?","?","E","?","M","R","BOSS"],"items_purchased_type":["Relic","Relic","Card","Relic","Card","Card","Relic","Relic","Card","Card","Card","Potion","Card","Card","Relic"],"build_version":"2020-12-22","purchased_purges":0,"victory":true,"max_hp_per_floor":[70,70,70,70,70,70,70,70,70,73,73,73,73,73,73,73,73,73,73,73,73,73,73,76,76,76,76,76,76,76,76,76,76,76,76,76,76,76,76,76,76,76,76,76,76,76,76,76,76,81,81,81],"card_choices":[{"not_picked":["Slice","ReplayTheSpireMod:Exploit Weakness","Sucker Punch"],"picked":"SKIP","floor":1.0},{"not_picked":["Poisoned Stab","StuffTheSpire:Fury"],"picked":"StuffTheSpire:Sprint","floor":4.0},{"not_picked":["Deadly Poison","jedi:pocketpoison"],"picked":"Backflip","floor":6.0},{"not_picked":["infinitespire:Neurotoxin","Bane","Slice"],"picked":"SKIP","floor":8.0},{"not_picked":["StuffTheSpire:BumpUp","hubris:SlightOfHand"],"picked":"Cloak And Dagger","floor":12.0},{"not_picked":["Flying Knee","StuffTheSpire:BumpUp"],"picked":"Cloak And Dagger","floor":13.0},{"not_picked":["StuffTheSpire:DoubleShiv","Hidden Blade+1"],"picked":"Footwork","floor":18.0},{"not_picked":["Catalyst","Reflex+1"],"picked":"Sucker Punch+1","floor":20.0},{"not_picked":["Heel Hook","StuffTheSpire:Python"],"picked":"Footwork","floor":22.0},{"not_picked":["jedi:unstablefumes","Sneak Up","Caltrops"],"picked":"SKIP","floor":24.0},{"not_picked":["Quick Slash","Blade Dance"],"picked":"ReplayTheSpireMod:Shiv Toss","floor":25.0},{"not_picked":["Quick Slash","StuffTheSpire:Injection+1"],"picked":"Crippling Poison","floor":31.0},{"not_picked":["jedi:poisonivy","Predator"],"picked":"Leg Sweep","floor":33.0},{"not_picked":["infinitespire:Neurotoxin","StuffTheSpire:FinalStruggle"],"picked":"Tools of the Trade","floor":35.0},{"not_picked":["Bouncing Flask","StuffTheSpire:BumpUp+1","Quick Slash+1"],"picked":"SKIP","floor":37.0},{"not_picked":["Blade Dance","Hidden Blade"],"picked":"Accuracy","floor":38.0},{"not_picked":["StuffTheSpire:Repulse+1","Prepared"],"picked":"Dash","floor":40.0},{"not_picked":["Dagger Spray+1","StuffTheSpire:Injection","ReplayTheSpireMod:Exploit Weakness"],"picked":"SKIP","floor":43.0},{"not_picked":["Dodge and Roll+1","Backflip","PiercingWail"],"picked":"SKIP","floor":46.0},{"not_picked":["Backstab+1","jedi:studypoison"],"picked":"Hidden Blade+1","floor":48.0},{"not_picked":["StuffTheSpire:ClusterCrunch","Skewer+1","ShadowRift"],"picked":"SKIP","floor":49},{"not_picked":["Backflip","Setup","Bane+1"],"picked":"SKIP","floor":50}],"player_experience":1095861,"relics_obtained":[{"floor":13.0,"key":"Ancient Tea Set"},{"floor":24.0,"key":"halation:EternalFortune"},{"floor":24.0,"key":"jedi:angrymask"},{"floor":26.0,"key":"aspiration:Lifesprig"},{"floor":41.0,"key":"vexMod:MemoryStick"},{"floor":45.0,"key":"Ginger"},{"floor":47.0,"key":"Art of War"},{"floor":48.0,"key":"StuffTheSpire:Mouthbags"}],"event_choices":[{"damage_healed":0.0,"max_hp_gain":0.0,"max_hp_loss":0.0,"gold_gain":0.0,"event_name":"The Woman in Blue","player_choice":"Bought 1 Potion","floor":19.0,"gold_loss":0.0,"damage_taken":0.0},{"damage_healed":0.0,"max_hp_gain":0.0,"max_hp_loss":0.0,"gold_gain":0.0,"event_name":"Knowing Skull","player_choice":"","floor":30.0,"potions_obtained":[],"gold_loss":0.0,"damage_taken":6.0,"cards_obtained":[]},{"cards_removed":["Strike_G"],"damage_healed":0.0,"max_hp_gain":0.0,"max_hp_loss":0.0,"gold_gain":0.0,"event_name":"Purifier","player_choice":"Purged","floor":44.0,"gold_loss":0.0,"damage_taken":0.0}],"is_beta":false,"boss_relics":[{"not_picked":["Abe\u0027s Treasure","trackpad:RiggedDice"],"picked":"Replay:Bronze Core"},{"not_picked":["Sozu","Snecko Scales"],"picked":"aspiration:PoetsPen_weak"}],"items_purged_floors":[],"is_endless":false,"potions_floor_spawned":[1,12,18,22,33,38,41,43,48,50],"ascension_level":0}}