{"host":"f55lpzc7830gmx23","time":1609271217,"event":{"mods":["BaseMod","Better Note","Downfall","Hermit","Minty Spire (QoL Compilation)","StSLib","The Blackbeard","The Cursed","The Necromancer"],"gold_per_floor":[119,44,119,344,363,399,436,436,436,495,525,565,599,651,651,773,773,815,815,865,341,379,379,478,508,531,574,574,653,706,718,730,897,909,938,950,962,914,926,938,961,302,302,302,382,69,69,69,69,129],"floor_reached":51,"playtime":2625,"items_purged":["blackbeard:BlackbeardStrike"],"score":1252,"play_id":"2dc935b1-1ce8-4132-9ab2-56c10493bb7c","local_time":"20201229204657","is_ascension_mode":true,"campfire_choices":[{"floor":15.0,"key":"REST"},{"data":"blackbeard:GoldenGuillotine","floor":23.0,"key":"SMITH"},{"data":"blackbeard:BeatUp","floor":28,"key":"SMITH"},{"data":"blackbeard:Salvager","floor":32,"key":"SMITH"},{"floor":40,"key":"REST"},{"data":"1","floor":44,"key":"LIFT"},{"data":"2","floor":49,"key":"LIFT"}],"circlet_count":0,"master_deck":["AscendersBane","blackbeard:BlackbeardStrike+1","blackbeard:BlackbeardStrike+1","blackbeard:IntimidatingStrike+1","blackbeard:BlackbeardDefend+1","blackbeard:BlackbeardDefend+1","blackbeard:BlackbeardDefend+1","blackbeard:BlackbeardDefend+1","blackbeard:Cutlass+1","blackbeard:GoldenDefense+1","blackbeard:Bandana+1","blackbeard:GoldenGuillotine+1","blackbeard:RearmingStrike+1","blackbeard:Boarding+1","blackbeard:TacticalRetreat+1","blackbeard:GoldenCannonball+1","blackbeard:Sword+1","blackbeard:GoldenDefense+1","blackbeard:Salvager+1","blackbeard:Bandana+1","blackbeard:GoldenStrike+1","blackbeard:BeatUp+1","blackbeard:Dagger+1","blackbeard:GoldenDefense+1","blackbeard:FinalBarrage+1","expansioncontent:Chronoboost+1","blackbeard:GoldenStrike+1","Guardian:Aged","blackbeard:GoldenDefense+1"],"relics":["blackbeard:LoadTheCannons","NeowsBlessing","Eternal Feather","Pear","HornCleat","The Courier","Singing Bowl","Cursed Key","Shuriken","Omamori","blackbeard:PowderCan","Juzu Bracelet","Lantern","MawBank","Fusion Hammer","Letter Opener","Ancient Tea Set","blackbeard:WhitePearl","Girya","Kunai","Gremlin Horn","Bottled Flame","Lee\u0027s Waffle","Mark of the Bloom"],"acts_visited":["Exordium","TheCity","TheBeyond"],"potions_floor_usage":[25,50],"damage_taken":[{"damage":0.0,"enemies":"Cultist","floor":1.0,"turns":1.0},{"damage":0.0,"enemies":"2 Louse","floor":5.0,"turns":1.0},{"damage":0.0,"enemies":"Gremlin Nob","floor":6.0,"turns":1.0},{"damage":0.0,"enemies":"Jaw Worm","floor":7.0,"turns":5.0},{"damage":15.0,"enemies":"3 Sentries","floor":10.0,"turns":9.0},{"damage":10.0,"enemies":"Gremlin Gang","floor":11.0,"turns":3.0},{"damage":3.0,"enemies":"Blue Slaver","floor":12.0,"turns":3.0},{"damage":1.0,"enemies":"Lots of Slimes","floor":13.0,"turns":4.0},{"damage":4.0,"enemies":"Gremlin Nob","floor":14.0,"turns":3.0},{"damage":41.0,"enemies":"Hexaghost","floor":16.0,"turns":14.0},{"damage":7.0,"enemies":"3 Byrds","floor":18.0,"turns":4.0},{"damage":0.0,"enemies":"Chosen","floor":20.0,"turns":3.0},{"damage":0.0,"enemies":"Centurion and Healer","floor":22.0,"turns":2.0},{"damage":0,"enemies":"Snake Plant","floor":25,"turns":1},{"damage":2,"enemies":"Cultist and Chosen","floor":27,"turns":5},{"damage":20,"enemies":"Slavers","floor":29,"turns":3},{"damage":71,"enemies":"Collector","floor":33,"turns":9},{"damage":0,"enemies":"3 Shapes","floor":35,"turns":3},{"damage":0,"enemies":"Orb Walker","floor":41,"turns":2},{"damage":21,"enemies":"Giant Head","floor":45,"turns":6},{"damage":33,"enemies":"Time Eater","floor":50,"turns":8}],"seed_played":"-7569928825543006154","potions_obtained":[{"floor":7.0,"key":"blackbeard:UpgradePotion"},{"floor":12.0,"key":"champ:CounterPotion"},{"floor":13.0,"key":"GamblersBrew"},{"floor":16.0,"key":"Regen Potion"},{"floor":18.0,"key":"Swift Potion"},{"floor":20.0,"key":"Strength Potion"},{"floor":27,"key":"LiquidBronze"},{"floor":33,"key":"sneckomod:MuddlingPotion"}],"is_trial":false,"path_per_floor":["M","$","?","?","M","E","M","?","T","E","M","M","M","E","R","B",null,"M","?","M","$","M","R","?","M","T","M","R","E","T","?","R","B",null,"M","?","?","?","?","R","M","$","T","R","E","$","?","?","R","B",null],"character_chosen":"BLACKBEARD_CLASS","items_purchased":["Shuriken","Omamori","blackbeard:PowderCan","Letter Opener","Ancient Tea Set","blackbeard:WhitePearl","Girya","Bottled Flame","Lee\u0027s Waffle"],"campfire_rested":2,"item_purchase_floors":[21,21,21,42,42,42,42,46,46],"current_hp_per_floor":[68,68,57,57,57,67,67,67,67,52,42,39,38,34,68,27,71,76,76,76,76,76,85,85,85,85,85,87,69,69,69,84,13,70,72,72,72,72,72,91,91,91,91,91,70,98,93,93,93,60],"gold":129,"neow_bonus":"THREE_ENEMY_KILL","is_daily":false,"chose_seed":false,"campfire_upgraded":3,"win_rate":0.0,"timestamp":1609271217,"path_taken":["M","$","?","?","M","E","M","?","T","E","?","M","?","E","R","BOSS","M","?","?","?","M","R","?","?","T","M","R","E","?","?","R","BOSS","M","?","?","?","?","R","M","?","T","R","E","?","?","?","R","BOSS"],"items_purchased_type":["Relic","Relic","Relic","Relic","Relic","Relic","Relic","Relic","Relic"],"build_version":"2020-12-22","purchased_purges":1,"victory":true,"max_hp_per_floor":[75,75,75,75,75,85,85,85,85,85,85,85,85,85,85,85,85,85,85,85,85,85,85,85,85,85,87,87,89,89,89,89,89,89,91,91,91,91,91,91,91,91,91,91,91,98,93,93,93,93],"card_choices":[{"not_picked":["blackbeard:Dagger","blackbeard:Toast"],"picked":"blackbeard:GoldenDefense","floor":1.0},{"not_picked":["blackbeard:BlindAttacks","blackbeard:RearmingStrike"],"picked":"blackbeard:Bandana","floor":5.0},{"not_picked":["blackbeard:PirateEarring","blackbeard:DoubleCannonball"],"picked":"blackbeard:GoldenGuillotine","floor":6.0},{"not_picked":["blackbeard:Toast","blackbeard:BlindAttacks"],"picked":"blackbeard:RearmingStrike","floor":7.0},{"not_picked":["blackbeard:PiratesWill","blackbeard:Revenge"],"picked":"blackbeard:Boarding","floor":10.0},{"not_picked":["blackbeard:BlindAttacks","blackbeard:WeaponProficiency"],"picked":"blackbeard:TacticalRetreat","floor":11.0},{"not_picked":["blackbeard:Sharpening","blackbeard:JollyRoger"],"picked":"blackbeard:GoldenCannonball","floor":12.0},{"not_picked":["blackbeard:Sharpening","blackbeard:TacticalRetreat"],"picked":"blackbeard:Sword","floor":13.0},{"not_picked":["blackbeard:Fencing","blackbeard:ReapersScythe"],"picked":"blackbeard:GoldenDefense","floor":14.0},{"not_picked":["blackbeard:PirateStrength","blackbeard:WeaponMastery"],"picked":"blackbeard:Salvager","floor":16.0},{"not_picked":["blackbeard:Eyepatch","blackbeard:Sword"],"picked":"blackbeard:Bandana","floor":18.0},{"not_picked":["blackbeard:SmithingHammer","blackbeard:Toast+1"],"picked":"blackbeard:GoldenStrike+1","floor":20.0},{"not_picked":["blackbeard:FishingNets","blackbeard:WeaponProficiency"],"picked":"blackbeard:BeatUp","floor":22.0},{"not_picked":["blackbeard:WeaponProficiency","blackbeard:Bandana"],"picked":"blackbeard:Dagger","floor":25},{"not_picked":["blackbeard:RemoveScurvy","blackbeard:ArmorUp","blackbeard:Anchor"],"picked":"Singing Bowl","floor":27},{"not_picked":["blackbeard:Sword","blackbeard:Dagger","blackbeard:UndeadForm"],"picked":"Singing Bowl","floor":29},{"not_picked":["blackbeard:PowerHungry","blackbeard:Intoxication"],"picked":"blackbeard:FinalBarrage","floor":33},{"not_picked":["blackbeard:RearmingStrike+1","blackbeard:Toast+1","blackbeard:SwordDance"],"picked":"Singing Bowl","floor":35},{"not_picked":["Mayhem","Dramatic Entrance"],"picked":"expansioncontent:Chronoboost","floor":37},{"not_picked":["blackbeard:SmithingHammer+1","blackbeard:DelayedPain"],"picked":"blackbeard:GoldenStrike+1","floor":41},{"not_picked":["blackbeard:HumongousCannonball","blackbeard:Fencing+1"],"picked":"blackbeard:GoldenDefense+1","floor":45}],"player_experience":445316,"relics_obtained":[{"floor":6.0,"key":"Pear"},{"floor":9.0,"key":"HornCleat"},{"floor":10.0,"key":"The Courier"},{"floor":14.0,"key":"Singing Bowl"},{"floor":26,"key":"Juzu Bracelet"},{"floor":29,"key":"Lantern"},{"floor":30,"key":"MawBank"},{"floor":43,"key":"Kunai"},{"floor":45,"key":"Gremlin Horn"}],"event_choices":[{"damage_healed":0.0,"max_hp_gain":0.0,"max_hp_loss":0.0,"gold_gain":75.0,"event_name":"World of Goop","player_choice":"Gather Gold","floor":3.0,"gold_loss":0.0,"damage_taken":11.0},{"damage_healed":0.0,"max_hp_gain":0.0,"max_hp_loss":0.0,"gold_gain":225.0,"event_name":"blackbeard:Ssssserpent","player_choice":"YARR","floor":4.0,"gold_loss":0.0,"damage_taken":0.0,"relics_obtained":["Eternal Feather"]},{"damage_healed":0.0,"max_hp_gain":0.0,"max_hp_loss":0.0,"gold_gain":0.0,"event_name":"Living Wall","player_choice":"Grow","floor":8.0,"gold_loss":0.0,"damage_taken":0.0,"cards_upgraded":["blackbeard:Cutlass"]},{"cards_removed":["blackbeard:BlackbeardStrike"],"damage_healed":0.0,"max_hp_gain":0.0,"max_hp_loss":0.0,"gold_gain":0.0,"event_name":"betterNote:BetterNote","player_choice":"Give","floor":19.0,"gold_loss":0.0,"damage_taken":0.0,"cards_obtained":["blackbeard:WiseDefense"]},{"damage_healed":0.0,"max_hp_gain":0.0,"max_hp_loss":0.0,"gold_gain":99.0,"event_name":"Nest","player_choice":"Stole From Cult","floor":24.0,"gold_loss":0.0,"damage_taken":0.0},{"damage_healed":0,"gold_gain":0,"player_choice":"Read","damage_taken":0,"max_hp_gain":0,"max_hp_loss":0,"event_name":"The Library","floor":31,"gold_loss":0,"cards_obtained":["blackbeard:GoldenDefense"]},{"damage_healed":0,"gold_gain":0,"player_choice":"Ignored","damage_taken":0,"max_hp_gain":0,"max_hp_loss":0,"event_name":"Tomb of Lord Red Mask","floor":36,"gold_loss":0},{"damage_healed":0,"gold_gain":0,"player_choice":"Memory 1","damage_taken":0,"max_hp_gain":0,"max_hp_loss":0,"event_name":"SensoryStone","floor":37,"gold_loss":0},{"cards_removed":["blackbeard:BlackbeardStrike"],"damage_healed":0,"gold_gain":0,"player_choice":"Single Remove","damage_taken":0,"max_hp_gain":0,"max_hp_loss":0,"event_name":"Designer","floor":38,"gold_loss":60},{"damage_healed":0,"gold_gain":0,"player_choice":"Ignored","damage_taken":0,"max_hp_gain":0,"max_hp_loss":0,"event_name":"SecretPortal","floor":39,"gold_loss":0},{"damage_healed":0,"gold_gain":0,"player_choice":"Max HP","damage_taken":0,"max_hp_gain":0,"max_hp_loss":5,"event_name":"Winding Halls","floor":47,"gold_loss":0},{"damage_healed":0,"gold_gain":0,"player_choice":"Upgrade","damage_taken":0,"relics_obtained":["Mark of the Bloom"],"max_hp_gain":0,"max_hp_loss":0,"event_name":"MindBloom","floor":48,"gold_loss":0,"cards_upgraded":["blackbeard:BlackbeardStrike","blackbeard:BlackbeardStrike","blackbeard:IntimidatingStrike","blackbeard:BlackbeardDefend","blackbeard:BlackbeardDefend","blackbeard:BlackbeardDefend","blackbeard:BlackbeardDefend","blackbeard:GoldenDefense","blackbeard:Bandana","blackbeard:RearmingStrike","blackbeard:Boarding","blackbeard:TacticalRetreat","blackbeard:GoldenCannonball","blackbeard:Sword","blackbeard:GoldenDefense","blackbeard:Bandana","blackbeard:Dagger","blackbeard:GoldenDefense","blackbeard:FinalBarrage","expansioncontent:Chronoboost"]}],"is_beta":false,"boss_relics":[{"not_picked":["Sozu","Runic Pyramid"],"picked":"Cursed Key"},{"not_picked":["blackbeard:SoberMinded","Snecko Eye"],"picked":"Fusion Hammer"}],"items_purged_floors":[2],"is_endless":false,"potions_floor_spawned":[7,12,13,16,18,20,27,33],"ascension_level":11}}