{"host":"x8sop9v6zw8yitbt","time":1609215458,"event":{"mods":["BaseMod","Block Reminder","Colored Powertips","DeckTracker","Minty Spire (QoL Compilation)","Permanent Neow","Quick Restart","Relic Stats","Slay-I","StSLib"],"gold_per_floor":[114,114,114,135,12,12,56,131,156,106,129,160,160,176,176,176,176],"floor_reached":16,"playtime":186,"items_purged":["Strike_G"],"score":140,"play_id":"2b19905e-5b98-432b-8ef9-d50d11e4b4b8","local_time":"20201228231738","is_ascension_mode":true,"campfire_choices":[{"data":"Cloak And Dagger","floor":6,"key":"SMITH"},{"data":"Choke","floor":13,"key":"SMITH"},{"data":"Dagger Spray","floor":15,"key":"SMITH"}],"circlet_count":0,"master_deck":["Strike_G","Strike_G","Strike_G","Strike_G+1","Defend_G","Defend_G","Defend_G","Defend_G","Survivor","Neutralize+1","Choke+1","Dagger Spray+1","Cloak And Dagger+1","Footwork"],"relics":["Ring of the Snake","NeowsBlessing","Eternal Feather","Golden Idol","Omamori","Pen Nib","Whetstone"],"acts_visited":["Exordium"],"potions_floor_usage":[],"damage_taken":[{"damage":0,"enemies":"Jaw Worm","floor":1,"turns":1},{"damage":0,"enemies":"2 Louse","floor":4,"turns":1},{"damage":0,"enemies":"3 Sentries","floor":7,"turns":1},{"damage":0,"enemies":"Small Slimes","floor":11,"turns":2},{"damage":6,"enemies":"Gremlin Nob","floor":12,"turns":3},{"damage":0,"enemies":"Looter","floor":14,"turns":2},{"damage":10,"enemies":"Hexaghost","floor":16,"turns":6}],"seed_played":"2152426488135228488","potions_obtained":[{"floor":4,"key":"Energy Potion"},{"floor":7,"key":"Fire Potion"},{"floor":11,"key":"SkillPotion"}],"is_trial":false,"path_per_floor":["M","?","?","M","$","R","E","?","T","?","M","E","R","M","R","B"],"character_chosen":"THE_SILENT","items_purchased":["Cloak And Dagger"],"campfire_rested":0,"item_purchase_floors":[5],"current_hp_per_floor":[70,45,45,45,45,51,51,40,40,40,40,34,40,40,46,36,36],"gold":176,"neow_bonus":"THREE_ENEMY_KILL","is_daily":false,"chose_seed":false,"campfire_upgraded":3,"win_rate":0.0,"timestamp":1609215458,"path_taken":["M","?","?","M","?","R","E","?","T","?","M","E","R","M","R","BOSS"],"items_purchased_type":["Card"],"build_version":"2020-12-22","purchased_purges":1,"victory":false,"max_hp_per_floor":[70,70,65,65,65,65,65,65,65,65,65,65,65,65,65,65,65],"relic_stats":{"counters":[7,15],"Golden Idol":27,"Eternal Feather":18,"Pen Nib":[3],"Whetstone":["Neutralize","Strike_G"],"obtain_stats":[{"NeowsBlessing":0,"Golden Idol":3,"Eternal Feather":2,"Pen Nib":9,"Omamori":7,"Whetstone":12,"Ring of the Snake":0},{"NeowsBlessing":0,"Golden Idol":1,"Eternal Feather":1,"Pen Nib":3,"Omamori":3,"Whetstone":5,"Ring of the Snake":0},{"NeowsBlessing":0,"Golden Idol":1,"Eternal Feather":1,"Pen Nib":3,"Omamori":3,"Whetstone":8,"Ring of the Snake":0}],"Ring of the Snake":[14]},"card_choices":[{"not_picked":["Dagger Throw","Dash"],"picked":"Choke","floor":1},{"not_picked":["Backflip","Reflex"],"picked":"Dagger Spray","floor":4},{"not_picked":["Unload","Poisoned Stab","Calculated Gamble"],"picked":"SKIP","floor":7},{"not_picked":["Poisoned Stab","Reflex","Quick Slash"],"picked":"SKIP","floor":11},{"not_picked":["Reflex","PiercingWail","Slice"],"picked":"SKIP","floor":12},{"not_picked":["Choke","Expertise"],"picked":"Footwork","floor":14}],"player_experience":877265,"relics_obtained":[{"floor":7,"key":"Omamori"},{"floor":9,"key":"Pen Nib"},{"floor":12,"key":"Whetstone"}],"event_choices":[{"damage_healed":0,"gold_gain":0,"player_choice":"Success","damage_taken":25,"relics_obtained":["Eternal Feather"],"max_hp_gain":0,"max_hp_loss":0,"event_name":"Scrap Ooze","floor":2,"gold_loss":0},{"damage_healed":0,"gold_gain":0,"player_choice":"Lose Max HP","damage_taken":0,"relics_obtained":["Golden Idol"],"max_hp_gain":0,"max_hp_loss":5,"event_name":"Golden Idol","floor":3,"gold_loss":0},{"damage_healed":0,"gold_gain":75,"player_choice":"Gather Gold","damage_taken":11,"max_hp_gain":0,"max_hp_loss":0,"event_name":"World of Goop","floor":8,"gold_loss":0},{"cards_removed":["Defend_G"],"damage_healed":0,"gold_gain":0,"player_choice":"Card Removal","damage_taken":0,"max_hp_gain":0,"max_hp_loss":0,"event_name":"The Cleric","floor":10,"gold_loss":50}],"is_beta":false,"boss_relics":[],"items_purged_floors":[5],"is_endless":false,"potions_floor_spawned":[4,7,11],"killed_by":"Hexaghost","ascension_level":1}}