{"host":"g520aj7wy7fyc13m","time":1609243522,"event":{"mods":["2.2 Compatiblity","AlwaysNeverKeys","Aspiration","BaseMod","Better Sensory Stone","Better Third Choice","Colored Powertips","Downfall","Hermit","Jorbs\u0027s Wanderer Trilogy","Minty Spire (QoL Compilation)","Permanent Neow","Quick Restart","Random Character Button","StSLib","The Blue Laboratory","The Cursed","The Disciple","The Marked","The Runesmith","egg"],"gold_per_floor":[99,114,133,71,89,104,157,172,172,97,114,273,285,312,322,322,322,322],"floor_reached":16,"playtime":1192,"items_purged":[],"score":98,"play_id":"ee775dfc-b029-4bfa-b8b0-46560557cbca","local_time":"20201229120522","is_ascension_mode":false,"campfire_choices":[{"data":"champ:Taunt","floor":1,"key":"SMITH"},{"data":"champ:FocusedBerserking","floor":10,"key":"SMITH"}],"circlet_count":0,"master_deck":["champ:Strike","champ:Strike","champ:Strike","champ:Strike","champ:Defend","champ:Defend","champ:Defend","champ:Defend","champ:Execute","champ:Taunt+1","champ:DeathBlow","champ:FocusedBerserking+1","champ:FanOfKnives","champ:BringItOn","Slimebound:Icky","champ:HeartStrike"],"relics":["champ:ChampionCrown","CeramicFish","downfall:HeartBlessingRed"],"acts_visited":["Exordium"],"potions_floor_usage":[6,8,14,15],"damage_taken":[{"damage":26,"enemies":"Cultist","floor":2,"turns":6},{"damage":10,"enemies":"2 Louse","floor":3,"turns":3},{"damage":37,"enemies":"downfall:FleeingMerchant","floor":4,"turns":4},{"damage":6,"enemies":"Small Slimes","floor":5,"turns":4},{"damage":14,"enemies":"Exordium Wildlife","floor":6,"turns":7},{"damage":50,"enemies":"Gremlin Gang","floor":8,"turns":5},{"damage":1,"enemies":"3 Louse","floor":11,"turns":3},{"damage":7,"enemies":"Exordium Wildlife","floor":13,"turns":4},{"damage":8,"enemies":"Lots of Slimes","floor":14,"turns":3},{"damage":37,"enemies":"Gremlin Gang","floor":15,"turns":3},{"damage":44,"enemies":"downfall:Watcher","floor":16,"turns":4}],"seed_played":"7642159934922648522","potions_obtained":[{"floor":0,"key":"blueLaboratory:StoneskinPotion"},{"floor":0,"key":"blueLaboratory:ForbiddenFruitJuice"},{"floor":0,"key":"sneckomod:MuddlingPotion"},{"floor":5,"key":"blueLaboratory:NullPotion"},{"floor":6,"key":"LiquidMemories"},{"floor":8,"key":"blueLaboratory:EnragingPotion"},{"floor":13,"key":"Swift Potion"},{"floor":15,"key":"PowerPotion"}],"is_trial":false,"path_per_floor":["R","M","M","$","M","M","T","M","?","R","M","?","M","M","M","B"],"character_chosen":"THE_CHAMP","items_purchased":["champ:BringItOn"],"campfire_rested":0,"item_purchase_floors":[4],"current_hp_per_floor":[90,74,69,69,68,54,54,62,62,62,61,61,57,55,28,0,0,0],"gold":322,"neow_bonus":"THREE_SMALL_POTIONS","is_daily":false,"chose_seed":false,"campfire_upgraded":2,"win_rate":0.0,"timestamp":1609243522,"path_taken":["R","M","M","$","M","?","T","?","?","R","M","?","M","M","M","BOSS"],"items_purchased_type":["Card"],"build_version":"2020-12-22","purchased_purges":0,"victory":false,"max_hp_per_floor":[90,90,90,90,90,90,90,80,80,80,80,80,80,80,80,80,80,80],"card_choices":[{"not_picked":["champ:ViciousMockery","champ:GutPunch"],"picked":"champ:DeathBlow","floor":2},{"not_picked":["champ:RecklessLeap","champ:FanOfKnives"],"picked":"champ:FocusedBerserking","floor":3},{"not_picked":["champ:AdrenalArmor","champ:EndlessRage"],"picked":"champ:FanOfKnives","floor":4},{"not_picked":["champ:SkillfulDodge","champ:Riposte","champ:Backstep"],"picked":"SKIP","floor":5},{"not_picked":["champ:BladeFlurry","champ:FalseCounter","champ:GladiatorsShout"],"picked":"SKIP","floor":6},{"not_picked":["champ:FalseCounter","champ:PreciseThrust","champ:GladiatorStyle"],"picked":"SKIP","floor":8},{"not_picked":["champ:FalseCounter","champ:PerfectedStrike","champ:Shatter"],"picked":"SKIP","floor":11},{"not_picked":["champ:SkillfulDodge","champ:CrookedStrike","champ:Circumvent"],"picked":"SKIP","floor":13},{"not_picked":["champ:CrookedStrike","champ:GladiatorsShout"],"picked":"champ:HeartStrike","floor":14},{"not_picked":["champ:DefensiveShout","champ:EnragedBash","champ:FocusedBerserking"],"picked":"SKIP","floor":15}],"player_experience":612744,"relics_obtained":[{"floor":7,"key":"CeramicFish"}],"event_choices":[],"is_beta":false,"boss_relics":[],"items_purged_floors":[],"is_endless":false,"potions_floor_spawned":[5,6,8,13,15],"killed_by":"downfall:Watcher","ascension_level":0}}