{"host":"wy5pcbg592uilh9l","time":1609206312,"event":{"mods":["AchievementEnabler","BaseMod","BetterRewards","Hubris","Infinite Spire","Minty Spire (QoL Compilation)","Permanent Neow","Replay The Spire","StSLib","The Servant 0.9.4"],"gold_per_floor":[110,158,158,158,177,210,225,225,225,235,245,259,270,296,296,399,399,409,69,88,103,103,103,135,135,135,135,163,163,163,163,163,163,163],"floor_reached":33,"playtime":2178,"items_purged":["ReplayTheSpireMod:Splinters"],"score":441,"play_id":"c42af8f6-0789-4cd4-a6ea-2a0a2fdba346","local_time":"20201228194512","is_ascension_mode":true,"campfire_choices":[{"floor":8,"key":"REST"},{"floor":25,"key":"REST"},{"floor":27,"key":"REST"},{"floor":32,"key":"REST"}],"circlet_count":0,"master_deck":["Strike_R","Strike_R+2","Strike_R+1","Strike_R","Strike_R","Defend_R+1","Defend_R","Defend_R","Defend_R","Bash","ReplayTheSpireMod:Muscle Training","Anger","Heavy Blade","ReplayTheSpireMod:Black Plague","Shockwave+1","hubris:ReadiedAction","Sword Boomerang","Dropkick+1","Sword Boomerang+1","Barricade","Perfected Strike","Demon Form+1","ReplayTheSpireMod:Limb From Limb+1","Warcry","Flex","Armaments","Dual Wield","Flex+1","infinitespire:Gouge","Amnesia","Decay"],"relics":["Sizzling Blood","Whetstone","infinitespire:Cubic Diamond","hubris:DeckOfHolding","Kunai","Replay:Multitool","SacredBark","BargainBundle","Pen Nib","Simple Rune","Gremlin Food","infinitespire:Joker Card","hubris:HollowSoul","Replay:Rubber Ducky","Turnip"],"acts_visited":["Exordium","TheCity"],"potions_floor_usage":[1,6,10,12,13,16,16,20,20,21,24,28],"damage_taken":[{"damage":1,"enemies":"Jaw Worm","floor":1,"turns":4},{"damage":3,"enemies":"Small Slimes","floor":5,"turns":3},{"damage":13,"enemies":"Lagavulin","floor":6,"turns":5},{"damage":3,"enemies":"Cultist","floor":7,"turns":3},{"damage":3,"enemies":"3 Louse","floor":10,"turns":3},{"damage":13,"enemies":"Blue Slaver","floor":11,"turns":2},{"damage":11,"enemies":"Looter","floor":12,"turns":2},{"damage":0,"enemies":"3 Louse","floor":13,"turns":2},{"damage":9,"enemies":"Replay:BlueRogue","floor":14,"turns":3},{"damage":2,"enemies":"Slime Boss","floor":16,"turns":7},{"damage":32,"enemies":"Shell Parasite","floor":18,"turns":4},{"damage":17,"enemies":"2 Thieves","floor":20,"turns":3},{"damage":12,"enemies":"Snecko","floor":21,"turns":1},{"damage":32,"enemies":"Book of Stabbing","floor":24,"turns":4},{"damage":54,"enemies":"Slavers","floor":28,"turns":5},{"damage":0,"enemies":"hubris:MusketHawk","floor":33,"turns":1}],"seed_played":"-5254753062288476180","potions_obtained":[{"floor":2,"key":"LifebloodPotion"},{"floor":6,"key":"SneckoOil"},{"floor":7,"key":"Energy Potion"},{"floor":11,"key":"Fire Potion"},{"floor":12,"key":"Fire Potion"},{"floor":14,"key":"Block Potion"},{"floor":18,"key":"Adrenaline Potion"},{"floor":24,"key":"Explosive Potion"}],"is_trial":false,"path_per_floor":["M","?","?","?","M","E","M","R","T","M","M","M","M","E","R","B",null,"M","$","M","M","?","R","E","R","T","R","E","AVR","?","?","R","B"],"character_chosen":"IRONCLAD","items_purchased":["AttackPotion","BargainBundle","Pen Nib","PowerPotion","ColorlessPotion","Death Potion","Warcry"],"campfire_rested":4,"item_purchase_floors":[0,19,19,19,19,19,19],"current_hp_per_floor":[75,75,75,58,59,50,51,73,73,74,65,58,62,57,75,75,75,47,47,34,26,26,48,20,42,42,64,14,14,14,14,36,15,15],"gold":163,"neow_bonus":"","is_daily":false,"chose_seed":false,"campfire_upgraded":0,"win_rate":0.0,"timestamp":1609206312,"path_taken":["M","?","?","?","?","E","M","R","T","M","M","M","M","E","R","BOSS","M","$","M","M","?","R","E","R","T","R","E","AVR","?","?","R","BOSS"],"items_purchased_type":["Potion","Relic","Relic","Potion","Potion","Potion","Card"],"build_version":"2020-12-22","purchased_purges":1,"victory":false,"max_hp_per_floor":[75,75,75,75,75,75,75,75,75,75,75,75,75,75,75,75,75,75,75,75,75,75,75,75,75,75,75,75,75,75,75,75,15,15],"card_choices":[{"not_picked":["Havoc","Headbutt"],"picked":"ReplayTheSpireMod:Muscle Training","floor":1},{"not_picked":["Burning Pact","Hemokinesis"],"picked":"Anger","floor":2},{"not_picked":["Headbutt","Power Through"],"picked":"Heavy Blade","floor":2},{"not_picked":["hubris:Fate","infinitespire:FutureSight"],"picked":"ReplayTheSpireMod:Black Plague","floor":4},{"not_picked":["Sever Soul","Carnage"],"picked":"Shockwave","floor":5},{"not_picked":["Blood for Blood","Headbutt"],"picked":"hubris:ReadiedAction","floor":6},{"not_picked":["ReplayTheSpireMod:LeadingStrike","Flame Barrier"],"picked":"Sword Boomerang","floor":7},{"not_picked":["Dark Embrace","Reckless Charge"],"picked":"Dropkick","floor":10},{"not_picked":["Run Through","Intimidate","Reckless Charge"],"picked":"SKIP","floor":11},{"not_picked":["True Grit","Intimidate"],"picked":"Sword Boomerang","floor":12},{"not_picked":["Thunderclap","Flex"],"picked":"Barricade","floor":13},{"not_picked":["True Grit","hubris:ReadiedAction"],"picked":"Perfected Strike","floor":14},{"not_picked":["Berserk","Juggernaut"],"picked":"Demon Form","floor":16},{"not_picked":["Body Slam","Dual Wield"],"picked":"ReplayTheSpireMod:Limb From Limb+1","floor":18},{"not_picked":["Shockwave","Iron Wave+1"],"picked":"Flex","floor":20},{"not_picked":["Evolve+1","Metallicize"],"picked":"Armaments","floor":21},{"not_picked":["Corruption","Hemokinesis"],"picked":"Dual Wield","floor":24},{"not_picked":["Bludgeon","Twin Strike"],"picked":"Flex+1","floor":28}],"player_experience":175088,"relics_obtained":[{"floor":2,"key":"Whetstone"},{"floor":6,"key":"hubris:DeckOfHolding"},{"floor":9,"key":"Kunai"},{"floor":14,"key":"Replay:Multitool"},{"floor":24,"key":"Simple Rune"},{"floor":26,"key":"Gremlin Food"},{"floor":28,"key":"infinitespire:Joker Card"}],"event_choices":[{"damage_healed":0,"gold_gain":0,"player_choice":"Smashed Altar","damage_taken":0,"max_hp_gain":0,"max_hp_loss":0,"event_name":"Forgotten Altar","floor":31,"gold_loss":0,"cards_obtained":["Decay"]}],"is_beta":false,"boss_relics":[{"not_picked":["Fusion Hammer","Empty Cage"],"picked":"SacredBark"}],"items_purged_floors":[19],"is_endless":false,"potions_floor_spawned":[6,7,11,12,14,18,24],"killed_by":"hubris:MusketHawk","ascension_level":1}}