{"host":"0cm5wy4nhuju7tij","time":1609276721,"event":{"mods":["2.2 Compatiblity","AchievementEnabler","Arknights The Spire","Aspiration","BaseMod","BetterRewards","CCEM","CapriCore","Colored Powertips","Custom Start","Energized Spire","Fireblade Mod","Highlight Path","Minty Spire (QoL Compilation)","Permanent Neow","Relic Stats","Shop Mod","Spicy Shops","StSLib","The Caster","The Servant 0.9.4"],"gold_per_floor":[119,119,136,22,32,57,74,132,182,182,200,200,219,236,236,331,331,315,332,346,346,346,346,346,346],"floor_reached":24,"playtime":2049,"items_purged":[],"score":200,"play_id":"b275354f-0691-4c00-a5f9-e3be4cb45c39","local_time":"20201229161841","is_ascension_mode":false,"campfire_choices":[{"floor":10,"key":"REST"},{"floor":12,"key":"REST"},{"data":"ats:Consecutive Shot Auto","floor":15,"key":"SMITH"},{"data":"ats:Composite Medical Shells","floor":23,"key":"SMITH"}],"circlet_count":0,"master_deck":["ats:Strike S","ats:Strike V","ats:Armor Crushing Shot+1","ats:Defend","ats:Defend","ats:Defend","ats:Defend","ats:Emotion Absorption","ats:Flexible Camouflage+1","ats:Consecutive Shot Auto+1","ats:Thorns","ats:Sunburst","ats:Apocalypse","ats:Thorns","ats:Powerful Strike","ats:Healing Drone","ats:Healing Strengthening","ats:Neurotoxin","ats:Thorns","ats:Calcification","ats:Revitalization","ats:Powerful Strike","ats:Poison Spread","ats:Beaten Up","ats:Composite Medical Shells+1"],"relics":["ats:Sanity","ats:Originium","aspiration:SeaSaltIceCream","aspiration:Nostalgia","Burning Blood","Kunai","Anchor","Coffee Dripper","aspiration:ChemicalBlood"],"acts_visited":["Exordium","TheCity"],"potions_floor_usage":[8,24,24,24],"damage_taken":[{"damage":8,"enemies":"Cultist","floor":1,"turns":6},{"damage":0,"enemies":"Small Slimes","floor":3,"turns":3},{"damage":6,"enemies":"Jaw Worm","floor":5,"turns":4},{"damage":21,"enemies":"3 Sentries","floor":6,"turns":7},{"damage":0,"enemies":"2 Fungi Beasts","floor":7,"turns":2},{"damage":58,"enemies":"Lagavulin Event","floor":8,"turns":8},{"damage":10,"enemies":"Looter","floor":11,"turns":3},{"damage":23,"enemies":"Large Slime","floor":13,"turns":6},{"damage":0,"enemies":"3 Louse","floor":14,"turns":1},{"damage":73,"enemies":"Hexaghost","floor":16,"turns":10},{"damage":18,"enemies":"2 Thieves","floor":18,"turns":4},{"damage":26,"enemies":"Spheric Guardian","floor":19,"turns":6},{"damage":75,"enemies":"Cultist and Chosen","floor":20,"turns":8},{"damage":34,"enemies":"Chosen and Byrds","floor":24,"turns":6}],"seed_played":"-603636774650519571","potions_obtained":[{"floor":6,"key":"PowerPotion"},{"floor":7,"key":"EssenceOfSteel"},{"floor":11,"key":"ColorlessPotion"},{"floor":14,"key":"Explosive Potion"}],"is_trial":false,"path_per_floor":["M","?","M","$","M","E","M","?","T","R","M","R","M","M","R","B",null,"M","M","M","?","?","R","M"],"character_chosen":"DOCTOR_CLASS","items_purchased":["ats:Thorns","ats:Sunburst"],"campfire_rested":2,"item_purchase_floors":[4,4],"current_hp_per_floor":[64,64,64,64,58,45,51,11,11,32,38,59,71,72,72,52,72,72,71,19,19,19,19,0,0],"gold":346,"neow_bonus":"UPGRADE_CARD","is_daily":false,"chose_seed":false,"campfire_upgraded":2,"win_rate":0.0,"timestamp":1609276721,"path_taken":["M","?","M","?","M","E","?","?","T","R","M","R","M","M","R","BOSS","M","M","M","?","?","R","M"],"items_purchased_type":["Card","Card"],"build_version":"2020-12-22","purchased_purges":0,"victory":false,"max_hp_per_floor":[72,72,72,72,72,72,72,72,72,72,72,72,72,72,72,72,72,72,72,72,72,72,72,72,72],"relic_stats":{"counters":[14,74],"Kunai":[5],"obtain_stats":[{"Anchor":9,"ats:Originium":6,"aspiration:Nostalgia":6,"Coffee Dripper":17,"ats:Sanity":0,"aspiration:SeaSaltIceCream":6,"Kunai":8,"Burning Blood":6,"aspiration:ChemicalBlood":21},{"Anchor":6,"ats:Originium":4,"aspiration:Nostalgia":4,"Coffee Dripper":10,"ats:Sanity":0,"aspiration:SeaSaltIceCream":4,"Kunai":6,"Burning Blood":4,"aspiration:ChemicalBlood":13},{"Anchor":30,"ats:Originium":20,"aspiration:Nostalgia":20,"Coffee Dripper":50,"ats:Sanity":0,"aspiration:SeaSaltIceCream":20,"Kunai":30,"Burning Blood":20,"aspiration:ChemicalBlood":68}],"Burning Blood":54},"card_choices":[{"not_picked":["ats:Poison Spread","ats:LN2 Cannon"],"picked":"ats:Flexible Camouflage","floor":1},{"not_picked":["ats:Shell Defense","ats:Volcano"],"picked":"ats:Consecutive Shot Auto","floor":3},{"not_picked":["ats:Flexible Camouflage","ats:Shell Defense"],"picked":"ats:Apocalypse","floor":5},{"not_picked":["ats:Automatic Cover","ats:Revitalization"],"picked":"ats:Thorns","floor":6},{"not_picked":["ats:Assault Order","ats:Leaping Hammer"],"picked":"ats:Powerful Strike","floor":7},{"not_picked":["ats:Burning Ground","ats:Demon Strength"],"picked":"ats:Healing Drone","floor":8},{"not_picked":["ats:Guardian Obelisk","ats:Assault Order"],"picked":"ats:Healing Strengthening","floor":11},{"not_picked":["ats:Directed Diagnosis","ats:Revitalization"],"picked":"ats:Neurotoxin","floor":13},{"not_picked":["ats:Childhood Dance","ats:Assault Order"],"picked":"ats:Thorns","floor":14},{"not_picked":["ats:Disruption Kick","ats:Dogmatic Field"],"picked":"ats:Calcification","floor":16},{"not_picked":["ats:Childhood Dance","ats:Apocalypse"],"picked":"ats:Revitalization","floor":18},{"not_picked":["ats:Apocalypse","ats:Revitalization"],"picked":"ats:Powerful Strike","floor":19},{"not_picked":["ats:Assault Order","ats:Leaping Hammer"],"picked":"ats:Poison Spread","floor":20}],"player_experience":207314,"relics_obtained":[{"floor":6,"key":"ats:Originium"},{"floor":6,"key":"aspiration:SeaSaltIceCream"},{"floor":8,"key":"Kunai"},{"floor":9,"key":"Anchor"}],"event_choices":[{"damage_healed":0,"gold_gain":0,"player_choice":"Upgraded","damage_taken":0,"max_hp_gain":0,"max_hp_loss":0,"event_name":"Upgrade Shrine","floor":2,"gold_loss":0,"cards_upgraded":["ats:Flexible Camouflage"]},{"damage_healed":0,"gold_gain":0,"player_choice":"Searched \u00272\u0027 times","damage_taken":0,"max_hp_gain":0,"max_hp_loss":0,"event_name":"Dead Adventurer","floor":8,"gold_loss":0},{"damage_healed":0,"gold_gain":0,"player_choice":"Opened","damage_taken":0,"relics_obtained":["aspiration:ChemicalBlood"],"max_hp_gain":0,"max_hp_loss":0,"event_name":"The Mausoleum","floor":21,"gold_loss":0},{"damage_healed":0,"gold_gain":0,"cards_transformed":["ats:Strike C","ats:Strike G"],"player_choice":"Became Test Subject","damage_taken":0,"max_hp_gain":0,"max_hp_loss":0,"event_name":"Drug Dealer","floor":22,"gold_loss":0,"cards_obtained":["ats:Beaten Up","ats:Composite Medical Shells"]}],"is_beta":false,"boss_relics":[{"not_picked":["Ectoplasm","CCEMRelics:TransientCore"],"picked":"Coffee Dripper"}],"items_purged_floors":[],"is_endless":false,"potions_floor_spawned":[6,7,11,14,19],"killed_by":"Chosen and Byrds","ascension_level":0}}