{"host":"4a0aa7b2d8dxohwr","time":1609239775,"event":{"mods":["ATMod(∞¢Ë™Mod)","Act Like it!","BaseMod","Gensokyo","GifTheSpireLib","Marisa£®ÏF”Í°°ƒß¿Ì…≥£©","Minty Spire (QoL Compilation)","Reimu£®≤©¿ˆ¡È√Œ£©","Remilia£®¿Ÿ√◊¿Ú—«£©","Shop Mod","StSLib","Youmu£®ªÍ∆«—˝√Œ£©","[IsaacMod]“‘»ˆº‚À˛"],"gold_per_floor":[359,359,89,100,100,100,30,56,56,86,86,13,13,25,25,127,127,138,14,14,14,14,46,56,90,90,47,47,47],"floor_reached":28,"playtime":1533,"items_purged":["Shame","Strike_YM","Defend_YM"],"score":348,"play_id":"628ffb40-5572-4e1c-af4f-7ae949279ea9","local_time":"20201229190255","is_ascension_mode":true,"campfire_choices":[{"data":"LowerRealmReflectionSlash","floor":6.0,"key":"SMITH"},{"data":"SlashOfAscensionToBuddhahood","floor":11.0,"key":"SMITH"},{"data":"SlashOfMeditation","floor":13.0,"key":"SMITH"},{"data":"CelestialStarSword","floor":15.0,"key":"SMITH"}],"circlet_count":0,"master_deck":["Strike_YM+1","Defend_YM","Defend_YM","Defend_YM+1","SlashOfPresentWorld","WheelOfPainOfLivingAndDead+1","AT_FamilyPortrait+1","StrangeHalfBody","SlashOfAscensionToBuddhahood+1","LowerRealmReflectionSlash+1","CelestialStarSword+1","SlashOfMeditation+1","SuddenDivineSeveringOfKarmicWind","SwordExtraction","HellFireSword","CherryBlossomFlashing","SuddenPhantomFormationSlashOfKarmicWind+1","PhosphoricSlash","Gensokyo:ScrapIron"],"relics":["HalfPhantom","AT_ATBox","HushsDoor","BloodDonationMachine","Smiling Mask","War Paint","Juzu Bracelet","Gensokyo:CelestialsFlawlessClothing","HowToJump","AT_GuinsooRageblade","Sundial","Oddly Smooth Stone","Turnip","Empty Cage","White Beast Statue","Gensokyo:DirgeOfMelancholy","StrikeDummy","Frozen Egg 2","DoctorsRemote","Singing Bowl","Frozen Eye"],"acts_visited":["Gensokyo:Gensokyo","Gensokyo:Gensokyoer"],"potions_floor_usage":[24,28],"damage_taken":[{"damage":5.0,"enemies":"Gensokyo:Python","floor":1.0,"turns":4.0},{"damage":0.0,"enemies":"Gensokyo:Gryphon","floor":4.0,"turns":1.0},{"damage":0.0,"enemies":"Gensokyo:Mamizou","floor":8.0,"turns":4.0},{"damage":0.0,"enemies":"Gensokyo:Cirno","floor":10.0,"turns":4.0},{"damage":0.0,"enemies":"Gensokyo:3_Fairies","floor":14.0,"turns":3.0},{"damage":13.0,"enemies":"Gensokyo:Kokoro","floor":16.0,"turns":11.0},{"damage":0.0,"enemies":"Gensokyo:CosmicMonolith","floor":18.0,"turns":6.0},{"damage":9.0,"enemies":"Gensokyo:Reisen","floor":23.0,"turns":5.0},{"damage":23,"enemies":"Gensokyo:AngelMirror","floor":24,"turns":7},{"damage":14,"enemies":"Gensokyo:Tenshi","floor":25,"turns":4},{"damage":24,"enemies":"Gensokyo:Koishi","floor":28,"turns":6}],"seed_played":"5313101576073889171","potions_obtained":[{"floor":1.0,"key":"Explosive Potion"},{"floor":14.0,"key":"Block Potion"},{"floor":23.0,"key":"Energy Potion"},{"floor":24,"key":"Fire Potion"},{"floor":25,"key":"AttackPotion"}],"is_trial":false,"path_per_floor":["M","?","$","M","?","R","?","E","T","E","R","$","R","M","R","B",null,"M","$","?","?","?","E","M","E","T","COS","E"],"character_chosen":"YOUMU","items_purchased":["War Paint","SlashOfAscensionToBuddhahood","SlashOfMeditation","HellFireSword"],"campfire_rested":0,"item_purchase_floors":[3,3,12,19],"current_hp_per_floor":[70,70,70,70,52,52,52,52,52,52,52,52,52,52,52,39,75,75,75,75,75,75,66,56,42,42,42,18,18],"gold":47,"neow_bonus":"TWO_FIFTY_GOLD","is_daily":false,"chose_seed":false,"campfire_upgraded":4,"win_rate":0.0,"timestamp":1609239775,"path_taken":["M","?","$","M","?","R","?","E","T","E","R","?","R","M","R","BOSS","M","$","?","?","?","E","M","E","T","COS","E"],"items_purchased_type":["Relic","Card","Card","Card"],"build_version":"2020-12-22","purchased_purges":3,"victory":false,"max_hp_per_floor":[75,75,75,75,75,75,75,75,75,75,75,75,75,75,75,75,75,75,75,75,75,75,75,75,75,75,75,75,75],"card_choices":[{"not_picked":["LowerRealmReflectionSlash","SanzenSekai"],"picked":"StrangeHalfBody","floor":1.0},{"not_picked":["SpiritCuttingSword","SwordOfBindingDesires"],"picked":"LowerRealmReflectionSlash","floor":4.0},{"not_picked":["ConstancyOfTheConventionalTruth","FlashingScatteredFlowers","TenKingsRetributionOnThePreta"],"picked":"SKIP","floor":8.0},{"not_picked":["TenKingsRetributionOnThePreta","CrescentMoonSlash"],"picked":"CelestialStarSword","floor":10.0},{"not_picked":["SlashOfMeditation","LifeCuttingSword","DoubleWheelOfPain"],"picked":"SKIP","floor":14.0},{"not_picked":["CelestialStarSword","VoidnessSword"],"picked":"SuddenDivineSeveringOfKarmicWind","floor":16.0},{"not_picked":["SpiritCuttingSword","GhostSword"],"picked":"SwordExtraction","floor":18.0},{"not_picked":["FiveSignsOfTheDyingDeva","HeavenlyHaloSlash"],"picked":"CherryBlossomFlashing","floor":23.0},{"not_picked":["ThreeKonsSevenHakus","LowerRealmReflectionSlash"],"picked":"SuddenPhantomFormationSlashOfKarmicWind+1","floor":24},{"not_picked":["DispleasureOfTheSevenHakus","DoubleWheelOfPain"],"picked":"PhosphoricSlash","floor":25}],"player_experience":407368,"relics_obtained":[{"floor":1.0,"key":"Smiling Mask"},{"floor":4.0,"key":"Juzu Bracelet"},{"floor":8.0,"key":"HowToJump"},{"floor":8.0,"key":"AT_GuinsooRageblade"},{"floor":10.0,"key":"Sundial"},{"floor":10.0,"key":"Oddly Smooth Stone"},{"floor":14.0,"key":"Turnip"},{"floor":18.0,"key":"White Beast Statue"},{"floor":23.0,"key":"StrikeDummy"},{"floor":23.0,"key":"Frozen Egg 2"},{"floor":25,"key":"DoctorsRemote"},{"floor":26,"key":"Singing Bowl"}],"event_choices":[],"is_beta":false,"boss_relics":[{"not_picked":["ChampionBelt","Pandora\u0027s Box"],"picked":"Empty Cage"},{"not_picked":[]}],"items_purged_floors":[3,12,19],"is_endless":false,"potions_floor_spawned":[1,14,23,24,25],"killed_by":"Gensokyo:Koishi","ascension_level":3}}