{"host":"6ko66ogg91i6g7xq","time":1609214018,"event":{"mods":["AchievementEnabler","Act Like it!","BaseMod","Colored Map","Colored Powertips","Downfall","Hermit","Minty Spire (QoL Compilation)","Quick Restart","Relic Stats","StSLib","The Jungle","everything is the same but u backflip on backflip"],"gold_per_floor":[112,112,33,33,51,51,51,51,78,110,130,130,90,108,108,211,211,223,223,223,498,117,144,144,174,174,201,216,231,231,231,231,335,335,351,351,351,20,39,74,94,121,121,121,121,121,149,149,149,149,149,149,23,53,53,53],"floor_reached":55,"playtime":2302,"items_purged":["Regret"],"score":945,"play_id":"259fb2da-fdab-4955-a78a-d105eb77282f","local_time":"20201228225338","is_ascension_mode":true,"campfire_choices":[{"floor":6,"key":"RECALL"},{"data":"Backstab","floor":8,"key":"SMITH"},{"data":"Dagger Spray","floor":15,"key":"SMITH"},{"data":"Survivor","floor":24,"key":"SMITH"},{"floor":30,"key":"REST"},{"floor":32,"key":"REST"},{"floor":44,"key":"REST"},{"floor":46,"key":"REST"},{"floor":49,"key":"REST"},{"data":"Apotheosis","floor":52,"key":"SMITH"}],"circlet_count":0,"master_deck":["Strike_G","Strike_G","Strike_G","Strike_G+1","Defend_G","Defend_G","Defend_G","Defend_G","Defend_G","Survivor+1","Neutralize+1","Backstab+1","Caltrops+1","Noxious Fumes+1","Dagger Spray+1","Poisoned Stab","Dagger Spray","Corpse Explosion","Burst","After Image+1","CurseOfTheBell","Apotheosis+1","Caltrops+1","Venomology","Terror+1","Master of Strategy","Bandage Up","Catalyst","Catalyst"],"relics":["Ring of the Snake","NeowsBlessing","Frozen Egg 2","Bag of Marbles","Mango","Black Star","Singing Bowl","Turnip","Torii","Whetstone","Dream Catcher","Orichalcum","Bottled Tornado","Art of War","Calling Bell","Oddly Smooth Stone","Pear","Pocketwatch","Juzu Bracelet","Boot","Ninja Scroll","Smiling Mask","Question Card","Happy Flower","White Beast Statue","Mummified Hand","Snake Skull"],"acts_visited":["Exordium","TheCity","TheBeyond","TheEnding"],"potions_floor_usage":[16,18,23,25,29,29,39,41,42,47,50,50,55,55,55,55],"damage_taken":[{"damage":0,"enemies":"Small Slimes","floor":1,"turns":1},{"damage":0,"enemies":"Jaw Worm","floor":5,"turns":1},{"damage":0,"enemies":"Gremlin Nob","floor":10,"turns":1},{"damage":0,"enemies":"Cultist","floor":11,"turns":1},{"damage":0,"enemies":"Exordium Wildlife","floor":14,"turns":5},{"damage":14,"enemies":"The Guardian","floor":16,"turns":8},{"damage":1,"enemies":"Chosen","floor":18,"turns":4},{"damage":33,"enemies":"Gremlin Leader","floor":23,"turns":6},{"damage":9,"enemies":"Book of Stabbing","floor":25,"turns":6},{"damage":18,"enemies":"Gremlin Leader","floor":27,"turns":6},{"damage":11,"enemies":"Spheric Guardian","floor":28,"turns":3},{"damage":1,"enemies":"Snecko","floor":29,"turns":4},{"damage":73,"enemies":"Champ","floor":33,"turns":11},{"damage":3,"enemies":"Orb Walker","floor":35,"turns":4},{"damage":2,"enemies":"3 Shapes","floor":39,"turns":5},{"damage":58,"enemies":"Nemesis","floor":40,"turns":7},{"damage":0,"enemies":"Maw","floor":41,"turns":7},{"damage":85,"enemies":"Giant Head","floor":42,"turns":11},{"damage":49,"enemies":"Reptomancer","floor":47,"turns":6},{"damage":115,"enemies":"Awakened One","floor":50,"turns":13},{"damage":54,"enemies":"Shield and Spear","floor":54,"turns":5},{"damage":95,"enemies":"The Heart","floor":55,"turns":6}],"seed_played":"-4760202680221145666","potions_obtained":[{"floor":1,"key":"CultistPotion"},{"floor":13,"key":"CunningPotion"},{"floor":13,"key":"Poison Potion"},{"floor":18,"key":"Explosive Potion"},{"floor":23,"key":"Guardian:BlockOnCardUsePotion"},{"floor":28,"key":"Slimebound:ThreeZeroPotion"},{"floor":33,"key":"FairyPotion"},{"floor":35,"key":"Weak Potion"},{"floor":42,"key":"Ancient Potion"},{"floor":47,"key":"PowerPotion"},{"floor":54,"key":"Regen Potion"}],"is_trial":false,"path_per_floor":["M","?","$","?","M","R","$","R","T","E","M","?","?","M","R","B",null,"M","$","?","?","$","E","R","E","T","E","M","M","R","?","R","B",null,"M","$","?","$","M","E","M","E","T","R","?","R","E","?","R","B",null,"R","$","E","B"],"character_chosen":"THE_SILENT","items_purchased":["Caltrops+1","Turnip","Apotheosis","Caltrops+1","FairyPotion","Catalyst","Strength Potion"],"campfire_rested":5,"item_purchase_floors":[3,22,38,38,38,53,53],"current_hp_per_floor":[70,70,70,70,70,70,70,70,70,84,84,84,84,84,84,70,84,83,83,83,83,83,52,52,43,43,27,18,19,48,48,78,5,106,105,105,105,105,105,47,49,35,35,69,61,97,54,54,92,21,122,122,122,74,0,0],"gold":53,"neow_bonus":"THREE_ENEMY_KILL","is_daily":false,"chose_seed":false,"campfire_upgraded":4,"win_rate":0.0,"timestamp":1609214018,"path_taken":["M","?","$","?","?","R","$","R","T","E","M","?","?","?","R","BOSS","M","$","?","?","$","E","R","E","T","E","M","?","R","?","R","BOSS","M","$","?","$","M","E","M","E","T","R","?","R","E","?","R","BOSS","R","$","E","BOSS"],"items_purchased_type":["Card","Relic","Card","Card","Potion","Card","Potion"],"build_version":"2020-12-22","purchased_purges":1,"victory":false,"max_hp_per_floor":[70,70,70,70,70,70,70,70,70,84,84,84,84,84,84,84,84,84,84,84,84,84,86,86,86,86,88,90,92,94,94,96,96,106,108,108,108,108,110,110,112,114,114,114,116,118,120,120,122,122,122,122,122,122,122,122],"relic_stats":{"Singing Bowl":28,"Torii":72,"Happy Flower":[8],"counters":[22,121],"Snake Skull":[9],"Juzu Bracelet":0,"Whetstone":["Neutralize","Strike_G"],"Orichalcum":[168],"Boot":[16],"Smiling Mask":0,"Question Card":8,"Dream Catcher":5,"Mummified Hand":[3],"Turnip":[14],"Black Star":7,"Art of War":[17],"obtain_stats":[{"Singing Bowl":20,"Torii":23,"Mango":10,"Snake Skull":54,"Juzu Bracelet":40,"Whetstone":23,"Bottled Tornado":27,"Boot":40,"Smiling Mask":42,"Dream Catcher":25,"Ninja Scroll":42,"Mummified Hand":54,"Ring of the Snake":0,"Pear":34,"NeowsBlessing":0,"Happy Flower":47,"Oddly Smooth Stone":34,"Frozen Egg 2":2,"Orichalcum":25,"Question Card":43,"White Beast Statue":47,"Calling Bell":34,"Turnip":22,"Bag of Marbles":9,"Black Star":17,"Art of War":27,"Pocketwatch":34},{"Singing Bowl":7,"Torii":8,"Mango":3,"Snake Skull":21,"Juzu Bracelet":16,"Whetstone":8,"Bottled Tornado":10,"Boot":16,"Smiling Mask":18,"Dream Catcher":9,"Ninja Scroll":18,"Mummified Hand":21,"Ring of the Snake":0,"Pear":13,"NeowsBlessing":0,"Happy Flower":19,"Oddly Smooth Stone":13,"Frozen Egg 2":1,"Orichalcum":9,"Question Card":18,"White Beast Statue":19,"Calling Bell":13,"Turnip":7,"Bag of Marbles":2,"Black Star":6,"Art of War":10,"Pocketwatch":13},{"Singing Bowl":21,"Torii":27,"Mango":3,"Snake Skull":115,"Juzu Bracelet":73,"Whetstone":27,"Bottled Tornado":39,"Boot":73,"Smiling Mask":91,"Dream Catcher":33,"Ninja Scroll":91,"Mummified Hand":115,"Ring of the Snake":0,"Pear":57,"NeowsBlessing":0,"Happy Flower":97,"Oddly Smooth Stone":57,"Frozen Egg 2":1,"Orichalcum":33,"Question Card":91,"White Beast Statue":97,"Calling Bell":57,"Turnip":21,"Bag of Marbles":2,"Black Star":17,"Art of War":39,"Pocketwatch":57}],"Ring of the Snake":[44],"Pocketwatch":[81]},"card_choices":[{"not_picked":["Flechettes","Escape Plan"],"picked":"Backstab","floor":1},{"not_picked":["Reflex","Slice"],"picked":"Noxious Fumes+1","floor":5},{"not_picked":["Prepared","Bouncing Flask"],"picked":"Dagger Spray","floor":10},{"not_picked":["Prepared","Heel Hook"],"picked":"Poisoned Stab","floor":11},{"not_picked":["Flying Knee","Expertise"],"picked":"Dagger Spray","floor":14},{"not_picked":["After Image+1","A Thousand Cuts+1"],"picked":"Corpse Explosion","floor":16},{"not_picked":["Quick Slash","Endless Agony","Dagger Spray"],"picked":"SKIP","floor":18},{"not_picked":["Backflip","Crippling Poison","Prepared"],"picked":"Singing Bowl","floor":23},{"not_picked":["Heel Hook","Underhanded Strike"],"picked":"Burst","floor":25},{"not_picked":["Prepared+1","Deflect","Underhanded Strike"],"picked":"Singing Bowl","floor":27},{"not_picked":["Slice","Masterful Stab","Eviscerate"],"picked":"Singing Bowl","floor":28},{"not_picked":["Dagger Throw","Prepared","Dodge and Roll+1"],"picked":"Singing Bowl","floor":29},{"not_picked":["Bouncing Flask+1","Backstab","Quick Slash"],"picked":"Singing Bowl","floor":30},{"not_picked":["PiercingWail+1","Outmaneuver","Prepared+1"],"picked":"Singing Bowl","floor":32},{"not_picked":["Unload","A Thousand Cuts+1"],"picked":"After Image+1","floor":33},{"not_picked":["Backflip+1","Reflex","Flying Knee+1"],"picked":"Singing Bowl","floor":35},{"not_picked":["Skewer+1","Deflect","Cloak And Dagger"],"picked":"Singing Bowl","floor":39},{"not_picked":["Flechettes","Underhanded Strike+1"],"picked":"Venomology","floor":40},{"not_picked":["Escape Plan+1","Dash","Calculated Gamble+1"],"picked":"Singing Bowl","floor":41},{"not_picked":["Underhanded Strike+1","Backflip","Deflect+1"],"picked":"Singing Bowl","floor":42},{"not_picked":["Acrobatics","Endless Agony","Bouncing Flask+1"],"picked":"Terror+1","floor":44},{"not_picked":["expansioncontent:DonusPower","Impatience","Jack Of All Trades"],"picked":"Master of Strategy","floor":45},{"not_picked":["expansioncontent:GuardianWhirl","Secret Technique","Enlightenment","Mayhem+1"],"picked":"Singing Bowl","floor":45},{"not_picked":["expansioncontent:ManipulateTime","expansioncontent:CaCaw+1","Master of Strategy"],"picked":"Bandage Up","floor":45},{"not_picked":["Eviscerate+1","Poisoned Stab","Flying Knee","Cloak And Dagger"],"picked":"Singing Bowl","floor":46},{"not_picked":["Dagger Throw+1","Dagger Spray","Blade Dance+1","Unload"],"picked":"Singing Bowl","floor":47},{"not_picked":["Blur+1","PiercingWail+1","Poisoned Stab+1","Backflip+1"],"picked":"Singing Bowl","floor":49},{"not_picked":["Accuracy+1","Flechettes","Blade Dance"],"picked":"Catalyst","floor":54}],"player_experience":269970,"relics_obtained":[{"floor":9,"key":"Bag of Marbles"},{"floor":10,"key":"Mango"},{"floor":23,"key":"Torii"},{"floor":23,"key":"Whetstone"},{"floor":25,"key":"Dream Catcher"},{"floor":25,"key":"Orichalcum"},{"floor":27,"key":"Bottled Tornado"},{"floor":27,"key":"Art of War"},{"floor":34,"key":"Oddly Smooth Stone"},{"floor":34,"key":"Pear"},{"floor":34,"key":"Pocketwatch"},{"floor":40,"key":"Juzu Bracelet"},{"floor":40,"key":"Boot"},{"floor":42,"key":"Ninja Scroll"},{"floor":42,"key":"Smiling Mask"},{"floor":43,"key":"Question Card"},{"floor":47,"key":"Happy Flower"},{"floor":47,"key":"White Beast Statue"},{"floor":54,"key":"Mummified Hand"},{"floor":54,"key":"Snake Skull"}],"event_choices":[{"damage_healed":0,"gold_gain":0,"player_choice":"Box","damage_taken":0,"relics_obtained":["Frozen Egg 2"],"max_hp_gain":0,"max_hp_loss":0,"event_name":"Big Fish","floor":2,"gold_loss":0,"cards_obtained":["Regret"]},{"cards_removed":["Regret"],"damage_healed":0,"gold_gain":0,"player_choice":"Purged","damage_taken":0,"max_hp_gain":0,"max_hp_loss":0,"event_name":"Purifier","floor":4,"gold_loss":0},{"damage_healed":0,"gold_gain":0,"player_choice":"Leave","damage_taken":0,"max_hp_gain":0,"max_hp_loss":0,"event_name":"The Cleric","floor":12,"gold_loss":0},{"damage_healed":0,"gold_gain":0,"player_choice":"Bought 3 Potions","damage_taken":0,"max_hp_gain":0,"max_hp_loss":0,"event_name":"The Woman in Blue","floor":13,"gold_loss":0},{"damage_healed":0,"gold_gain":0,"player_choice":"Opened","damage_taken":0,"relics_obtained":["Singing Bowl"],"max_hp_gain":0,"max_hp_loss":0,"event_name":"The Mausoleum","floor":20,"gold_loss":0},{"damage_healed":0,"gold_gain":275,"player_choice":"Desecrate","damage_taken":0,"max_hp_gain":0,"max_hp_loss":0,"event_name":"Golden Shrine","floor":21,"gold_loss":0,"cards_obtained":["Regret"]},{"damage_healed":0,"gold_gain":0,"player_choice":"Ignored","damage_taken":0,"max_hp_gain":0,"max_hp_loss":0,"event_name":"Ghosts","floor":31,"gold_loss":0},{"cards_removed":["Strike_G"],"damage_healed":0,"gold_gain":0,"player_choice":"Removed Attack","damage_taken":0,"max_hp_gain":0,"max_hp_loss":0,"event_name":"Falling","floor":37,"gold_loss":0},{"damage_healed":0,"gold_gain":0,"player_choice":"Memory 3","damage_taken":10,"max_hp_gain":0,"max_hp_loss":0,"event_name":"SensoryStone","floor":45,"gold_loss":0},{"damage_healed":0,"gold_gain":0,"player_choice":"Ignored","damage_taken":0,"max_hp_gain":0,"max_hp_loss":0,"event_name":"The Moai Head","floor":48,"gold_loss":0}],"is_beta":false,"boss_relics":[{"not_picked":["Astrolabe","SlaversCollar"],"picked":"Black Star"},{"not_picked":["Pandora\u0027s Box","Runic Dome"],"picked":"Calling Bell"}],"items_purged_floors":[22],"is_endless":false,"potions_floor_spawned":[1,14,18,23,28,33,35,42,47,54],"killed_by":"The Heart","ascension_level":1}}