{"host":"iy58fyt9wsbv4cf1","time":1609219500,"event":{"mods":["BaseMod","Better Altar","Better Match","Better Skull","Better Third Choice","BetterRewards","Conspire","Custom Start","Defuse TimeMaze Blight","Hubris","Infinite Spire","Minty Spire (QoL Compilation)","Permanent Neow","Quick Restart","Spicy Shops","StSLib","Thieving Mod"],"gold_per_floor":[117,137,137,62,62,88,103,278,278,308,322,322,348,364,364,459,459,477,477,487,487,487,262,294,312,335,15,26,41,58,71,71,171,171,183,198,198,198,210,210,226,276,276,123,123,139,169,57,57,57,57,57,57,82,82,82],"floor_reached":55,"playtime":1140,"items_purged":["Strike_B","Doubt","Storm","Strike_B","Strike_B"],"score":764,"play_id":"bfcbfd32-0ec8-41dd-8910-b1ece7c81f03","local_time":"20201229002500","is_ascension_mode":false,"campfire_choices":[{"data":"Turbo","floor":12.0,"key":"SMITH"},{"floor":15.0,"key":"REST"},{"data":"Reboot","floor":32.0,"key":"SMITH"},{"data":"hubris:DoWhile","floor":40.0,"key":"SMITH"},{"floor":49.0,"key":"RECALL"},{"data":"Double Energy","floor":52,"key":"SMITH"}],"circlet_count":0,"master_deck":["Strike_B","Defend_B","Defend_B","Defend_B","Defend_B","Zap","Dualcast","Tempest","Tempest","Turbo+1","hubris:Ukulele","Reboot+1","Turbo+1","Steam","Conserve Battery","Turbo+1","Turbo+1","Defragment+1","hubris:DoWhile+1","Steam+1","Skim","Steam+1","Double Energy+1"],"relics":["Cracked Core","Sling","Ice Cream","DollysMirror","MealTicket","Meat on the Bone","Vajra","hubris:SlimyHat","Coffee Dripper","Sozu","Omamori","Ornamental Fan","PreservedInsect","Chemical X","infinitespire:Cupcake","Orichalcum","Strawberry","hubris:Icosahedron","DataDisk"],"acts_visited":["Exordium","TheCity","TheBeyond","TheEnding"],"potions_floor_usage":[55],"damage_taken":[{"damage":1.0,"enemies":"Cultist","floor":1.0,"turns":3.0},{"damage":6.0,"enemies":"Jaw Worm","floor":2.0,"turns":2.0},{"damage":0.0,"enemies":"Gremlin Nob","floor":6.0,"turns":2.0},{"damage":8.0,"enemies":"Small Slimes","floor":7.0,"turns":2.0},{"damage":21.0,"enemies":"Lagavulin","floor":10.0,"turns":6.0},{"damage":19.0,"enemies":"2 Fungi Beasts","floor":11.0,"turns":4.0},{"damage":20.0,"enemies":"Gremlin Nob","floor":13.0,"turns":4.0},{"damage":29.0,"enemies":"Gremlin Gang","floor":14.0,"turns":4.0},{"damage":12.0,"enemies":"The Guardian","floor":16.0,"turns":9.0},{"damage":5.0,"enemies":"Spheric Guardian","floor":18.0,"turns":3.0},{"damage":25.0,"enemies":"2 Thieves","floor":20.0,"turns":3.0},{"damage":31.0,"enemies":"Book of Stabbing","floor":24.0,"turns":4.0},{"damage":15.0,"enemies":"Centurion and Healer","floor":25.0,"turns":3.0},{"damage":0.0,"enemies":"Sentry and Sphere","floor":28.0,"turns":3.0},{"damage":0.0,"enemies":"3 Cultists","floor":29.0,"turns":3.0},{"damage":12.0,"enemies":"Centurion and Healer","floor":30.0,"turns":3.0},{"damage":5.0,"enemies":"Chosen and Byrds","floor":31.0,"turns":3.0},{"damage":22.0,"enemies":"hubris:MusketHawk","floor":33.0,"turns":5.0},{"damage":15.0,"enemies":"3 Darklings","floor":35.0,"turns":3.0},{"damage":2.0,"enemies":"3 Shapes","floor":36.0,"turns":2.0},{"damage":18.0,"enemies":"Sphere and 2 Shapes","floor":39.0,"turns":2.0},{"damage":1.0,"enemies":"3 Darklings","floor":41.0,"turns":3.0},{"damage":0.0,"enemies":"Spire Growth","floor":46.0,"turns":1.0},{"damage":35.0,"enemies":"Nemesis","floor":47.0,"turns":3.0},{"damage":24,"enemies":"infinitespire:MassOfShapes","floor":50,"turns":4},{"damage":27,"enemies":"Shield and Spear","floor":54,"turns":3},{"damage":76,"enemies":"The Heart","floor":55,"turns":3}],"seed_played":"8554779039359896617","potions_obtained":[{"floor":2.0,"key":"Regen Potion"},{"floor":6.0,"key":"PotionOfCapacity"},{"floor":7.0,"key":"FairyPotion"},{"floor":10.0,"key":"SneckoOil"},{"floor":20.0,"key":"Dexterity Potion"}],"is_trial":false,"path_per_floor":["M","M","?","$","?","E","M","?","T","E","M","R","E","M","R","B",null,"M","?","M","AVR","?","$","E","M","T","$","M","M","M","M","R","B",null,"M","M","?","?","M","R","M","T","T","$","?","M","E","$","R","B",null,"R","$","E","B"],"character_chosen":"DEFECT","items_purchased":["Sling","Tempest","Ice Cream","DollysMirror","Turbo","Chemical X","Conserve Battery","Strawberry","Double Energy"],"campfire_rested":1,"item_purchase_floors":[0,0,0,0,0,27,27,44,48],"current_hp_per_floor":[39,33,33,33,55,60,52,52,52,43,36,36,28,34,56,44,75,70,70,45,45,45,60,41,38,38,53,53,53,41,48,48,38,75,60,58,58,58,40,40,39,39,39,61,61,61,38,53,53,41,82,82,82,55,0,0],"gold":82,"neow_bonus":"","is_daily":false,"chose_seed":false,"campfire_upgraded":4,"win_rate":0.0,"timestamp":1609219500,"path_taken":["M","M","?","$","?","E","M","?","T","E","M","R","E","M","R","BOSS","M","?","?","AVR","?","$","E","M","T","$","M","M","M","M","R","BOSS","M","M","?","?","M","R","?","?","T","$","?","M","E","?","R","BOSS","R","$","E","BOSS"],"items_purchased_type":["Relic","Card","Relic","Relic","Card","Relic","Card","Relic","Card"],"build_version":"2020-12-22","purchased_purges":5,"victory":false,"max_hp_per_floor":[75,75,75,75,75,75,75,75,75,75,75,75,75,75,75,75,75,75,75,75,75,75,75,75,75,75,75,75,75,75,75,75,75,75,75,75,75,75,75,75,75,75,75,82,82,82,82,82,82,82,82,82,82,82,82,82],"card_choices":[{"not_picked":["Skim","Stack","Go for the Eyes"],"picked":"SKIP","floor":1.0},{"not_picked":["Glacier","Doom and Gloom","hubris:Ukulele"],"picked":"SKIP","floor":2.0},{"not_picked":["Glacier","Doom and Gloom"],"picked":"hubris:Ukulele","floor":2.0},{"not_picked":["Coolheaded","hubris:Ukulele","Streamline"],"picked":"SKIP","floor":6.0},{"not_picked":["Coolheaded","Stack","Go for the Eyes"],"picked":"SKIP","floor":7.0},{"not_picked":["Steam","Hologram"],"picked":"Storm","floor":10.0},{"not_picked":["Reinforced Body","Static Discharge","Loop"],"picked":"SKIP","floor":11.0},{"not_picked":["conspire:SharedLibrary","Coolheaded","Sunder"],"picked":"SKIP","floor":13.0},{"not_picked":["conspire:Rain","Streamline","Leap"],"picked":"SKIP","floor":14.0},{"not_picked":["Echo Form","Fission"],"picked":"Reboot","floor":16.0},{"not_picked":["Rebound","Beam Cell+1","Cold Snap+1"],"picked":"SKIP","floor":18.0},{"not_picked":["Lockon","Redo"],"picked":"Turbo+1","floor":20.0},{"not_picked":["Redo","Stack","Go for the Eyes"],"picked":"SKIP","floor":24.0},{"not_picked":["Static Discharge+1","Undo","Steam"],"picked":"SKIP","floor":25.0},{"not_picked":["Static Discharge+1","Undo"],"picked":"Steam","floor":25.0},{"not_picked":["conspire:SharedLibrary+1","Loop+1"],"picked":"Turbo+1","floor":28.0},{"not_picked":["Sweeping Beam","Sunder","Rebound"],"picked":"SKIP","floor":29.0},{"not_picked":["Steam Power","Fusion"],"picked":"Turbo+1","floor":30.0},{"not_picked":["Heatsinks","Cold Snap+1"],"picked":"Defragment+1","floor":31.0},{"not_picked":["All For One","hubris:SpecializedCircuitry"],"picked":"hubris:DoWhile","floor":33.0},{"not_picked":["Self Repair","Sweeping Beam","Gash"],"picked":"SKIP","floor":35.0},{"not_picked":["Compile Driver+1","hubris:Ukulele"],"picked":"Steam+1","floor":36.0},{"not_picked":["Undo","Rebound+1","Conserve Battery"],"picked":"SKIP","floor":39.0},{"not_picked":["Self Repair+1","Rebound+1","Glacier+1"],"picked":"SKIP","floor":41.0},{"not_picked":["Doom and Gloom+1","Glacier+1","Streamline"],"picked":"SKIP","floor":46.0},{"not_picked":["conspire:Rain","Redo"],"picked":"Steam+1","floor":47.0},{"not_picked":["Static Discharge","Streamline","Steam"],"picked":"SKIP","floor":54}],"player_experience":37786,"relics_obtained":[{"floor":6.0,"key":"MealTicket"},{"floor":9.0,"key":"Meat on the Bone"},{"floor":10.0,"key":"Vajra"},{"floor":13.0,"key":"hubris:SlimyHat"},{"floor":24.0,"key":"Ornamental Fan"},{"floor":26.0,"key":"PreservedInsect"},{"floor":43.0,"key":"Orichalcum"},{"floor":54,"key":"DataDisk"}],"event_choices":[{"damage_healed":0.0,"max_hp_gain":0.0,"max_hp_loss":0.0,"gold_gain":175.0,"event_name":"betterThird:BetterSerpent","player_choice":"AGREE","floor":8.0,"gold_loss":0.0,"damage_taken":103.0},{"damage_healed":0.0,"max_hp_gain":0.0,"max_hp_loss":0.0,"gold_gain":0.0,"event_name":"N\u0027loth","player_choice":"Ignored","floor":19.0,"gold_loss":0.0,"damage_taken":0.0},{"damage_healed":0.0,"max_hp_gain":0.0,"max_hp_loss":0.0,"gold_gain":0.0,"event_name":"Cursed Tome","player_choice":"Ignored","floor":22.0,"gold_loss":0.0,"damage_taken":0.0},{"damage_healed":0.0,"max_hp_gain":0.0,"max_hp_loss":0.0,"gold_gain":0.0,"event_name":"NoteForYourself","player_choice":"Ignored","floor":38.0,"gold_loss":0.0,"damage_taken":0.0}],"is_beta":false,"boss_relics":[{"not_picked":["Ectoplasm","hubris:VirtuousBlindfold"],"picked":"Coffee Dripper"},{"not_picked":["Snecko Eye","Pandora\u0027s Box"],"picked":"infinitespire:Cupcake"}],"items_purged_floors":[4,21,23,23,27],"is_endless":false,"potions_floor_spawned":[2,6,7,10,20,28,29,30,31,39,41,46,54],"killed_by":"The Heart","ascension_level":0}}