{"host":"qwv9nni2x0umspiu","time":1609232848,"event":{"mods":["BaseMod","Downfall","Minty Spire (QoL Compilation)","Replay The Spire","StSLib","The Hierophant","Wandering Minibosses"],"gold_per_floor":[109,109,125,6,81,115,115,148,148,163,88,115,125,83,83,119,119,214,308,122,205,302,302,302],"floor_reached":23,"playtime":844,"items_purged":["hierophant:Strike_Hierophant","hierophant:Defend_Hierophant"],"score":572,"play_id":"2b7840a1-d461-496b-9327-5a1806957cef","local_time":"20201229010728","is_ascension_mode":true,"campfire_choices":[{"data":"hierophant:ChurchCoffers","floor":7.0,"key":"SMITH"},{"data":"hierophant:Upheaval","floor":15,"key":"SMITH"}],"circlet_count":0,"master_deck":["AscendersBane","hierophant:Strike_Hierophant","hierophant:Strike_Hierophant","hierophant:Strike_Hierophant","hierophant:Punish","hierophant:Defend_Hierophant","hierophant:Defend_Hierophant","hierophant:Defend_Hierophant","hierophant:ChurchCoffers+1","hierophant:HammerAndAnvil","hierophant:Smite","hierophant:Upheaval+1","hierophant:Shelter+1","hierophant:Zeal","hierophant:Community+1","hierophant:BulkyChest+1","hierophant:ArchangelShield+1"],"relics":["hierophant:PropheticMaskRelic","NeowsBlessing","Toxic Egg 2","Frozen Egg 2","Tiny Chest","CaptainsWheel"],"acts_visited":["Exordium","TheCity"],"potions_floor_usage":[12],"damage_taken":[{"damage":0.0,"enemies":"Small Slimes","floor":1.0,"turns":1.0},{"damage":0.0,"enemies":"Cultist","floor":3.0,"turns":1.0},{"damage":0.0,"enemies":"Lagavulin","floor":6.0,"turns":1.0},{"damage":0,"enemies":"Gremlin Nob","floor":8,"turns":1},{"damage":0,"enemies":"2 Louse","floor":10,"turns":1},{"damage":2,"enemies":"Replay:BlueRogue","floor":12,"turns":3},{"damage":6,"enemies":"Blue Slaver","floor":13,"turns":3},{"damage":47,"enemies":"Hexaghost","floor":16,"turns":9},{"damage":0,"enemies":"Shell Parasite","floor":18,"turns":7},{"damage":11,"enemies":"Spheric Guardian","floor":19,"turns":3},{"damage":0,"enemies":"Shelled Parasite and Fungi","floor":21,"turns":4},{"damage":17,"enemies":"Snake Plant","floor":22,"turns":3},{"damage":32,"enemies":"Book of Stabbing","floor":23,"turns":5}],"seed_played":"6777734688053754607","potions_obtained":[{"floor":1.0,"key":"Cursed Concoction"},{"floor":6.0,"key":"LifebloodPotion"},{"floor":13,"key":"SneckoOil"},{"floor":18,"key":"sneckomod:MuddlingPotion"}],"is_trial":false,"path_per_floor":["M","?","M","$","?","E","R","E","T","M","$","E","M","$","R","B",null,"M","M","$","M","M","E"],"character_chosen":"HIEROPHANT","items_purchased":["hierophant:Upheaval","hierophant:Shelter+1","hierophant:Community+1","hierophant:ArchangelShield+1"],"campfire_rested":0,"item_purchase_floors":[4,4,14,20],"current_hp_per_floor":[68,68,68,68,57,57,57,57,57,57,57,55,49,49,49,2,57,57,46,46,46,29,0,0],"gold":302,"neow_bonus":"THREE_ENEMY_KILL","is_daily":false,"chose_seed":false,"campfire_upgraded":2,"win_rate":0.0,"timestamp":1609232848,"path_taken":["M","?","M","?","?","E","R","E","T","M","$","E","M","$","R","BOSS","M","M","$","M","M","E"],"items_purchased_type":["Card","Card","Card","Card"],"build_version":"2020-12-22","purchased_purges":2,"victory":false,"max_hp_per_floor":[75,75,75,75,75,75,75,75,75,75,75,75,75,75,75,75,75,75,75,75,75,75,75,75],"card_choices":[{"not_picked":["hierophant:AuricShield","hierophant:FieryStrike"],"picked":"hierophant:HammerAndAnvil","floor":1.0},{"not_picked":["hierophant:Sermon+1","hierophant:FieryStrike"],"picked":"hierophant:Smite","floor":3.0},{"not_picked":["hierophant:Blessing+1","hierophant:Charity+1","hierophant:ThreeLashes"],"picked":"SKIP","floor":6.0},{"not_picked":["hierophant:Batter","hierophant:OrnateJavelin","hierophant:Embezzle+1"],"picked":"SKIP","floor":8},{"not_picked":["hierophant:RustyCrate+1","hierophant:RepressedViolence"],"picked":"hierophant:Zeal","floor":10},{"not_picked":["hierophant:Zeal","hierophant:Upheaval","hierophant:Dazzle+1"],"picked":"SKIP","floor":12},{"not_picked":["hierophant:ThreeLashes","hierophant:Martyrdom+1","hierophant:Sermon+1"],"picked":"SKIP","floor":13},{"not_picked":["hierophant:AuricForm+1","hierophant:DeathKnell+1"],"picked":"hierophant:BulkyChest+1","floor":16},{"not_picked":["hierophant:MorningPrayer+1","hierophant:RepressedViolence","hierophant:CoinFling"],"picked":"SKIP","floor":18},{"not_picked":["hierophant:AuricShield+1","hierophant:DisplayOfPower","hierophant:Purify"],"picked":"SKIP","floor":19},{"not_picked":["hierophant:WrathOfGod","hierophant:Smite","hierophant:Glossolalia+1"],"picked":"SKIP","floor":21},{"not_picked":["hierophant:SolarFlare","hierophant:Doubloon+1","hierophant:Remorse"],"picked":"SKIP","floor":22}],"player_experience":1330956,"relics_obtained":[{"floor":2.0,"key":"Toxic Egg 2"},{"floor":6.0,"key":"Frozen Egg 2"},{"floor":8,"key":"Tiny Chest"},{"floor":12,"key":"CaptainsWheel"}],"event_choices":[{"damage_healed":0.0,"max_hp_gain":0.0,"max_hp_loss":0.0,"gold_gain":0.0,"event_name":"Wheel of Change","player_choice":"Relic","floor":2.0,"gold_loss":0.0,"damage_taken":0.0},{"damage_healed":0.0,"max_hp_gain":0.0,"max_hp_loss":0.0,"gold_gain":75.0,"event_name":"World of Goop","player_choice":"Gather Gold","floor":5.0,"gold_loss":0.0,"damage_taken":11.0}],"is_beta":false,"boss_relics":[{"not_picked":["Replay:Ancient Bell","ChewingGum","Replay:Wanted Poster"]}],"items_purged_floors":[11,20],"is_endless":false,"potions_floor_spawned":[1,6,13,18,22],"killed_by":"Book of Stabbing","ascension_level":20}}