{"host":"jyuuog6ydc2s7nd8","time":1609266989,"event":{"mods":["BaseMod","Better Vampires","Minty Spire (QoL Compilation)","Shop Mod","StSLib","The Hierophant","The Servant 0.9.4","TheBandit","[IsaacMod]ÒÔÈö¼âËþ"],"gold_per_floor":[118,137,212,137,25,25,50,61,61,87,87,37,55,83,83,160,160,178,178,189,139,139,169,169,169,169],"floor_reached":25,"playtime":685,"items_purged":["Strike_G","Strike_G","Strike_G","Strike_G"],"score":624,"play_id":"56c9f89c-4d20-40f7-8032-1868a604880f","local_time":"20201230023629","is_ascension_mode":true,"campfire_choices":[{"data":"DoctorFetus","floor":6.0,"key":"SMITH"},{"data":"Tactician","floor":11.0,"key":"SMITH"},{"data":"Neutralize","floor":15.0,"key":"SMITH"},{"data":"Acrobatics","floor":24,"key":"SMITH"}],"circlet_count":0,"master_deck":["AscendersBane","Defend_G","Defend_G","Defend_G","Defend_G","Defend_G","Survivor","Neutralize+1","DoctorFetus+1","Blade Dance","Tactician+1","Accuracy","Underhanded Strike","Cloak And Dagger","Backflip","Reflex","Acrobatics+1","Infinite Blades"],"relics":["Ring of the Snake","HushsDoor","NeowsBlessing","TheBean","TheBible","Smiling Mask","Toy Ornithopter","Happy Flower","Philosopher\u0027s Stone","GuppysTail","GuppysHead","MutagenicStrength","D4"],"acts_visited":["Exordium","TheCity"],"potions_floor_usage":[],"damage_taken":[{"damage":0.0,"enemies":"Jaw Worm","floor":1.0,"turns":1.0},{"damage":0.0,"enemies":"2 Louse","floor":2.0,"turns":1.0},{"damage":0.0,"enemies":"Gremlin Nob","floor":7.0,"turns":1.0},{"damage":0.0,"enemies":"Small Slimes","floor":8.0,"turns":2.0},{"damage":10.0,"enemies":"Lagavulin","floor":10.0,"turns":5.0},{"damage":2.0,"enemies":"Looter","floor":13.0,"turns":3.0},{"damage":16.0,"enemies":"3 Sentries","floor":14.0,"turns":5.0},{"damage":0.0,"enemies":"The Guardian","floor":16.0,"turns":8.0},{"damage":15.0,"enemies":"3 Byrds","floor":18.0,"turns":5.0},{"damage":0.0,"enemies":"Chosen","floor":20.0,"turns":3.0},{"damage":13.0,"enemies":"Slavers","floor":23.0,"turns":6.0},{"damage":22,"enemies":"Book of Stabbing","floor":25,"turns":4}],"seed_played":"4689251272853533131","potions_obtained":[{"floor":10.0,"key":"PowerPotion"},{"floor":13.0,"key":"Dexterity Potion"},{"floor":23.0,"key":"FairyPotion"}],"is_trial":false,"path_per_floor":["M","M","?","?","$","R","E","M","T","E","R","$","M","E","R","B",null,"M","?","M","$","?","E","R","E"],"character_chosen":"THE_SILENT","items_purchased":["Accuracy","GuppysTail","GuppysHead","Reflex"],"campfire_rested":0,"item_purchase_floors":[5,17,17,17],"current_hp_per_floor":[59,59,48,48,48,48,48,48,48,38,38,38,36,20,20,30,36,21,21,21,21,21,8,8,0,0],"gold":169,"neow_bonus":"THREE_ENEMY_KILL","is_daily":false,"chose_seed":false,"campfire_upgraded":4,"win_rate":0.0,"timestamp":1609266989,"path_taken":["M","M","?","?","$","R","E","M","T","E","R","$","?","E","R","BOSS","M","?","M","$","?","E","R","E"],"items_purchased_type":["Card","Relic","Relic","Card"],"build_version":"2020-12-22","purchased_purges":4,"victory":false,"max_hp_per_floor":[66,66,66,66,66,66,66,66,66,66,66,66,66,66,66,66,38,38,38,38,38,38,38,38,38,38],"card_choices":[{"not_picked":[],"picked":"DoctorFetus","floor":0.0},{"not_picked":["Slice","Outmaneuver"],"picked":"Blade Dance","floor":1.0},{"not_picked":["Predator","Blade Dance"],"picked":"Tactician","floor":2.0},{"not_picked":["Predator","Leg Sweep","Flying Knee"],"picked":"SKIP","floor":7.0},{"not_picked":["Crippling Poison","Bane"],"picked":"Underhanded Strike","floor":8.0},{"not_picked":["Bane","Leg Sweep"],"picked":"Cloak And Dagger","floor":10.0},{"not_picked":["Masterful Stab","Sucker Punch","Leg Sweep"],"picked":"SKIP","floor":13.0},{"not_picked":["Deflect","Blade Dance"],"picked":"Backflip","floor":14.0},{"not_picked":["Bane","PiercingWail","Underhanded Strike"],"picked":"SKIP","floor":18.0},{"not_picked":["Well Laid Plans","Sucker Punch","Backflip+1"],"picked":"SKIP","floor":20.0},{"not_picked":["Masterful Stab","Tools of the Trade"],"picked":"Infinite Blades","floor":23.0}],"player_experience":1781071,"relics_obtained":[{"floor":7.0,"key":"TheBible"},{"floor":9.0,"key":"Smiling Mask"},{"floor":10.0,"key":"Toy Ornithopter"},{"floor":14.0,"key":"Happy Flower"},{"floor":23.0,"key":"D4"}],"event_choices":[{"damage_healed":0.0,"max_hp_gain":0.0,"max_hp_loss":0.0,"gold_gain":75.0,"event_name":"World of Goop","player_choice":"Gather Gold","floor":3.0,"gold_loss":0.0,"damage_taken":11.0},{"cards_removed":["Strike_G"],"damage_healed":0.0,"max_hp_gain":0.0,"max_hp_loss":0.0,"gold_gain":0.0,"event_name":"The Cleric","player_choice":"Card Removal","floor":4.0,"gold_loss":75.0,"damage_taken":0.0},{"damage_healed":0.0,"max_hp_gain":0.0,"max_hp_loss":0.0,"gold_gain":0.0,"event_name":"Drug Dealer","player_choice":"Inject Mutagens","floor":19.0,"gold_loss":0.0,"damage_taken":0.0,"relics_obtained":["MutagenicStrength"]},{"damage_healed":0.0,"max_hp_gain":0.0,"max_hp_loss":0.0,"gold_gain":0.0,"event_name":"The Library","player_choice":"Read","floor":22.0,"gold_loss":0.0,"damage_taken":0.0,"cards_obtained":["Acrobatics"]}],"is_beta":false,"boss_relics":[{"not_picked":["Runic Pyramid","Ectoplasm"],"picked":"Philosopher\u0027s Stone"},{"not_picked":[]}],"items_purged_floors":[5,12,17,21],"is_endless":false,"potions_floor_spawned":[10,13,14,23],"killed_by":"Book of Stabbing","ascension_level":20}}