{"host":"Krakhan","time":1609253664,"event":{"mods":["AchievementEnabler","BaseMod","Colored Map","Colored Powertips","Faster Ascension Climbing","Highlight Path","Minty Spire (QoL Compilation)","Rare Cards Sparkle","Relic Stats","StSLib"],"gold_per_floor":[118,137,154,168,168,197,197,6,6,6,6,18,53,63,63,137,137,153,153,153,153,165,200,216,216,264,295,295,321,321,349,349,426,426,438,452,477,477,495,495,495,525,602,634,61,89,89,89,89,89,89,89,89,89,114,114,114],"floor_reached":56,"playtime":4593,"items_purged":["Accuracy+1"],"score":2088,"play_id":"6c8b61de-601f-44a2-8fb5-ec835a2d186d","local_time":"20201229095424","is_ascension_mode":true,"campfire_choices":[{"data":"Footwork","floor":7.0,"key":"SMITH"},{"data":"All Out Attack","floor":10.0,"key":"SMITH"},{"data":"Neutralize","floor":15,"key":"SMITH"},{"floor":25,"key":"REST"},{"floor":28,"key":"REST"},{"floor":30,"key":"REST"},{"data":"Noxious Fumes","floor":32,"key":"SMITH"},{"data":"Night Terror","floor":40,"key":"SMITH"},{"floor":47,"key":"REST"},{"floor":49,"key":"RECALL"},{"data":"Backflip","floor":53,"key":"SMITH"}],"circlet_count":0,"master_deck":["AscendersBane","Defend_G","Defend_G","Defend_G","Defend_G","Survivor","Neutralize+1","Quick Slash","Predator+1","Underhanded Strike","All Out Attack+1","Footwork+1","Poisoned Stab","Backflip+1","Night Terror+1","Dagger Spray","Dagger Throw","Sucker Punch+1","Glass Knife","Deadly Poison","Dodge and Roll+1","Crippling Poison","Dash","Noxious Fumes+1","Corpse Explosion","Tools of the Trade","Venomology+1","Blur+1","Backflip+1","Deflect","Footwork+1","Backflip","Terror+1"],"relics":["Velvet Choker","Incense Burner","Lee\u0027s Waffle","StrikeDummy","Mercury Hourglass","Sozu","Whetstone","Anchor","Letter Opener","WingedGreaves","InkBottle","Astrolabe","Thread and Needle","Vajra","Centennial Puzzle","FossilizedHelix","TwistedFunnel","Omamori","Pantograph"],"acts_visited":["Exordium","TheCity","TheBeyond","TheEnding"],"potions_floor_usage":[23],"damage_taken":[{"damage":6.0,"enemies":"Cultist","floor":1.0,"turns":5.0},{"damage":7.0,"enemies":"Jaw Worm","floor":2.0,"turns":4.0},{"damage":4.0,"enemies":"Small Slimes","floor":3.0,"turns":3.0},{"damage":8.0,"enemies":"Looter","floor":4.0,"turns":2.0},{"damage":8.0,"enemies":"Gremlin Nob","floor":6.0,"turns":3.0},{"damage":0.0,"enemies":"Large Slime","floor":12.0,"turns":4.0},{"damage":4.0,"enemies":"Lagavulin","floor":13.0,"turns":6.0},{"damage":0.0,"enemies":"2 Fungi Beasts","floor":14.0,"turns":7.0},{"damage":4,"enemies":"The Guardian","floor":16,"turns":12},{"damage":3,"enemies":"Shell Parasite","floor":18,"turns":3},{"damage":20,"enemies":"Spheric Guardian","floor":22,"turns":6},{"damage":38,"enemies":"Slavers","floor":23,"turns":7},{"damage":13,"enemies":"Chosen and Byrds","floor":24,"turns":5},{"damage":5,"enemies":"Book of Stabbing","floor":27,"turns":6},{"damage":9,"enemies":"Gremlin Leader","floor":29,"turns":6},{"damage":10,"enemies":"Book of Stabbing","floor":31,"turns":7},{"damage":26,"enemies":"Collector","floor":33,"turns":10},{"damage":7,"enemies":"3 Darklings","floor":35,"turns":3},{"damage":0,"enemies":"Orb Walker","floor":36,"turns":5},{"damage":0,"enemies":"Mind Bloom Boss Battle","floor":37,"turns":11},{"damage":14,"enemies":"3 Darklings","floor":39,"turns":4},{"damage":22,"enemies":"Nemesis","floor":42,"turns":9},{"damage":0,"enemies":"Giant Head","floor":44,"turns":11},{"damage":17,"enemies":"Nemesis","floor":46,"turns":9},{"damage":12,"enemies":"Donu and Deca","floor":50,"turns":10},{"damage":6,"enemies":"Awakened One","floor":51,"turns":24},{"damage":52,"enemies":"Shield and Spear","floor":55,"turns":8},{"damage":81,"enemies":"The Heart","floor":56,"turns":3}],"seed_played":"6604252129583844291","potions_obtained":[{"floor":2.0,"key":"ColorlessPotion"},{"floor":13.0,"key":"Strength Potion"}],"is_trial":false,"path_per_floor":["M","M","M","M","?","E","R","$","T","R","?","M","E","M","R","B",null,"M","?","?","?","M","E","M","R","T","E","R","E","R","E","R","B",null,"M","M","?","?","M","R","?","E","T","E","$","E","R","?","R","B","B",null,"R","$","E","B"],"character_chosen":"THE_SILENT","items_purchased":["Lee\u0027s Waffle","Poisoned Stab","FossilizedHelix","TwistedFunnel"],"campfire_rested":4,"item_purchase_floors":[8,8,45,45],"current_hp_per_floor":[53,46,42,34,34,26,26,73,73,73,78,78,74,74,74,70,76,73,73,73,73,53,15,2,25,25,20,43,34,57,47,47,21,64,57,57,57,57,43,43,43,21,21,21,21,4,27,43,43,31,25,65,65,65,13,0,0],"gold":114,"neow_bonus":"BOSS_RELIC","is_daily":false,"chose_seed":false,"campfire_upgraded":6,"win_rate":0.0,"timestamp":1609253664,"path_taken":["M","M","?","M","?","E","R","$","T","R","?","M","E","M","R","BOSS","M","?","?","?","M","E","?","R","T","E","R","E","R","E","R","BOSS","M","M","?","?","?","R","?","E","T","E","$","E","R","?","R","BOSS","BOSS","R","$","E","BOSS"],"items_purchased_type":["Relic","Card","Relic","Relic"],"build_version":"2020-12-18","purchased_purges":1,"victory":false,"max_hp_per_floor":[66,66,66,66,66,66,66,73,73,73,78,78,78,78,78,78,78,78,78,78,78,78,78,78,78,78,78,78,78,78,78,78,78,78,78,78,78,78,78,78,78,78,78,78,78,78,78,78,78,78,78,78,78,78,78,78,78],"relic_stats":{"Sozu":15,"Lee\u0027s Waffle":47,"Centennial Puzzle":[15],"counters":[28,192],"Astrolabe":["Accuracy","Venomology","Blur"],"Pantograph":25,"Whetstone":["Strike_G","Sucker Punch"],"Letter Opener":[267],"obtain_stats":[{"TwistedFunnel":45,"Lee\u0027s Waffle":8,"Astrolabe":34,"Velvet Choker":0,"Vajra":42,"Thread and Needle":37,"Incense Burner":6,"Omamori":46,"Whetstone":23,"Letter Opener":27,"Mercury Hourglass":13,"Sozu":17,"Anchor":26,"Centennial Puzzle":44,"Pantograph":55,"WingedGreaves":29,"StrikeDummy":9,"InkBottle":31,"FossilizedHelix":45,"Ring of the Snake":0},{"TwistedFunnel":23,"Lee\u0027s Waffle":5,"Astrolabe":17,"Velvet Choker":0,"Vajra":22,"Thread and Needle":20,"Incense Burner":5,"Omamori":24,"Whetstone":12,"Letter Opener":14,"Mercury Hourglass":7,"Sozu":9,"Anchor":13,"Centennial Puzzle":23,"Pantograph":27,"WingedGreaves":15,"StrikeDummy":5,"InkBottle":16,"FossilizedHelix":23,"Ring of the Snake":0},{"TwistedFunnel":138,"Lee\u0027s Waffle":17,"Astrolabe":96,"Velvet Choker":0,"Vajra":128,"Thread and Needle":115,"Incense Burner":17,"Omamori":147,"Whetstone":62,"Letter Opener":73,"Mercury Hourglass":27,"Sozu":46,"Anchor":67,"Centennial Puzzle":138,"Pantograph":189,"WingedGreaves":79,"StrikeDummy":17,"InkBottle":86,"FossilizedHelix":138,"Ring of the Snake":0}],"InkBottle":[43],"Mercury Hourglass":[529]},"card_choices":[{"not_picked":["Sucker Punch","Slice"],"picked":"Quick Slash","floor":1.0},{"not_picked":["Acrobatics","Blur"],"picked":"Predator","floor":2.0},{"not_picked":["Flechettes","Cloak And Dagger"],"picked":"Underhanded Strike","floor":3.0},{"not_picked":["Concentrate","Heel Hook"],"picked":"All Out Attack","floor":4.0},{"not_picked":["Poisoned Stab","Eviscerate"],"picked":"Footwork","floor":6.0},{"not_picked":["Heel Hook","Poisoned Stab"],"picked":"Backflip","floor":12.0},{"not_picked":["Expertise","Deflect","Unload"],"picked":"SKIP","floor":13.0},{"not_picked":["Deflect","Eviscerate","Skewer"],"picked":"SKIP","floor":14},{"not_picked":["Envenom","Grand Finale"],"picked":"Night Terror","floor":16},{"not_picked":["PiercingWail","Acrobatics"],"picked":"Dagger Spray","floor":18},{"not_picked":["Endless Agony","Skewer+1"],"picked":"Dodge and Roll+1","floor":22},{"not_picked":["Terror","Deadly Poison+1"],"picked":"Crippling Poison","floor":23},{"not_picked":["Acrobatics","Blade Dance"],"picked":"Dash","floor":24},{"not_picked":["All Out Attack","Distraction","Dodge and Roll"],"picked":"SKIP","floor":27},{"not_picked":["Outmaneuver","Backflip"],"picked":"Noxious Fumes","floor":29},{"not_picked":["Distraction","Quick Slash"],"picked":"Corpse Explosion","floor":31},{"not_picked":["Phantasmal Killer","Die Die Die"],"picked":"Tools of the Trade","floor":33},{"not_picked":["Dagger Throw","Expertise"],"picked":"Backflip+1","floor":35},{"not_picked":["Dash","Deadly Poison","Flying Knee+1"],"picked":"SKIP","floor":36},{"not_picked":["Dagger Throw","Slice"],"picked":"Deflect","floor":37},{"not_picked":["Riddle With Holes+1","Slice+1","Reflex"],"picked":"SKIP","floor":39},{"not_picked":["Prepared","Blur+1"],"picked":"Footwork+1","floor":42},{"not_picked":["Blade Dance","Slice","All Out Attack"],"picked":"SKIP","floor":44},{"not_picked":["Poisoned Stab","Grand Finale"],"picked":"Backflip","floor":46},{"not_picked":["Sucker Punch+1","Outmaneuver"],"picked":"Terror+1","floor":55}],"player_experience":1255484,"relics_obtained":[{"floor":6.0,"key":"Incense Burner"},{"floor":9.0,"key":"StrikeDummy"},{"floor":13.0,"key":"Mercury Hourglass"},{"floor":23,"key":"Whetstone"},{"floor":26,"key":"Anchor"},{"floor":27,"key":"Letter Opener"},{"floor":29,"key":"WingedGreaves"},{"floor":31,"key":"InkBottle"},{"floor":37,"key":"Thread and Needle"},{"floor":42,"key":"Vajra"},{"floor":44,"key":"Centennial Puzzle"},{"floor":46,"key":"Omamori"},{"floor":55,"key":"Pantograph"}],"event_choices":[{"damage_healed":0.0,"max_hp_gain":0.0,"max_hp_loss":0.0,"gold_gain":0.0,"event_name":"Living Wall","player_choice":"Grow","floor":5.0,"gold_loss":0.0,"damage_taken":0.0,"cards_upgraded":["Predator"]},{"damage_healed":0.0,"max_hp_gain":5.0,"max_hp_loss":0.0,"gold_gain":0.0,"event_name":"Big Fish","player_choice":"Donut","floor":11.0,"gold_loss":0.0,"damage_taken":0.0},{"damage_healed":0,"gold_gain":0,"player_choice":"Ignored","damage_taken":0,"max_hp_gain":0,"max_hp_loss":0,"event_name":"Ghosts","floor":19,"gold_loss":0},{"damage_healed":0,"gold_gain":0,"cards_transformed":["Strike_G","Strike_G"],"player_choice":"Became Test Subject","damage_taken":0,"max_hp_gain":0,"max_hp_loss":0,"event_name":"Drug Dealer","floor":20,"gold_loss":0,"cards_obtained":["Dagger Throw","Sucker Punch"]},{"damage_healed":0,"gold_gain":0,"player_choice":"2 cards matched","damage_taken":0,"max_hp_gain":0,"max_hp_loss":0,"event_name":"Match and Keep!","floor":21,"gold_loss":0,"cards_obtained":["Glass Knife","Deadly Poison"]},{"damage_healed":0,"gold_gain":0,"player_choice":"Fight","damage_taken":0,"max_hp_gain":0,"max_hp_loss":0,"event_name":"MindBloom","floor":37,"gold_loss":0},{"cards_removed":["Defend_G"],"damage_healed":0,"gold_gain":0,"player_choice":"Removed Skill","damage_taken":0,"max_hp_gain":0,"max_hp_loss":0,"event_name":"Falling","floor":38,"gold_loss":0},{"damage_healed":0,"gold_gain":0,"player_choice":"Ignored","damage_taken":0,"max_hp_gain":0,"max_hp_loss":0,"event_name":"Tomb of Lord Red Mask","floor":41,"gold_loss":0},{"damage_healed":16,"gold_gain":0,"player_choice":"Writhe","damage_taken":0,"max_hp_gain":0,"max_hp_loss":0,"event_name":"Winding Halls","floor":48,"gold_loss":0,"cards_obtained":["Writhe"]}],"is_beta":true,"boss_relics":[{"not_picked":["SlaversCollar","Empty Cage"],"picked":"Sozu"},{"not_picked":["WristBlade","Runic Pyramid"],"picked":"Astrolabe"}],"items_purged_floors":[45],"is_endless":false,"potions_floor_spawned":[2,13,18,24,27,33,39,44,46,55],"killed_by":"The Heart","ascension_level":20}}