{"host":"i93jgytozuncsjly","time":1609207397,"event":{"mods":["Bard","BaseMod","BetterRewards","Colored Map","Colored Powertips","Downfall","Energized Spire","Hermit","Hubris","Infinite Spire","Minty Spire (QoL Compilation)","Random Character Button","Replay The Spire","StSLib","The Animator","The Construct","The Cursed","The Disciple","The Factory","The Jungle","The Necromancer","The Runesmith","The Servant 0.9.4"],"gold_per_floor":[117,133,21,40,60,93,93,93,93,104,104,104,122,156,175,194,194,289,289,305,317,317,336,352,352,370,390,416,416,436,454,208,225,225,320,320,337,350,450,463,479,509,509,526,526,541,558,40,40,53,53,53],"floor_reached":53,"playtime":4495,"items_purged":["Strike_S","Strike_S","Defend_S"],"score":815,"play_id":"ad4f28b0-e004-4516-827a-40439de08212","local_time":"20201228180317","is_ascension_mode":false,"campfire_choices":[{"data":"ShatteredReality","floor":7,"key":"SMITH"},{"data":"FloweringNight","floor":17,"key":"SMITH"},{"data":"TimeWarp","floor":25,"key":"SMITH"},{"data":"LightFlow","floor":29,"key":"SMITH"},{"data":"TimeWarp","floor":34,"key":"SMITH"},{"data":"SoulSculpture","floor":43,"key":"SMITH"},{"floor":51,"key":"REST"}],"circlet_count":0,"master_deck":["Strike_S","Strike_S","Defend_S","Defend_S","Defend_S","KidneyShot+1","Exchange+1","ShatteredReality+1","TimeWarp+1","Potential+1","Misdirection","BottledTime","TimeWarp+1","ShiftingGears","SoulSculpture+1","FloweringNight+1","Ricochet","BottledTime","LightFlow+1","TimeWarp+1","ShiftingGears","Alleviate+1","Rewind+1","Rearm+1","Misdirection+1","DualDimension","Reset+1","Dilation","TimeWarp+1","ShatteredReality","DoubleEdge+1","Spin+1","BottledTime+1","TimeWarp+1","ShatteredReality"],"relics":["Uniform","Garlic","infinitespire:Broken Mirror","Ginger","MysterySword","Potion Belt","HandDrill","hubris:Backtick","hubris:Spice","Bag of Marbles","Centennial Puzzle","Onion Ring","hubris:HerbalPaste"],"acts_visited":["Exordium","TheCity","TheBeyond"],"potions_floor_usage":[38,44,44,44,44,52,52],"damage_taken":[{"damage":1,"enemies":"Cultist","floor":1,"turns":4},{"damage":2,"enemies":"Small Slimes","floor":2,"turns":4},{"damage":0,"enemies":"2 Louse","floor":4,"turns":2},{"damage":4,"enemies":"Gremlin Gang","floor":5,"turns":6},{"damage":14,"enemies":"3 Sentries","floor":6,"turns":10},{"damage":0,"enemies":"Looter","floor":10,"turns":2},{"damage":0,"enemies":"Red Slaver","floor":13,"turns":3},{"damage":3,"enemies":"Lagavulin","floor":14,"turns":5},{"damage":2,"enemies":"Exordium Thugs","floor":15,"turns":3},{"damage":1,"enemies":"Exordium Wildlife","floor":16,"turns":2},{"damage":11,"enemies":"The Guardian","floor":18,"turns":6},{"damage":0,"enemies":"Chosen","floor":20,"turns":3},{"damage":0,"enemies":"2 Thieves","floor":21,"turns":1},{"damage":6,"enemies":"3 Cultists","floor":23,"turns":3},{"damage":6,"enemies":"Snake Plant","floor":24,"turns":3},{"damage":6,"enemies":"Snecko","floor":26,"turns":4},{"damage":0,"enemies":"Cultist and Chosen","floor":27,"turns":5},{"damage":6,"enemies":"Snake Plant","floor":30,"turns":3},{"damage":0,"enemies":"3 Cultists","floor":31,"turns":2},{"damage":0,"enemies":"Snecko","floor":33,"turns":3},{"damage":0,"enemies":"Automaton","floor":35,"turns":5},{"damage":5,"enemies":"Orb Walker","floor":37,"turns":3},{"damage":25,"enemies":"3 Shapes","floor":38,"turns":3},{"damage":0,"enemies":"Maw","floor":40,"turns":6},{"damage":4,"enemies":"Jaw Worm Horde","floor":41,"turns":3},{"damage":0,"enemies":"Giant Head","floor":42,"turns":5},{"damage":25,"enemies":"Writhing Mass","floor":44,"turns":2},{"damage":0,"enemies":"3 Darklings","floor":46,"turns":2},{"damage":22,"enemies":"Spire Growth","floor":47,"turns":3},{"damage":0,"enemies":"Jaw Worm Horde","floor":50,"turns":1},{"damage":13,"enemies":"hubris:GrandSnecko","floor":52,"turns":3}],"seed_played":"-5327844769944257658","potions_obtained":[{"floor":1,"key":"SkillPotion"},{"floor":2,"key":"Weak Potion"},{"floor":10,"key":"LiquidMemories"},{"floor":16,"key":"Block Potion"},{"floor":30,"key":"SteroidPotion"},{"floor":33,"key":"Fire Potion"},{"floor":35,"key":"Toxic Potion"},{"floor":41,"key":"Fruit Juice"},{"floor":44,"key":"Ancient Potion"},{"floor":49,"key":"DuplicationPotion"},{"floor":49,"key":"construct:ShiftPotion"},{"floor":49,"key":"Doom Potion"},{"floor":50,"key":"Adrenaline Potion"}],"is_trial":false,"path_per_floor":["M","M","$","M","M","E","R","PTL","PTL","M","T","?","M","E","M","M","R","B",null,"M","M","?","M","M","R","M","M","T","R","M","M","$","M","R","B",null,"M","M","?","M","M","E","R","M","T","M","M","$","?","M","R","B",null],"character_chosen":"THE_SERVANT","items_purchased":["Potential+1","HandDrill","Onion Ring","hubris:HerbalPaste"],"campfire_rested":1,"item_purchase_floors":[3,32,48,48],"current_hp_per_floor":[70,68,68,68,64,50,50,50,50,50,50,36,36,33,31,30,30,19,71,71,71,71,65,59,59,53,53,53,53,47,47,47,47,47,47,79,74,49,49,49,45,45,45,25,25,25,3,3,3,3,28,21],"gold":53,"neow_bonus":"TEN_PERCENT_HP_BONUS","is_daily":false,"chose_seed":false,"campfire_upgraded":6,"win_rate":0.0,"timestamp":1609207397,"path_taken":["M","M","$","M","?","E","R","PTL","PTL","M","T","?","M","E","M","M","R","BOSS","M","M","?","M","M","R","M","M","T","R","M","M","$","M","R","BOSS","M","M","?","M","M","E","R","M","T","M","?","$","?","?","R","BOSS"],"items_purchased_type":["Card","Relic","Relic","Relic"],"build_version":"2020-12-22","purchased_purges":3,"victory":true,"max_hp_per_floor":[71,71,71,71,71,71,71,71,71,71,71,71,71,71,71,71,71,71,71,71,71,71,71,71,71,71,71,71,71,71,71,71,71,71,71,79,79,79,79,79,79,79,79,84,84,84,84,84,84,84,84,84],"card_choices":[{"not_picked":["FanOfKnives","Read"],"picked":"ShatteredReality","floor":1},{"not_picked":["Defy","ShatteredReality"],"picked":"TimeWarp","floor":2},{"not_picked":["FastForward","TimeWarp"],"picked":"Misdirection","floor":4},{"not_picked":["Unruled","Moonlight"],"picked":"BottledTime","floor":5},{"not_picked":["ShiftingGears","Luminosity"],"picked":"TimeWarp","floor":6},{"not_picked":["Gouge","Revamp"],"picked":"ShiftingGears","floor":10},{"not_picked":["Replace","Sabotage"],"picked":"SoulSculpture","floor":13},{"not_picked":["Defy","Misdirection"],"picked":"FloweringNight","floor":14},{"not_picked":["Replace","Rearm"],"picked":"Ricochet","floor":15},{"not_picked":["Starlight","ShatteredReality"],"picked":"BottledTime","floor":16},{"not_picked":["TheWorld","FlawlessForm"],"picked":"LightFlow","floor":18},{"not_picked":["Revamp+1","ShatteredReality"],"picked":"TimeWarp+1","floor":20},{"not_picked":["TimeWarp","Gouge"],"picked":"ShiftingGears","floor":21},{"not_picked":["Barrier","Gouge"],"picked":"Alleviate+1","floor":23},{"not_picked":["FastForward","SilverBlades"],"picked":"Rewind+1","floor":24},{"not_picked":["Defy","Replace"],"picked":"Rearm+1","floor":26},{"not_picked":["Ricochet","Rewind+1"],"picked":"Misdirection+1","floor":27},{"not_picked":["FastForward","Spin"],"picked":"DualDimension","floor":30},{"not_picked":["FastForward+1","Collapse+1"],"picked":"Reset+1","floor":31},{"not_picked":["StarChef","Unruled","SilverBlades"],"picked":"SKIP","floor":33},{"not_picked":["MurderousAura","ForgedInTime"],"picked":"Dilation","floor":35},{"not_picked":["Defy","Rewind"],"picked":"TimeWarp+1","floor":37},{"not_picked":["Alleviate+1","BottledTime"],"picked":"ShatteredReality","floor":38},{"not_picked":["Read+1","FanOfKnives+1","Rearm+1"],"picked":"SKIP","floor":40},{"not_picked":["Comet","Gouge","Read"],"picked":"SKIP","floor":41},{"not_picked":["Defy","Replace"],"picked":"DoubleEdge+1","floor":42},{"not_picked":["Reset","ShatteredReality"],"picked":"Spin+1","floor":44},{"not_picked":["Snipe+1","Ricochet+1"],"picked":"BottledTime+1","floor":46},{"not_picked":["MoonPhase","ShatteredReality"],"picked":"TimeWarp+1","floor":47},{"not_picked":["FastForward+1","Starlight+1"],"picked":"ShatteredReality","floor":50}],"player_experience":117921,"relics_obtained":[{"floor":6,"key":"Garlic"},{"floor":11,"key":"infinitespire:Broken Mirror"},{"floor":14,"key":"Ginger"},{"floor":28,"key":"Potion Belt"},{"floor":42,"key":"Bag of Marbles"},{"floor":45,"key":"Centennial Puzzle"}],"event_choices":[{"damage_healed":0,"gold_gain":0,"player_choice":"Entered Light","damage_taken":14,"max_hp_gain":0,"max_hp_loss":0,"event_name":"Shining Light","floor":12,"gold_loss":0,"cards_upgraded":["KidneyShot","Exchange"]},{"damage_healed":0,"gold_gain":100,"player_choice":"Pray","damage_taken":0,"max_hp_gain":0,"max_hp_loss":0,"event_name":"Golden Shrine","floor":39,"gold_loss":0},{"damage_healed":0,"gold_gain":0,"player_choice":"Got Potions","damage_taken":0,"max_hp_gain":0,"max_hp_loss":0,"event_name":"Lab","floor":49,"gold_loss":0}],"is_beta":false,"boss_relics":[{"not_picked":["Philosopher\u0027s Stone","Replay:Wanted Poster"],"picked":"MysterySword"},{"not_picked":["Replay:Grab Bag","hubris:ScarierMask"],"picked":"hubris:Backtick"}],"items_purged_floors":[3,32,48],"is_endless":false,"potions_floor_spawned":[1,2,10,16,20,21,30,33,35,41,44,50],"ascension_level":0}}