{"host":"q0ozth74idsfmf0a","time":1609218735,"event":{"mods":["BaseMod","Colored Powertips","Downfall","Minty Spire (QoL Compilation)","Relic Stats","StSLib"],"gold_per_floor":[99,99,24,24,42,142,142,171,171,181,196,209,209,243,260,358,358,358,378,428,578,628,689,736,786,801,801,827,877,802,818,830,935,935,935,945,955,231,331,429,429,429,429,429],"floor_reached":42,"playtime":4345,"items_purged":["champ:Strike","champ:Defend"],"score":474,"play_id":"f885f8a7-c9f1-4c99-99bb-f61ee333cd2c","local_time":"20201229001215","is_ascension_mode":false,"campfire_choices":[{"data":"champ:Taunt","floor":1,"key":"SMITH"},{"floor":9,"key":"REST"},{"floor":13,"key":"REST"},{"data":"champ:IgnorePain","floor":18,"key":"SMITH"},{"data":"champ:CalledShot","floor":27,"key":"SMITH"},{"floor":30,"key":"REST"},{"data":"champ:PerfectForm","floor":35,"key":"SMITH"}],"circlet_count":0,"master_deck":["champ:Strike","champ:Strike","champ:Strike","champ:Defend","champ:Defend","champ:Defend","champ:Execute","champ:Taunt+1","champ:BringItOn","champ:DefensiveStyle","champ:FocusedDefense","champ:Backstep","champ:DefensiveStyle","champ:GladiatorsShout","champ:Circumvent","champ:SkillfulDodge","champ:Riposte","champ:CrookedStrike","champ:IgnorePain+1","champ:GladiatorsShout+1","J.A.X.","champ:CalledShot+1","champ:DefensiveStyle+1","champ:ShieldThrow","Slimebound:CheckThePlaybook","champ:StanceDance","champ:PerfectForm+1","champ:RisingSlash+1","champ:IronFortress+1","champ:HoldFirm","champ:IgnorePain","champ:EnGarde","champ:EnGarde+1"],"relics":["champ:ChampionCrown","downfall:HeartsMalice","downfall:CloakOfManyFaces","CultistMask","FaceOfCleric","NlothsMask","GremlinMask","SsserpentHead","Orichalcum","Letter Opener","Runic Dome","Regal Pillow","Mummified Hand","downfall:HeartBlessingGreen","Velvet Choker","Centennial Puzzle","Sundial","WingedGreaves","Mango"],"acts_visited":["Exordium","TheCity","TheBeyond"],"potions_floor_usage":[6,14,16,28],"damage_taken":[{"damage":0,"enemies":"Cultist","floor":2,"turns":1},{"damage":0,"enemies":"downfall:FleeingMerchant","floor":3,"turns":1},{"damage":0,"enemies":"2 Louse","floor":4,"turns":1},{"damage":17,"enemies":"Small Slimes","floor":5,"turns":5},{"damage":40,"enemies":"downfall:FaceTrader","floor":6,"turns":22},{"damage":46,"enemies":"Gremlin Nob","floor":8,"turns":6},{"damage":21,"enemies":"Gremlin Gang","floor":10,"turns":7},{"damage":0,"enemies":"2 Fungi Beasts","floor":11,"turns":5},{"damage":0,"enemies":"3 Louse","floor":12,"turns":8},{"damage":13,"enemies":"Lagavulin","floor":14,"turns":10},{"damage":0,"enemies":"Large Slime","floor":15,"turns":7},{"damage":20,"enemies":"downfall:Watcher","floor":16,"turns":15},{"damage":35,"enemies":"Spheric Guardian","floor":19,"turns":7},{"damage":9,"enemies":"Chosen","floor":23,"turns":6},{"damage":5,"enemies":"Snake Plant","floor":26,"turns":5},{"damage":13,"enemies":"Book of Stabbing","floor":28,"turns":8},{"damage":16,"enemies":"Cultist and Chosen","floor":31,"turns":7},{"damage":10,"enemies":"3 Cultists","floor":32,"turns":6},{"damage":28,"enemies":"downfall:Silent","floor":33,"turns":10},{"damage":3,"enemies":"Orb Walker","floor":36,"turns":5},{"damage":32,"enemies":"3 Darklings","floor":37,"turns":7},{"damage":20,"enemies":"downfall:FleeingMerchant","floor":38,"turns":4},{"damage":33,"enemies":"Mind Bloom Boss Battle","floor":39,"turns":9},{"damage":30,"enemies":"2 Orb Walkers","floor":40,"turns":6},{"damage":57,"enemies":"Nemesis","floor":42,"turns":10}],"seed_played":"-3048437875071741640","potions_obtained":[{"floor":5,"key":"ColorlessPotion"},{"floor":8,"key":"champ:OpenerPotion"},{"floor":11,"key":"SmokeBomb"},{"floor":12,"key":"DistilledChaos"},{"floor":14,"key":"AttackPotion"},{"floor":15,"key":"Dexterity Potion"},{"floor":28,"key":"Energy Potion"},{"floor":39,"key":"EntropicBrew"}],"is_trial":false,"path_per_floor":["R","M","$","M","M","?","T","E","R","M","M","M","R","E","M","B",null,"R","M","?","?","?","M","T","?","M","R","E","?","R","M","M","B",null,"R","M","M","$","?","?","T","E"],"character_chosen":"THE_CHAMP","items_purchased":["Centennial Puzzle","Sundial","champ:HoldFirm","champ:IgnorePain"],"campfire_rested":3,"item_purchase_floors":[38,38,38,38],"current_hp_per_floor":[90,90,90,90,83,48,48,8,35,20,21,22,50,43,44,35,97,97,68,68,68,68,60,60,60,61,61,59,59,91,81,77,58,94,94,92,67,65,56,44,44,0,0,0],"gold":429,"neow_bonus":"THREE_ENEMY_KILL","is_daily":false,"chose_seed":false,"campfire_upgraded":4,"win_rate":0.0,"timestamp":1609218735,"path_taken":["R","M","$","?","M","?","T","E","R","M","M","M","R","E","M","BOSS","R","M","?","?","?","?","T","?","M","R","E","?","R","M","M","BOSS","R","M","M","$","?","?","T","E"],"items_purchased_type":["Relic","Relic","Card","Card"],"build_version":"2020-12-22","purchased_purges":2,"victory":false,"max_hp_per_floor":[90,90,90,90,90,90,90,91,91,92,93,94,94,95,96,97,97,97,98,98,98,98,99,99,99,100,100,101,91,91,92,93,94,94,94,95,96,97,98,113,113,113,113,113],"relic_stats":{"SsserpentHead":400,"Regal Pillow":5,"Centennial Puzzle":[9],"FaceOfCleric":19,"counters":[25,175],"Mummified Hand":[51],"Sundial":[2],"Letter Opener":[291],"Orichalcum":[30],"obtain_stats":[{"Regal Pillow":24,"Velvet Choker":34,"champ:ChampionCrown":0,"downfall:HeartsMalice":0,"GremlinMask":6,"downfall:HeartBlessingGreen":30,"Mango":40,"Letter Opener":14,"Orichalcum":8,"SsserpentHead":6,"Runic Dome":17,"Centennial Puzzle":38,"FaceOfCleric":6,"Mummified Hand":28,"Sundial":38,"CultistMask":6,"WingedGreaves":39,"downfall:CloakOfManyFaces":6,"NlothsMask":6},{"Regal Pillow":14,"Velvet Choker":19,"champ:ChampionCrown":0,"downfall:HeartsMalice":0,"GremlinMask":5,"downfall:HeartBlessingGreen":16,"Mango":24,"Letter Opener":10,"Orichalcum":6,"SsserpentHead":5,"Runic Dome":12,"Centennial Puzzle":22,"FaceOfCleric":5,"Mummified Hand":16,"Sundial":22,"CultistMask":5,"WingedGreaves":23,"downfall:CloakOfManyFaces":5,"NlothsMask":5},{"Regal Pillow":98,"Velvet Choker":134,"champ:ChampionCrown":0,"downfall:HeartsMalice":0,"GremlinMask":27,"downfall:HeartBlessingGreen":111,"Mango":165,"Letter Opener":63,"Orichalcum":33,"SsserpentHead":27,"Runic Dome":85,"Centennial Puzzle":150,"FaceOfCleric":27,"Mummified Hand":111,"Sundial":150,"CultistMask":27,"WingedGreaves":159,"downfall:CloakOfManyFaces":27,"NlothsMask":27}]},"card_choices":[{"not_picked":["champ:CrookedStrike","champ:FlashCut"],"picked":"champ:BringItOn","floor":2},{"not_picked":["champ:GladiatorsShout","champ:Backstep"],"picked":"champ:DefensiveStyle","floor":3},{"not_picked":["champ:StanceDance","champ:Circumvent","champ:FocusedDefense"],"picked":"SKIP","floor":4},{"not_picked":["champ:StanceDance","champ:Circumvent"],"picked":"champ:FocusedDefense","floor":4},{"not_picked":["champ:FocusedGladiator","champ:TornadoPunch"],"picked":"champ:Backstep","floor":5},{"not_picked":["champ:Encircle","champ:StanceDance"],"picked":"champ:DefensiveStyle","floor":6},{"not_picked":["champ:ShieldThrow","champ:Riposte"],"picked":"champ:GladiatorsShout","floor":8},{"not_picked":["champ:Lariat","champ:FanOfKnives"],"picked":"champ:Circumvent","floor":10},{"not_picked":["champ:TornadoPunch","champ:RecklessLeap"],"picked":"champ:SkillfulDodge","floor":11},{"not_picked":["champ:Backstep","champ:BringItOn"],"picked":"champ:Riposte","floor":12},{"not_picked":["champ:GutPunch","champ:Circumvent"],"picked":"champ:CrookedStrike","floor":14},{"not_picked":["champ:GutPunch","champ:FanOfKnives","champ:PerfectedStrike"],"picked":"SKIP","floor":15},{"not_picked":["champ:HeavySlash","champ:CheapShot"],"picked":"champ:IgnorePain","floor":16},{"not_picked":["champ:GutPunch","champ:BladeFlurry"],"picked":"champ:GladiatorsShout+1","floor":19},{"not_picked":["champ:BerserkersShout","champ:FocusedDefense"],"picked":"champ:CalledShot","floor":23},{"not_picked":["champ:GladiatorStyle","champ:AdrenalArmor"],"picked":"champ:DefensiveStyle+1","floor":26},{"not_picked":["champ:Shatter","champ:Haymaker"],"picked":"champ:ShieldThrow","floor":28},{"not_picked":["champ:FalseCounter","champ:AdrenalArmor"],"picked":"champ:StanceDance","floor":31},{"not_picked":["champ:PreciseThrust","champ:BerserkersShout","champ:Backstep"],"picked":"SKIP","floor":32},{"not_picked":["champ:CrownThrow","champ:SteelEdge"],"picked":"champ:PerfectForm","floor":33},{"not_picked":["champ:EndlessRage","champ:Backstep"],"picked":"champ:RisingSlash+1","floor":36},{"not_picked":["champ:AdrenalArmor+1","champ:CrookedStrike"],"picked":"champ:IronFortress+1","floor":37},{"not_picked":["champ:CrookedStrike+1","champ:RapidStrikes+1","champ:EndlessRage"],"picked":"SKIP","floor":38},{"not_picked":["champ:AdrenalArmor","champ:DefensiveShout"],"picked":"champ:EnGarde","floor":39},{"not_picked":["champ:AdrenalArmor+1","champ:RisingSlash+1"],"picked":"champ:EnGarde+1","floor":40}],"player_experience":23451,"relics_obtained":[{"floor":6,"key":"downfall:CloakOfManyFaces"},{"floor":8,"key":"Orichalcum"},{"floor":14,"key":"Letter Opener"},{"floor":24,"key":"Regal Pillow"},{"floor":28,"key":"Mummified Hand"},{"floor":39,"key":"WingedGreaves"},{"floor":40,"key":"Mango"}],"event_choices":[{"damage_healed":0,"gold_gain":0,"player_choice":"Obtain J.A.X.","damage_taken":0,"max_hp_gain":0,"max_hp_loss":0,"event_name":"Drug Dealer","floor":20,"gold_loss":0,"cards_obtained":["J.A.X."]},{"damage_healed":0,"gold_gain":0,"player_choice":"Fight","damage_taken":0,"max_hp_gain":0,"max_hp_loss":0,"event_name":"Mysterious Sphere","floor":40,"gold_loss":0}],"is_beta":false,"boss_relics":[{"not_picked":["Astrolabe","Coffee Dripper"],"picked":"Runic Dome"},{"not_picked":["Black Star","Calling Bell"],"picked":"Velvet Choker"}],"items_purged_floors":[3,38],"is_endless":false,"potions_floor_spawned":[5,8,11,12,14,15,28,39,40],"killed_by":"Nemesis","ascension_level":0}}