{"host":"i838i4v0j45fzwgz","time":1609275488,"event":{"mods":["BaseMod","Better Third Choice","BetterRewards","Card Forge","Hubris","Infinite Spire","Minty Spire (QoL Compilation)","Replay The Spire","Shop Mod","Spicy Shops","StSLib","vexMod"],"gold_per_floor":[99,113,88,88,105,133,133,160,160,193,193,193,219,36,36,138,138,158,158,158,170,183,209,244,276,276,301,330,630,630,663,663,767,767,777,801,812,912,912,912,939,939,1019,1053,1086,1111,1138,1152,1152,1248,1248,1248],"floor_reached":51,"playtime":6789,"items_purged":[],"score":1431,"play_id":"9731f8ca-2824-45e0-906c-faa47a6cd3fb","local_time":"20201229145808","daily_mods":["Green Cards","Colorless Cards","Heirloom","Time Dilation","Flight","DeadlyEvents","Elite Swarm"],"is_ascension_mode":false,"campfire_choices":[{"floor":7.0,"key":"REST"},{"floor":11.0,"key":"REST"},{"floor":12.0,"key":"REST"},{"floor":30.0,"key":"REST"},{"floor":32.0,"key":"REST"},{"data":"Footwork","floor":40,"key":"SMITH"},{"floor":42,"key":"DIG"}],"circlet_count":0,"master_deck":["Demon Form+1","Echo Form+1","DevaForm+1","Strike_G+1","Strike_G+1","Strike_G+1","Strike_G+1","Strike_G+1","Defend_G+1","Defend_G+1","Leap+1","Beam Cell+1","Deadly Poison+1","vexMod:EmailVexCard+1","ReplayTheSpireMod:Scrap Shanks+1","ReplayUltimateDefense+1","infinitespire:Neurotoxin+1","Magnetism+1","Backflip+1","Poisoned Strike+1","Infinite Blades+1","Replay:Bootleg Shield Generator+1","Deadly Poison+1","Sadistic Nature+1","Deadly Poison+1","Iron Wave+1","Omniscience+1","Replay:Dark Deal+1","Enlightenment+1","Panache+1","ReplayTheSpireMod:Black Plague+1","infinitespire:Collect+1","infinitespire:FutureSight+1","infinitespire:Punishment+1","infinitespire:SevenWalls+1","infinitespire:Starlight+1","hubris:Rewind+1","infinitespire:Oblivion+1","infinitespire:NeuralNetwork+1","Acrobatics+1","Backflip+1","Corpse Explosion+1","Crippling Poison+1","Dagger Throw+1","Die Die Die+1","Escape Plan+1","Hidden Blade+1","Noxious Fumes+1","Prepared+1","Tools of the Trade+1","Madness+1","Hidden Blade+1","Replay:Dark Deal+1","Venomology+1","Corpse Explosion+1","A Thousand Cuts+1","Poison Darts+1","Skewer+1","Dagger Throw+1","Storm of Steel+1","Acrobatics+1","Footwork+1","vexMod:EmailVexCard+1","Violence+1","HandOfGreed+1","Replay:Dark Deal+1","Quick Slash+1","Outmaneuver+1","Poisoned Stab+1","Deadly Poison+1","hubris:Rewind+1","Dramatic Entrance+1","Metamorphosis+1","Doppelganger+1","Secret Technique+1","Adrenaline+1","Burst+1","Blade Dance+1","hubris:Rewind+1","Corpse Explosion+1","After Image+1","Enlightenment+1","Prepared+1"],"relics":["Ring of the Snake","Hammer of Thor","Seething Fire","Anvil of the Gods","replay:Trail_Library","Incense Burner","vexMod:RetaliationKit","Nunchaku","hubris:PeanutButter","Toxic Egg 2","Replay:Bottled Eggs","vexMod:ImprovementManual","hubris:Backtick","The Specimen","infinitespire:ShieldingShard","vexMod:CardConverter","Ancient Tea Set","Snack Pack","Replay:Multitool","hubris:BottledRain","hubris:NiceRug","vexMod:BarristanHead","Durian","vexMod:Dragonfruit","Replay:Kaleidoscope","Boot","Snecko Eye","Pen Nib","hubris:GlazedTorus","Strawberry","Du-Vu Doll","hubris:Metronome","hubris:ToyBattleship","ReplayFunnel","Mirror","BranchBurnRelic","Astrolabe"],"acts_visited":["Exordium","TheCity","TheBeyond","Exordium"],"potions_floor_usage":[41,45,50],"damage_taken":[{"damage":4.0,"enemies":"Cultist","floor":2.0,"turns":4.0},{"damage":2.0,"enemies":"Jaw Worm","floor":5.0,"turns":5.0},{"damage":37.0,"enemies":"3 Sentries","floor":6.0,"turns":7.0},{"damage":21.0,"enemies":"Gremlin Nob","floor":8.0,"turns":6.0},{"damage":24.0,"enemies":"3 Sentries","floor":10.0,"turns":9.0},{"damage":11.0,"enemies":"Replay:BlueRogue","floor":13.0,"turns":5.0},{"damage":16.0,"enemies":"Slime Boss","floor":16.0,"turns":10.0},{"damage":6.0,"enemies":"Spheric Guardian","floor":18.0,"turns":4.0},{"damage":0.0,"enemies":"3 Byrds","floor":21.0,"turns":3.0},{"damage":0.0,"enemies":"Centurion and Healer","floor":22.0,"turns":2.0},{"damage":0.0,"enemies":"Book of Stabbing","floor":23.0,"turns":1.0},{"damage":0.0,"enemies":"Replay:Snechameleon","floor":24.0,"turns":1.0},{"damage":0.0,"enemies":"Nightmare","floor":25.0,"turns":4.0},{"damage":21.0,"enemies":"Slavers","floor":27.0,"turns":3.0},{"damage":20.0,"enemies":"Gremlin Leader","floor":28.0,"turns":3.0},{"damage":45.0,"enemies":"hubris:Merchant","floor":29.0,"turns":5.0},{"damage":2.0,"enemies":"Slavers","floor":31.0,"turns":3.0},{"damage":0.0,"enemies":"Automaton","floor":33.0,"turns":5.0},{"damage":0.0,"enemies":"Orb Walker","floor":35.0,"turns":1.0},{"damage":0.0,"enemies":"3 Darklings","floor":37.0,"turns":2.0},{"damage":0.0,"enemies":"infinitespire:Three Voidlings","floor":38.0,"turns":1.0},{"damage":0.0,"enemies":"Nightmare_Alpha","floor":38.0,"turns":5.0},{"damage":0,"enemies":"Nemesis","floor":41,"turns":3},{"damage":0,"enemies":"Reptomancer","floor":44,"turns":2},{"damage":0,"enemies":"Giant Head","floor":45,"turns":3},{"damage":0,"enemies":"Nightmare","floor":46,"turns":5},{"damage":0,"enemies":"Giant Head","floor":47,"turns":2},{"damage":0,"enemies":"Maw","floor":48,"turns":4},{"damage":0,"enemies":"Donu and Deca","floor":50,"turns":3}],"seed_played":"-1815429748997806909","potions_obtained":[{"floor":5.0,"key":"SteroidPotion"},{"floor":10.0,"key":"SkillPotion"},{"floor":18.0,"key":"Strength Potion"},{"floor":24.0,"key":"GhostInAJar"},{"floor":28.0,"key":"GhostInAJar"},{"floor":38,"key":"SkillPotion"},{"floor":44,"key":"Toxic Potion"},{"floor":46,"key":"Ancient Potion"},{"floor":50,"key":"Elixir"}],"is_trial":true,"path_per_floor":["?","M","?","?","M","E","R","E","T","E","R","R","E","$","R","B",null,"M","?","AVR","M","M","E","E","NM","T","E","E","$","R","E","R","B",null,"M","T","M","?","?","R","E","R","T","E","E","NM","E","M","R","B",null],"character_chosen":"THE_SILENT","items_purchased":["Infinite Blades","Replay:Bootleg Shield Generator+1","Deadly Poison+1"],"campfire_rested":5,"item_purchase_floors":[14,14,14],"current_hp_per_floor":[70,66,66,66,64,27,48,27,27,3,24,45,34,34,55,39,70,64,64,64,64,70,70,72,74,74,70,54,48,78,78,104,106,106,108,108,110,116,118,118,127,127,127,129,131,133,135,137,139,141,147,147],"gold":1248,"neow_bonus":"","is_daily":false,"chose_seed":false,"campfire_upgraded":1,"win_rate":0.0,"timestamp":1609275488,"path_taken":["?","M","?","?","?","E","R","E","T","?","R","R","E","?","R","BOSS","M","?","AVR","M","M","E","?","NM","T","E","E","$","R","E","R","BOSS","M","?","M","?","?","R","E","R","T","E","E","NM","E","?","R","BOSS"],"items_purchased_type":["Card","Card","Card"],"build_version":"2020-12-22","purchased_purges":0,"victory":false,"max_hp_per_floor":[70,70,70,70,70,70,70,70,70,70,70,70,70,70,70,70,70,70,70,70,70,70,70,72,74,74,76,78,102,102,104,104,106,106,108,108,110,116,118,118,127,127,127,129,131,133,135,137,139,141,147,147],"card_choices":[{"not_picked":["Deflect","PiercingWail"],"picked":"Deadly Poison","floor":2.0},{"not_picked":["Blur","PiercingWail"],"picked":"ReplayTheSpireMod:Scrap Shanks","floor":5.0},{"not_picked":["Thinking Ahead","Phantasmal Killer"],"picked":"ReplayUltimateDefense","floor":6.0},{"not_picked":["ReplayTheSpireMod:From All Sides","Storm of Steel"],"picked":"infinitespire:Neurotoxin","floor":8.0},{"not_picked":["ReplayTheSpireMod:From All Sides","Doppelganger+1"],"picked":"Magnetism","floor":10.0},{"not_picked":["Wraith Form v2","Venomology+1"],"picked":"Poisoned Strike","floor":13.0},{"not_picked":["Atom Bomb","Violence+1"],"picked":"Sadistic Nature","floor":16.0},{"not_picked":["Replay:Sssssssssstrike+1","Sucker Punch"],"picked":"Deadly Poison+1","floor":18.0},{"not_picked":["Riddle With Holes+1","PiercingWail+1"],"picked":"Madness+1","floor":21.0},{"not_picked":["Impatience+1","Mind Blast+1"],"picked":"Hidden Blade+1","floor":22.0},{"not_picked":["Mayhem","ReplayTheSpireMod:Necrogeddon"],"picked":"Replay:Dark Deal+1","floor":23.0},{"not_picked":["Apotheosis+1","ReplayTheSpireMod:From All Sides"],"picked":"Venomology+1","floor":24.0},{"not_picked":["Apotheosis+1","Sadistic Nature"],"picked":"Corpse Explosion+1","floor":25.0},{"not_picked":["Die Die Die","Envenom"],"picked":"A Thousand Cuts","floor":27.0},{"not_picked":["Die Die Die","hubris:EnhanceAbility"],"picked":"Poison Darts+1","floor":28.0},{"not_picked":[],"picked":"Skewer","floor":29.0},{"not_picked":[],"picked":"Dagger Throw","floor":29.0},{"not_picked":[],"picked":"Storm of Steel+1","floor":29.0},{"not_picked":[],"picked":"Acrobatics+1","floor":29.0},{"not_picked":[],"picked":"Footwork","floor":29.0},{"not_picked":[],"picked":"vexMod:EmailVexCard","floor":29.0},{"not_picked":[],"picked":"Violence+1","floor":29.0},{"not_picked":["Storm of Steel+1","Phantasmal Killer+1"],"picked":"HandOfGreed","floor":31.0},{"not_picked":["Atom Bomb","Malaise+1"],"picked":"Replay:Dark Deal+1","floor":33.0},{"not_picked":["Dagger Throw+1","Poisoned Stab+1"],"picked":"Quick Slash+1","floor":35.0},{"not_picked":["Sucker Punch","Bane"],"picked":"Outmaneuver+1","floor":37.0},{"not_picked":["Backflip+1","Concentrate+1"],"picked":"Deadly Poison+1","floor":38},{"not_picked":["infinitespire:SealOfDarkness+","ReplayTheSpireMod:??????????????????????"],"picked":"hubris:Rewind","floor":38},{"not_picked":["Panache","hubris:EnhanceAbility"],"picked":"Metamorphosis+1","floor":41},{"not_picked":["hubris:EnhanceAbility","Storm of Steel+1"],"picked":"Doppelganger+1","floor":44},{"not_picked":["infinitespire:Neurotoxin+1","ReplayUltimateDefense"],"picked":"Secret Technique+1","floor":45},{"not_picked":["ReplayTheSpireMod:Necrosis+1","Magnetism"],"picked":"Adrenaline+1","floor":46},{"not_picked":["Night Terror+1","Glass Knife"],"picked":"Burst+1","floor":47},{"not_picked":["Flying Knee","PiercingWail+1"],"picked":"Blade Dance+1","floor":48},{"not_picked":["ReplayTheSpireMod:Necrosis+1","Atom Bomb"],"picked":"Corpse Explosion+1","floor":50}],"player_experience":32793,"relics_obtained":[{"floor":6.0,"key":"vexMod:RetaliationKit"},{"floor":8.0,"key":"Nunchaku"},{"floor":9.0,"key":"hubris:PeanutButter"},{"floor":10.0,"key":"Toxic Egg 2"},{"floor":13.0,"key":"Replay:Bottled Eggs"},{"floor":23.0,"key":"infinitespire:ShieldingShard"},{"floor":24.0,"key":"vexMod:CardConverter"},{"floor":25.0,"key":"Ancient Tea Set"},{"floor":26.0,"key":"Snack Pack"},{"floor":27.0,"key":"Replay:Multitool"},{"floor":28.0,"key":"hubris:BottledRain"},{"floor":29.0,"key":"vexMod:BarristanHead"},{"floor":29.0,"key":"Durian"},{"floor":29.0,"key":"vexMod:Dragonfruit"},{"floor":29.0,"key":"Replay:Kaleidoscope"},{"floor":31.0,"key":"Boot"},{"floor":36.0,"key":"Pen Nib"},{"floor":38,"key":"hubris:GlazedTorus"},{"floor":41,"key":"Strawberry"},{"floor":42,"key":"Du-Vu Doll"},{"floor":43,"key":"hubris:Metronome"},{"floor":44,"key":"hubris:ToyBattleship"},{"floor":45,"key":"ReplayFunnel"},{"floor":46,"key":"Dead Branch"},{"floor":47,"key":"Mirror"}],"event_choices":[{"damage_healed":0.0,"max_hp_gain":0.0,"max_hp_loss":0.0,"gold_gain":0.0,"event_name":"Match and Keep!","player_choice":"1 cards matched","floor":4.0,"gold_loss":0.0,"damage_taken":0.0,"cards_obtained":["vexMod:EmailVexCard"]},{"cards_removed":["Wraith Form v2"],"damage_healed":0.0,"max_hp_gain":0.0,"max_hp_loss":0.0,"gold_gain":0.0,"event_name":"NoteForYourself","player_choice":"Took Card","floor":19.0,"gold_loss":0.0,"damage_taken":0.0,"cards_obtained":["Iron Wave"]},{"damage_healed":0,"gold_gain":0,"player_choice":"Ignored","damage_taken":0,"max_hp_gain":0,"max_hp_loss":0,"event_name":"NoteForYourself","floor":38,"gold_loss":0}],"is_beta":false,"boss_relics":[{"not_picked":["ReplayTheSpireMod:SealedPack","Empty Cage"],"picked":"vexMod:ImprovementManual"},{"not_picked":["Kintsugi","Busted Crown"],"picked":"Snecko Eye"},{"not_picked":["Abe\u0027s Treasure","Fusion Hammer"],"picked":"Astrolabe"}],"items_purged_floors":[],"is_endless":true,"potions_floor_spawned":[5,10,18,24,28,38,38,44,46,50],"ascension_level":0}}