{"host":"f5ezd1v29dtbwkzo","time":1609245844,"event":{"mods":["2.2 Compatiblity","BaseMod","Hermit","Hubris","Infinite Spire","Minty Spire (QoL Compilation)","Rare Cards Sparkle","Replay The Spire","StSLib"],"gold_per_floor":[114,114,126,126,144,144,156,176,226,245,245,271,285,285,285,381,381,397,158,197,215,130,150,150],"floor_reached":23,"playtime":1150,"items_purged":[],"score":245,"play_id":"49ce501f-fdd3-45e5-b62d-8a4b524295d2","local_time":"20201229154404","is_ascension_mode":false,"campfire_choices":[{"data":"ReplayTheSpireMod:Strike From Hell","floor":6,"key":"SMITH"},{"floor":11,"key":"REST"},{"floor":15,"key":"REST"}],"circlet_count":0,"master_deck":["Strike_R","Strike_R","Strike_R","Strike_R","Strike_R","Defend_R","Defend_R","Defend_R","Defend_R","Bash","Regret","hermit:Covet","Demon Form","Replay:Sssssssssstrike","infinitespire:Fortify","Feed+1","ReplayTheSpireMod:Strike From Hell+1","Burning Pact","hubris:ReadiedAction","Dropkick","Headbutt","Pot Of Greed","Pot Of Greed","Double Tap","Jack Of All Trades","Thunderclap+1","Pot Of Greed"],"relics":["ReplayTheSpireMod:SealedPack","hubris:ToyBattleship","Happy Flower","Grinning Jar","hubris:Towel","Busted Crown","Replay:Bandana","Frozen Egg 2"],"acts_visited":["Exordium","TheCity"],"potions_floor_usage":[13,16,20,21,23,23],"damage_taken":[{"damage":6,"enemies":"Jaw Worm","floor":1,"turns":6},{"damage":0,"enemies":"2 Louse","floor":3,"turns":2},{"damage":2,"enemies":"Cultist","floor":5,"turns":3},{"damage":7,"enemies":"Blue Slaver","floor":7,"turns":3},{"damage":29,"enemies":"Large Slime","floor":8,"turns":5},{"damage":2,"enemies":"Lots of Slimes","floor":10,"turns":4},{"damage":19,"enemies":"Replay:BlueRogue","floor":12,"turns":7},{"damage":0,"enemies":"2 Fungi Beasts","floor":13,"turns":2},{"damage":53,"enemies":"Hexaghost","floor":16,"turns":7},{"damage":20,"enemies":"Shell Parasite","floor":18,"turns":4},{"damage":5,"enemies":"Spheric Guardian","floor":20,"turns":3},{"damage":32,"enemies":"Snake Plant","floor":21,"turns":6},{"damage":59,"enemies":"Nightmare","floor":23,"turns":6}],"seed_played":"1517805258775583943","potions_obtained":[{"floor":7,"key":"DuplicationPotion"},{"floor":10,"key":"Explosive Potion"},{"floor":12,"key":"Fire Potion"},{"floor":13,"key":"Ancient Potion"},{"floor":16,"key":"ElixirPotion"},{"floor":21,"key":"ColorlessPotion"}],"is_trial":false,"path_per_floor":["M","?","M","?","M","R","M","M","T","M","R","E","M","?","R","B",null,"M","$","M","M","?","NM"],"character_chosen":"IRONCLAD","items_purchased":["Replay:Bandana","Jack Of All Trades"],"campfire_rested":2,"item_purchase_floors":[19,19],"current_hp_per_floor":[74,74,78,78,80,80,77,48,48,50,78,59,63,63,93,44,104,88,88,87,59,59,0,0],"gold":150,"neow_bonus":"BOSS_RELIC","is_daily":false,"chose_seed":false,"campfire_upgraded":1,"win_rate":0.0,"timestamp":1609245844,"path_taken":["M","?","M","?","M","R","M","M","T","?","R","E","M","?","R","BOSS","M","$","M","M","?","NM"],"items_purchased_type":["Relic","Card"],"build_version":"2020-12-22","purchased_purges":0,"victory":false,"max_hp_per_floor":[80,80,84,84,88,88,92,92,92,96,96,96,100,100,100,104,104,108,108,112,116,116,116,116],"card_choices":[{"not_picked":["hubris:MerchantsHand","Neutralize"],"picked":"hermit:Covet","floor":0},{"not_picked":["Demonic Infusion","Hemogenesis"],"picked":"Demon Form","floor":0},{"not_picked":["Dramatic Entrance","Panacea"],"picked":"Replay:Sssssssssstrike","floor":0},{"not_picked":["infinitespire:Menacing","infinitespire:UltimateForm"],"picked":"infinitespire:Fortify","floor":0},{"not_picked":["True Grit","Rage"],"picked":"Feed","floor":1},{"not_picked":["Pommel Strike","Clothesline"],"picked":"ReplayTheSpireMod:Strike From Hell","floor":3},{"not_picked":["Second Wind","Infernal Blade"],"picked":"Burning Pact","floor":5},{"not_picked":["Havoc","Dark Embrace"],"picked":"hubris:ReadiedAction","floor":7},{"not_picked":["Body Slam","ReplayTheSpireMod:LeadingStrike"],"picked":"Dropkick","floor":8},{"not_picked":["Iron Wave","Clothesline"],"picked":"Headbutt","floor":10},{"not_picked":["Burning Pact","Feel No Pain","Fiend Fire"],"picked":"SKIP","floor":12},{"not_picked":["hubris:ReadiedAction","Sword Boomerang","Battle Trance"],"picked":"SKIP","floor":13},{"not_picked":["Replay:Many Hands","Hemogenesis"],"picked":"Double Tap","floor":16},{"not_picked":["Second Wind"],"picked":"SKIP","floor":18},{"not_picked":["Run Through"],"picked":"SKIP","floor":20},{"not_picked":[],"picked":"Thunderclap+1","floor":21}],"player_experience":314818,"relics_obtained":[{"floor":4,"key":"hubris:ToyBattleship"},{"floor":9,"key":"Happy Flower"},{"floor":12,"key":"Grinning Jar"}],"event_choices":[{"damage_healed":0,"gold_gain":0,"player_choice":"Obtained Relic","damage_taken":0,"relics_obtained":["Frozen Egg 2"],"max_hp_gain":0,"max_hp_loss":0,"event_name":"Addict","floor":22,"gold_loss":85}],"is_beta":false,"boss_relics":[{"not_picked":["Mark of Pain","Electric Blood"],"picked":"Busted Crown"}],"items_purged_floors":[],"is_endless":false,"potions_floor_spawned":[7,10,12,13,16,21],"killed_by":"Nightmare","ascension_level":0}}