{"host":"svwqvw2il1zfkkg0","time":1609226669,"event":{"mods":["AchievementEnabler","BaseMod","BetterRewards","Colored Map","Colored Powertips","Custom Start","Downfall","GifTheSpireLib","Highlight Path","Hubris","Infinite Spire","Minty Spire (QoL Compilation)","Quick Restart","Replay The Spire","Shop Mod","StSLib","SuperFastMode"],"gold_per_floor":[217,228,245,10,10,40,96,96,96,112,112,132,132,165,165,268,268,285,245,255,54,65,65,85,101,101,101,200,212,212,212,212,212,212],"floor_reached":33,"playtime":1290,"items_purged":[],"score":257,"play_id":"f0bd38d5-7c34-4a50-bda3-ad17bd0b97bb","local_time":"20201228232429","is_ascension_mode":false,"campfire_choices":[{"floor":8,"key":"REST"},{"data":"Dagger Spray","floor":11,"key":"SMITH"},{"floor":13,"key":"REST"},{"data":"All Out Attack","floor":15,"key":"SMITH"},{"data":"Backstab","floor":23,"key":"SMITH"},{"data":"Die Die Die","floor":30,"key":"SMITH"},{"floor":32,"key":"REST"}],"circlet_count":0,"master_deck":["Strike_G","Strike_G","Strike_G","Strike_G","Strike_G","Defend_G","Defend_G","Defend_G+1","Defend_G+1","Defend_G","Survivor","Neutralize","All Out Attack+1","Poisoned Stab","Sucker Punch","Toxin Wave","Flying Knee","Sucker Punch+1","Masterful Stab","Dagger Spray+1","Crippling Poison","Burst","Backstab+1","Dagger Spray","Noxious Fumes","Replay:Poison Smokescreen","Decay","Die Die Die+1","Die Die Die+1"],"relics":["Ring of the Snake","Pet Ghost","Ninja Scroll","hubris:BottledRain","Chameleon Ring","Replay:Baseball","SacredBark","TwistedFunnel","Replay:Accelerometer"],"acts_visited":["Exordium","TheCity"],"potions_floor_usage":[6,14,16,22,24,33],"damage_taken":[{"damage":0,"enemies":"Jaw Worm","floor":1,"turns":4},{"damage":2,"enemies":"Small Slimes","floor":2,"turns":3},{"damage":0,"enemies":"2 Louse","floor":3,"turns":3},{"damage":19,"enemies":"Gremlin Nob","floor":6,"turns":4},{"damage":17,"enemies":"3 Sentries","floor":7,"turns":5},{"damage":1,"enemies":"Red Slaver","floor":10,"turns":3},{"damage":4,"enemies":"Blue Slaver","floor":12,"turns":2},{"damage":13,"enemies":"Lagavulin","floor":14,"turns":3},{"damage":34,"enemies":"Fading Forest","floor":16,"turns":11},{"damage":3,"enemies":"Chosen","floor":18,"turns":4},{"damage":2,"enemies":"3 Byrds","floor":20,"turns":4},{"damage":0,"enemies":"Sentry and Sphere","floor":22,"turns":2},{"damage":0,"enemies":"Cultist and Chosen","floor":24,"turns":4},{"damage":10,"enemies":"Chosen and Byrds","floor":25,"turns":4},{"damage":9,"enemies":"Snake Plant","floor":29,"turns":3},{"damage":62,"enemies":"Automaton","floor":33,"turns":12}],"seed_played":"2499421251418375293","potions_obtained":[{"floor":1,"key":"GamblersBrew"},{"floor":7,"key":"champ:CounterPotion"},{"floor":14,"key":"Dexterity Potion"},{"floor":22,"key":"Swift Potion"},{"floor":24,"key":"SpeedPotion"},{"floor":29,"key":"Elixir"}],"is_trial":false,"path_per_floor":["M","M","M","$","?","E","?","R","T","M","R","M","R","E","R","B",null,"M","?","M","$","M","R","M","M","T","?","?","M","R","?","R","B"],"character_chosen":"THE_SILENT","items_purchased":["Pet Ghost","Toxin Wave","Flying Knee","TwistedFunnel","Poison Potion"],"campfire_rested":3,"item_purchase_floors":[4,4,4,21,21],"current_hp_per_floor":[70,68,68,68,68,49,32,53,53,52,52,48,69,56,56,32,70,67,67,65,65,65,65,65,55,55,55,55,46,46,46,67,5,5],"gold":212,"neow_bonus":"HUNDRED_GOLD","is_daily":false,"chose_seed":false,"campfire_upgraded":4,"win_rate":0.0,"timestamp":1609226669,"path_taken":["M","M","M","$","?","E","?","R","T","M","R","M","R","E","R","BOSS","M","?","M","$","?","R","M","M","T","?","?","?","R","?","R","BOSS"],"items_purchased_type":["Relic","Card","Card","Relic","Potion"],"build_version":"2020-12-22","purchased_purges":0,"victory":false,"max_hp_per_floor":[70,70,70,70,70,70,70,70,70,70,70,70,70,70,70,70,70,70,70,70,70,70,70,70,70,70,70,70,70,70,70,70,70,70],"card_choices":[{"not_picked":["Hidden Blade","Quick Slash"],"picked":"All Out Attack","floor":1},{"not_picked":["hubris:SlightOfHand","Underhanded Strike"],"picked":"Poisoned Stab","floor":2},{"not_picked":["hubris:SlightOfHand","PiercingWail"],"picked":"Sucker Punch","floor":3},{"not_picked":["hubris:TrickCloak","Infinite Blades"],"picked":"Sucker Punch","floor":6},{"not_picked":["Dagger Throw","Poisoned Stab"],"picked":"Masterful Stab","floor":7},{"not_picked":["Endless Agony","Deflect"],"picked":"Dagger Spray","floor":10},{"not_picked":["Choke","Slice"],"picked":"Crippling Poison","floor":12},{"not_picked":["Eviscerate","Slice","Caltrops"],"picked":"SKIP","floor":14},{"not_picked":["Storm of Steel","Malaise"],"picked":"Burst","floor":16},{"not_picked":["Bane","Outmaneuver"],"picked":"Backstab","floor":18},{"not_picked":["Blade Dance","Backflip+1"],"picked":"Dagger Spray","floor":20},{"not_picked":["hubris:Sniper","Quick Slash"],"picked":"Noxious Fumes","floor":22},{"not_picked":["Acrobatics","Deflect+1","Dagger Throw"],"picked":"SKIP","floor":24},{"not_picked":["Dodge and Roll","Noxious Fumes"],"picked":"Replay:Poison Smokescreen","floor":25},{"not_picked":["Prepared+1","PiercingWail+1"],"picked":"Die Die Die","floor":29}],"player_experience":434987,"relics_obtained":[{"floor":6,"key":"Ninja Scroll"},{"floor":9,"key":"Chameleon Ring"},{"floor":14,"key":"Replay:Baseball"},{"floor":26,"key":"Replay:Accelerometer"}],"event_choices":[{"damage_healed":0,"gold_gain":30,"player_choice":"Searched \u00273\u0027 times","damage_taken":0,"relics_obtained":["hubris:BottledRain"],"max_hp_gain":0,"max_hp_loss":0,"event_name":"Dead Adventurer","floor":7,"gold_loss":0},{"damage_healed":0,"gold_gain":0,"player_choice":"Upgraded Two","damage_taken":0,"max_hp_gain":0,"max_hp_loss":0,"event_name":"Designer","floor":19,"gold_loss":40,"cards_upgraded":["Sucker Punch","Defend_G"]},{"damage_healed":0,"gold_gain":0,"player_choice":"Smashed Altar","damage_taken":0,"max_hp_gain":0,"max_hp_loss":0,"event_name":"Forgotten Altar","floor":27,"gold_loss":0,"cards_obtained":["Decay"]},{"damage_healed":0,"gold_gain":99,"player_choice":"Stole From Cult","damage_taken":0,"max_hp_gain":0,"max_hp_loss":0,"event_name":"Nest","floor":28,"gold_loss":0},{"damage_healed":0,"gold_gain":0,"player_choice":"Copied","damage_taken":0,"max_hp_gain":0,"max_hp_loss":0,"event_name":"Duplicator","floor":31,"gold_loss":0,"cards_obtained":["Die Die Die"]}],"is_beta":false,"boss_relics":[{"not_picked":["Snecko Eye","ReplayTheSpireMod:SealedPack"],"picked":"SacredBark"}],"items_purged_floors":[],"is_endless":false,"potions_floor_spawned":[1,7,14,22,24,29],"killed_by":"Automaton","ascension_level":0}}