{"host":"qc268ltokmxwqyrx","time":1609206239,"event":{"mods":["BaseMod","Colored Map","Colored Powertips","Minty Spire (QoL Compilation)","Relic Stats","Slay the Relics Exporter","StSLib","ojb\u0027s Info Mod"],"gold_per_floor":[115,135,148,167,183,213,213,183,236,248,273,285,285,305,305,380,380,398,398,15,31,50,50,65,65,65],"floor_reached":25,"playtime":1017,"items_purged":["Strike_G"],"score":638,"play_id":"59a0cc72-7642-4532-9ca1-7db74e6938d5","local_time":"20201228194359","is_ascension_mode":true,"campfire_choices":[{"floor":7,"key":"REST"},{"data":"Bouncing Flask","floor":15,"key":"SMITH"},{"data":"Skewer","floor":23,"key":"SMITH"}],"circlet_count":0,"master_deck":["AscendersBane","Strike_G","Strike_G","Strike_G","Strike_G","Defend_G","Defend_G","Defend_G","Defend_G","Defend_G","Survivor","Neutralize","Blade Dance","Skewer+1","PiercingWail","Poisoned Stab","Flying Knee","All Out Attack","Bouncing Flask+1","Die Die Die","Dagger Throw","Acrobatics","Leg Sweep","Skewer","Reflex+1"],"relics":["Ring of the Snake","Akabeko","Snake Skull","Lantern","Eternal Feather","Coffee Dripper","Chemical X"],"acts_visited":["TheCity"],"potions_floor_usage":[6,21,22,25],"damage_taken":[{"damage":1,"enemies":"Small Slimes","floor":1,"turns":4},{"damage":0,"enemies":"Cultist","floor":2,"turns":4},{"damage":0,"enemies":"2 Louse","floor":3,"turns":2},{"damage":9,"enemies":"Large Slime","floor":4,"turns":8},{"damage":6,"enemies":"3 Louse","floor":5,"turns":3},{"damage":25,"enemies":"Lagavulin","floor":6,"turns":7},{"damage":4,"enemies":"Blue Slaver","floor":10,"turns":3},{"damage":21,"enemies":"Gremlin Nob","floor":11,"turns":4},{"damage":12,"enemies":"Red Slaver","floor":12,"turns":5},{"damage":0,"enemies":"Exordium Wildlife","floor":14,"turns":1},{"damage":10,"enemies":"Hexaghost","floor":16,"turns":8},{"damage":26,"enemies":"Shell Parasite","floor":18,"turns":5},{"damage":0,"enemies":"Spheric Guardian","floor":21,"turns":4},{"damage":0,"enemies":"Shelled Parasite and Fungi","floor":22,"turns":4},{"damage":0,"enemies":"Cultist and Chosen","floor":24,"turns":3},{"damage":27,"enemies":"Slavers","floor":25,"turns":4}],"seed_played":"-1663574790679351898","potions_obtained":[{"floor":4,"key":"Energy Potion"},{"floor":6,"key":"GhostInAJar"},{"floor":8,"key":"FairyPotion"},{"floor":12,"key":"Fire Potion"},{"floor":22,"key":"DuplicationPotion"}],"is_trial":false,"path_per_floor":["M","M","M","M","M","E","R","?","T","M","E","M","?","M","R","B",null,"M","?","$","M","M","R","M","E"],"character_chosen":"THE_SILENT","items_purchased":["Chemical X","Acrobatics","Leg Sweep"],"campfire_rested":1,"item_purchase_floors":[20,20,20],"current_hp_per_floor":[58,58,58,49,43,18,37,37,37,33,12,19,19,19,31,21,55,29,11,11,11,11,23,23,0,0],"gold":65,"neow_bonus":"RANDOM_COMMON_RELIC","is_daily":false,"chose_seed":false,"campfire_upgraded":2,"win_rate":0.0,"timestamp":1609206239,"path_taken":["M","M","M","M","M","E","R","?","T","?","E","M","?","M","R","BOSS","M","?","$","M","M","R","M","E"],"items_purchased_type":["Relic","Card","Card"],"build_version":"2020-12-22","purchased_purges":1,"victory":false,"max_hp_per_floor":[66,66,66,66,66,66,66,66,66,66,66,66,66,66,66,66,66,66,71,71,71,71,71,71,71,71],"relic_stats":{"counters":[16,69],"Eternal Feather":24,"Snake Skull":[27],"Chemical X":[7],"obtain_stats":[{"Lantern":9,"Eternal Feather":11,"Snake Skull":6,"Coffee Dripper":17,"Chemical X":20,"Akabeko":0,"Ring of the Snake":0},{"Lantern":6,"Eternal Feather":8,"Snake Skull":6,"Coffee Dripper":11,"Chemical X":12,"Akabeko":0,"Ring of the Snake":0},{"Lantern":28,"Eternal Feather":35,"Snake Skull":28,"Coffee Dripper":49,"Chemical X":54,"Akabeko":0,"Ring of the Snake":0}],"Ring of the Snake":[32]},"card_choices":[{"not_picked":["Dagger Throw","Prepared"],"picked":"Blade Dance","floor":1},{"not_picked":["Blade Dance","Heel Hook"],"picked":"Skewer","floor":2},{"not_picked":["Deadly Poison","Terror"],"picked":"PiercingWail","floor":3},{"not_picked":["Backflip","Deadly Poison"],"picked":"Poisoned Stab","floor":4},{"not_picked":["Doppelganger","Deflect"],"picked":"Flying Knee","floor":5},{"not_picked":["Underhanded Strike","Dodge and Roll","Poisoned Stab"],"picked":"SKIP","floor":6},{"not_picked":["Sucker Punch","Cloak And Dagger"],"picked":"All Out Attack","floor":10},{"not_picked":["Eviscerate","Choke"],"picked":"Bouncing Flask","floor":11},{"not_picked":["Heel Hook","Flechettes","Bane"],"picked":"SKIP","floor":12},{"not_picked":["Terror","Deadly Poison","Dodge and Roll"],"picked":"SKIP","floor":14},{"not_picked":["Envenom","Venomology"],"picked":"Die Die Die","floor":16},{"not_picked":["Cloak And Dagger","Sucker Punch"],"picked":"Dagger Throw","floor":18},{"not_picked":["Sucker Punch","Concentrate","Dodge and Roll"],"picked":"SKIP","floor":21},{"not_picked":["Setup","Tactician"],"picked":"Skewer","floor":22},{"not_picked":["Quick Slash","Cloak And Dagger"],"picked":"Reflex+1","floor":24}],"player_experience":1744829,"relics_obtained":[{"floor":6,"key":"Snake Skull"},{"floor":9,"key":"Lantern"},{"floor":11,"key":"Eternal Feather"}],"event_choices":[{"damage_healed":0,"gold_gain":0,"player_choice":"Bought 2 Potions","damage_taken":0,"max_hp_gain":0,"max_hp_loss":0,"event_name":"The Woman in Blue","floor":8,"gold_loss":0},{"damage_healed":0,"gold_gain":0,"player_choice":"Ignored","damage_taken":0,"max_hp_gain":0,"max_hp_loss":0,"event_name":"Liars Game","floor":13,"gold_loss":0},{"damage_healed":0,"gold_gain":0,"player_choice":"Shed Blood","damage_taken":23,"max_hp_gain":5,"max_hp_loss":0,"event_name":"Forgotten Altar","floor":19,"gold_loss":0}],"is_beta":false,"boss_relics":[{"not_picked":["Ectoplasm","SacredBark"],"picked":"Coffee Dripper"}],"items_purged_floors":[20],"is_endless":false,"potions_floor_spawned":[4,6,10,12,22],"killed_by":"Slavers","ascension_level":20}}