{"host":"hfxp6ue4pvwo3fit","time":1609245274,"event":{"mods":["AchievementEnabler","BaseMod","Colored Map","Colored Powertips","Highlight Path","HololiveMod","Minty Spire (QoL Compilation)","StSLib","SuperFastMode"],"gold_per_floor":[76,76,126,139,157,157,186,198,233,276,288,300,325,349,361,453,465,493,505,533,562,589,640,652,694,732,744,620,636,636,672,672,752,752,773,560,572,572,302,318,318,353,376,376,393,393,393,393],"floor_reached":47,"playtime":1413,"items_purged":["Hololive_Strike","Hololive_CallTokoyamiTowa"],"score":1546,"play_id":"0ca70d63-b660-4da2-89d7-78f17a50ac8f","local_time":"20201229063434","is_ascension_mode":true,"campfire_choices":[{"data":"Hololive_CallNakiriAyame","floor":6,"key":"SMITH"},{"data":"Hololive_Rebirth","floor":11,"key":"SMITH"},{"data":"Hololive_CocoNews","floor":15,"key":"SMITH"},{"data":"Hololive_DDD","floor":24,"key":"SMITH"},{"data":"Hololive_Breathe","floor":30,"key":"SMITH"},{"data":"Hololive_StrengthChampion+1","floor":32,"key":"SMITH"},{"data":"Hololive_StrengthChampion+2","floor":41,"key":"SMITH"},{"data":"Hololive_CallSpadeEcho","floor":46,"key":"PURGE"}],"circlet_count":0,"master_deck":["AscendersBane","Hololive_Defend","Hololive_Defend","Hololive_FlyingPonyTail","Hololive_CallTokoyamiTowa","Hololive_CallHoushouMarine+1","Hololive_CallAkaiHaato","Hololive_CallNakiriAyame+1","Hololive_Rebirth+1","Hololive_CocoNews+1","Hololive_DDD+1","Hololive_StrengthChampion+3","Hololive_Breathe+1","Hololive_CallMurasakiShion","Hololive_AWSL","Hololive_Thief","Hololive_Drill","Hololive_Drill","Hololive_CocoNews"],"relics":["Hololive_TheStar","MawBank","Ancient Tea Set","Pantograph","Sozu","Vajra","Smiling Mask","Hololive_FriedShrimpLion","Bronze Scales","Hololive_Finger","Oddly Smooth Stone","TheAbacus","Peace Pipe","Happy Flower"],"acts_visited":["Exordium","TheCity","TheBeyond"],"potions_floor_usage":[16],"damage_taken":[{"damage":0,"enemies":"Small Slimes","floor":1,"turns":4},{"damage":0,"enemies":"2 Louse","floor":4,"turns":3},{"damage":0,"enemies":"Cultist","floor":5,"turns":3},{"damage":0,"enemies":"Lagavulin","floor":7,"turns":4},{"damage":0,"enemies":"Gremlin Nob","floor":10,"turns":3},{"damage":0,"enemies":"Large Slime","floor":13,"turns":3},{"damage":5,"enemies":"3 Louse","floor":14,"turns":3},{"damage":0,"enemies":"Slime Boss","floor":16,"turns":3},{"damage":0,"enemies":"Spheric Guardian","floor":18,"turns":3},{"damage":0,"enemies":"Shell Parasite","floor":20,"turns":3},{"damage":0,"enemies":"Sentry and Sphere","floor":21,"turns":3},{"damage":0,"enemies":"Cultist and Chosen","floor":22,"turns":4},{"damage":0,"enemies":"Gremlin Leader","floor":23,"turns":7},{"damage":0,"enemies":"Book of Stabbing","floor":25,"turns":4},{"damage":0,"enemies":"Chosen and Byrds","floor":29,"turns":3},{"damage":0,"enemies":"Slavers","floor":31,"turns":5},{"damage":0,"enemies":"Champ","floor":33,"turns":5},{"damage":0,"enemies":"3 Darklings","floor":35,"turns":4},{"damage":0,"enemies":"Orb Walker","floor":37,"turns":2},{"damage":12,"enemies":"4 Shapes","floor":40,"turns":3},{"damage":0,"enemies":"Giant Head","floor":42,"turns":4},{"damage":0,"enemies":"Maw","floor":45,"turns":5},{"damage":26,"enemies":"Reptomancer","floor":47,"turns":2}],"seed_played":"-7888067172073612405","potions_obtained":[{"floor":1,"key":"LiquidMemories"},{"floor":4,"key":"Regen Potion"}],"is_trial":false,"path_per_floor":["M","?","?","M","M","R","E","?","T","E","R","?","M","M","R","B",null,"M","?","M","M","M","E","R","E","T","?","$","M","R","E","R","B",null,"M","$","M","?","$","M","R","E","T","?","M","R","E"],"character_chosen":"Hololive_HololiveCharacter","items_purchased":["Hololive_CallMurasakiShion","Hololive_Drill","Oddly Smooth Stone","Hololive_CocoNews","TheAbacus"],"campfire_rested":0,"item_purchase_floors":[28,36,36,39,39],"current_hp_per_floor":[21,21,18,18,18,18,18,18,18,18,18,7,7,2,2,30,30,30,30,30,30,30,30,30,30,30,24,24,24,24,24,24,31,31,32,32,33,33,33,22,22,23,23,23,24,24,0,0],"gold":393,"neow_bonus":"REMOVE_TWO","is_daily":false,"chose_seed":false,"campfire_upgraded":7,"win_rate":0.0,"timestamp":1609245274,"path_taken":["M","?","?","?","M","R","E","?","T","E","R","?","M","M","R","BOSS","M","?","?","M","M","E","R","E","T","?","$","M","R","E","R","BOSS","M","$","M","?","$","M","R","E","T","?","M","R","E"],"items_purchased_type":["Card","Card","Relic","Card","Relic"],"build_version":"2020-12-22","purchased_purges":2,"victory":false,"max_hp_per_floor":[30,30,30,30,30,30,30,30,30,30,30,30,30,30,30,30,30,30,30,30,30,30,30,30,30,30,30,30,30,30,30,30,31,31,32,32,33,33,33,34,34,35,35,35,36,36,37,37],"card_choices":[{"not_picked":["Hololive_CallRosalyn","Hololive_Watashimo","Hololive_StrengthChampion"],"picked":"Hololive_CallTokoyamiTowa","floor":1},{"not_picked":["Hololive_StrengthChampion","Hololive_CocoNews","Hololive_Breathe"],"picked":"Hololive_CallNakiriAyame","floor":4},{"not_picked":["Hololive_LuckPotion","Hololive_CallKiryuuCoco","Hololive_Drill","Hololive_FlyingPonyTail"],"picked":"SKIP","floor":5},{"not_picked":["Hololive_CallShiranuiFlare","Hololive_CallAmaneKanata","Hololive_CallMinatoAqua"],"picked":"Hololive_CallSpadeEcho","floor":7},{"not_picked":["Hololive_Psychosis","Hololive_CallSpadeEcho","Hololive_CallRoboco"],"picked":"Hololive_Rebirth","floor":10},{"not_picked":["Hololive_FlyingPonyTail","Hololive_Drill","Hololive_CallYuzukiChoco"],"picked":"Hololive_CocoNews","floor":13},{"not_picked":["Hololive_RevenueBasedLive","Hololive_HuntDinosaur","Hololive_CallYukihanaLamy","Hololive_Psychosis"],"picked":"SKIP","floor":14},{"not_picked":["Hololive_DiamondStrike","Hololive_Nanodesu","Hololive_DurableLive"],"picked":"Hololive_DDD","floor":16},{"not_picked":["Hololive_Drill","Hololive_CallMinatoAqua+1","Hololive_OvertimeWork","Hololive_SummonFox"],"picked":"SKIP","floor":18},{"not_picked":["Hololive_CallYuzukiChoco","Hololive_CallSpadeEcho","Hololive_CallShishiroBotan","Hololive_FlyingPonyTail+1"],"picked":"SKIP","floor":20},{"not_picked":["Hololive_CocoNews","Hololive_HuntDinosaur","Hololive_Trident"],"picked":"Hololive_StrengthChampion+1","floor":21},{"not_picked":["Hololive_Drill","Hololive_Breathe","Hololive_CallYuzukiChoco","Hololive_CallArtia"],"picked":"SKIP","floor":22},{"not_picked":["Hololive_Drill","Hololive_CallYukihanaLamy","Hololive_HuntDinosaur","Hololive_CallArtia"],"picked":"SKIP","floor":23},{"not_picked":["Hololive_OvertimeWork","Hololive_CallArtia","Hololive_Psychosis"],"picked":"Hololive_Breathe","floor":25},{"not_picked":["Hololive_Psychosis","Hololive_CallYuzukiChoco","Hololive_FlyingPonyTail+1","Hololive_Sequa"],"picked":"SKIP","floor":29},{"not_picked":["Hololive_CallHimemoriLuna+1","Hololive_Rebound","Hololive_CallOmaruPolka"],"picked":"Hololive_AWSL","floor":31},{"not_picked":["Hololive_Recruit","Hololive_AWSL","Hololive_FlareMind"],"picked":"Hololive_Thief","floor":33},{"not_picked":["Hololive_CallSpadeEcho","Hololive_StrengthChampion","Hololive_Psychosis","Hololive_Sequa"],"picked":"SKIP","floor":35},{"not_picked":["Hololive_Sequa","Hololive_CallHimemoriLuna","Hololive_Trident"],"picked":"Hololive_Drill","floor":37},{"not_picked":["Hololive_Trident","Hololive_RevenueBasedLive","Hololive_CallNekomataOkayu+1","Hololive_CallAyundaRisu+1"],"picked":"SKIP","floor":40},{"not_picked":["Hololive_HuntDinosaur","Hololive_CocoNews","Hololive_FlyingPonyTail","Hololive_LuckPotion"],"picked":"SKIP","floor":42},{"not_picked":["Hololive_HuntDinosaur","Hololive_CallSakuraMiko","Hololive_Drill","Hololive_RevenueBasedLive"],"picked":"SKIP","floor":45}],"player_experience":513408,"relics_obtained":[{"floor":7,"key":"MawBank"},{"floor":9,"key":"Ancient Tea Set"},{"floor":10,"key":"Pantograph"},{"floor":23,"key":"Vajra"},{"floor":25,"key":"Smiling Mask"},{"floor":26,"key":"Hololive_FriedShrimpLion"},{"floor":31,"key":"Bronze Scales"},{"floor":42,"key":"Peace Pipe"},{"floor":43,"key":"Happy Flower"}],"event_choices":[{"damage_healed":0,"gold_gain":0,"player_choice":"Grow","damage_taken":0,"max_hp_gain":0,"max_hp_loss":0,"event_name":"Living Wall","floor":2,"gold_loss":0,"cards_upgraded":["Hololive_CallHoushouMarine"]},{"damage_healed":0,"gold_gain":50,"player_choice":"Touch","damage_taken":3,"max_hp_gain":0,"max_hp_loss":0,"event_name":"FaceTrader","floor":3,"gold_loss":0},{"damage_healed":0,"gold_gain":0,"player_choice":"Ignored","damage_taken":0,"max_hp_gain":0,"max_hp_loss":0,"event_name":"Liars Game","floor":8,"gold_loss":0},{"damage_healed":0,"gold_gain":0,"player_choice":"Fled","damage_taken":11,"max_hp_gain":0,"max_hp_loss":0,"event_name":"Scrap Ooze","floor":12,"gold_loss":0},{"damage_healed":0,"gold_gain":0,"cards_transformed":["Hololive_Strike"],"player_choice":"Transformed","damage_taken":0,"max_hp_gain":0,"max_hp_loss":0,"event_name":"Transmorgrifier","floor":19,"gold_loss":0,"cards_obtained":["Hololive_Sequa"]},{"damage_healed":0,"gold_gain":0,"player_choice":"","damage_taken":6,"max_hp_gain":0,"max_hp_loss":0,"event_name":"Knowing Skull","floor":27,"potions_obtained":[],"gold_loss":0,"cards_obtained":[]},{"damage_healed":0,"gold_gain":0,"player_choice":"Ignored","damage_taken":0,"max_hp_gain":0,"max_hp_loss":0,"event_name":"Tomb of Lord Red Mask","floor":38,"gold_loss":0},{"cards_removed":["Hololive_Sequa"],"damage_healed":0,"gold_gain":0,"player_choice":"Purged","damage_taken":0,"max_hp_gain":0,"max_hp_loss":0,"event_name":"Purifier","floor":44,"gold_loss":0}],"is_beta":false,"boss_relics":[{"not_picked":["Hololive_TopUpMoneyS","Cursed Key"],"picked":"Sozu"},{"not_picked":["Philosopher\u0027s Stone","SacredBark"],"picked":"Hololive_Finger"}],"items_purged_floors":[28,39],"is_endless":false,"potions_floor_spawned":[1,4,10,14,18,20,22,29,35,42],"killed_by":"Reptomancer","ascension_level":20}}