{"host":"78zdngn0u28jm0pp","time":1609280492,"event":{"mods":["BaseMod","Jorbs\u0027s Wanderer Trilogy","Minty Spire (QoL Compilation)","Permanent Neow","Quick Restart","Relic Stats","StSLib","Unceasing Turn Reminder"],"gold_per_floor":[10,10,10,10,21,21,38,65,88,10,10,30,40,71,71,143,143,157,171,3,3,3],"floor_reached":21,"playtime":891,"items_purged":[],"score":378,"play_id":"d2ed7495-0742-49cd-be40-a2eba40ee5c1","local_time":"20201229152132","is_ascension_mode":true,"campfire_choices":[{"data":"Cloak And Dagger","floor":6.0,"key":"SMITH"},{"floor":11.0,"key":"REST"},{"floor":15.0,"key":"REST"}],"circlet_count":0,"master_deck":["AscendersBane","Strike_G","Strike_G","Strike_G","Strike_G","Strike_G","Defend_G+1","Defend_G","Defend_G","Defend_G","Defend_G","Survivor","Neutralize","A Thousand Cuts+1","Finisher+1","Cloak And Dagger+1","Leg Sweep","Quick Slash","Crippling Poison","Adrenaline","Deflect","Tools of the Trade","CurseOfTheBell","Dagger Spray","Escape Plan+1","Burst"],"relics":["Ring of the Snake","Juzu Bracelet","Toy Ornithopter","Blue Candle","InkBottle","Calling Bell","Nunchaku","Pantograph"],"acts_visited":["Exordium","TheCity"],"potions_floor_usage":[16],"damage_taken":[{"damage":4.0,"enemies":"Jaw Worm","floor":1.0,"turns":8.0},{"damage":0.0,"enemies":"2 Louse","floor":5.0,"turns":3.0},{"damage":9.0,"enemies":"Small Slimes","floor":7.0,"turns":3.0},{"damage":6.0,"enemies":"Lagavulin","floor":8.0,"turns":7.0},{"damage":4.0,"enemies":"Red Slaver","floor":12.0,"turns":5.0},{"damage":0.0,"enemies":"Looter","floor":13.0,"turns":4.0},{"damage":13.0,"enemies":"3 Sentries","floor":14.0,"turns":6.0},{"damage":45,"enemies":"Slime Boss","floor":16,"turns":11},{"damage":13,"enemies":"2 Thieves","floor":18,"turns":5},{"damage":26,"enemies":"Chosen","floor":19,"turns":5},{"damage":13,"enemies":"Snake Plant","floor":21,"turns":4}],"seed_played":"-6029084136265898749","potions_obtained":[{"floor":1.0,"key":"DuplicationPotion"},{"floor":7.0,"key":"Weak Potion"},{"floor":8.0,"key":"SkillPotion"}],"is_trial":false,"path_per_floor":["M","?","?","$","M","R","M","E","T","?","R","M","M","E","R","B",null,"M","M","$","M"],"character_chosen":"THE_SILENT","items_purchased":["Burst"],"campfire_rested":2,"item_purchase_floors":[20],"current_hp_per_floor":[55,55,35,35,35,35,26,20,20,20,39,40,40,27,46,6,51,38,12,12,0,0],"gold":3,"neow_bonus":"THREE_RARE_CARDS","is_daily":false,"chose_seed":false,"campfire_upgraded":1,"win_rate":0.0,"timestamp":1609280492,"path_taken":["M","?","?","?","M","R","M","E","T","?","R","M","M","E","R","BOSS","M","M","$","M"],"items_purchased_type":["Card"],"build_version":"2020-12-22","purchased_purges":0,"victory":false,"max_hp_per_floor":[66,66,66,66,66,66,66,66,66,66,66,66,66,66,66,66,66,66,66,66,66,66],"relic_stats":{"Nunchaku":[2],"counters":[11,61],"Blue Candle":[0],"Pantograph":0,"Juzu Bracelet":0,"obtain_stats":[{"Calling Bell":17,"Nunchaku":17,"Blue Candle":10,"Pantograph":17,"Juzu Bracelet":8,"Toy Ornithopter":9,"InkBottle":14,"Ring of the Snake":0},{"Calling Bell":8,"Nunchaku":8,"Blue Candle":4,"Pantograph":8,"Juzu Bracelet":4,"Toy Ornithopter":4,"InkBottle":7,"Ring of the Snake":0},{"Calling Bell":47,"Nunchaku":47,"Blue Candle":21,"Pantograph":47,"Juzu Bracelet":21,"Toy Ornithopter":21,"InkBottle":36,"Ring of the Snake":0}],"Toy Ornithopter":10,"InkBottle":[9],"Ring of the Snake":[22]},"card_choices":[{"not_picked":["Venomology","Burst"],"picked":"A Thousand Cuts","floor":0.0},{"not_picked":["Choke","Reflex"],"picked":"Finisher","floor":1.0},{"not_picked":["Sucker Punch","Crippling Poison"],"picked":"Cloak And Dagger","floor":5.0},{"not_picked":["Slice","Well Laid Plans"],"picked":"Leg Sweep","floor":7.0},{"not_picked":["Accuracy","Prepared"],"picked":"Quick Slash","floor":8.0},{"not_picked":["Underhanded Strike","Flying Knee"],"picked":"Crippling Poison","floor":12.0},{"not_picked":["Escape Plan","Sucker Punch"],"picked":"Adrenaline","floor":13.0},{"not_picked":["Prepared","Poisoned Stab"],"picked":"Deflect","floor":14.0},{"not_picked":["Wraith Form v2","A Thousand Cuts"],"picked":"Tools of the Trade","floor":16},{"not_picked":["Poisoned Stab","Acrobatics"],"picked":"Dagger Spray","floor":18},{"not_picked":["Burst","Underhanded Strike"],"picked":"Escape Plan+1","floor":19}],"player_experience":732254,"relics_obtained":[{"floor":8.0,"key":"Juzu Bracelet"},{"floor":9.0,"key":"Toy Ornithopter"},{"floor":14.0,"key":"InkBottle"},{"floor":17,"key":"Nunchaku"},{"floor":17,"key":"Pantograph"}],"event_choices":[{"damage_healed":0.0,"max_hp_gain":0.0,"max_hp_loss":0.0,"gold_gain":0.0,"event_name":"Living Wall","player_choice":"Grow","floor":2.0,"gold_loss":0.0,"damage_taken":0.0,"cards_upgraded":["A Thousand Cuts"]},{"damage_healed":0.0,"max_hp_gain":0.0,"max_hp_loss":0.0,"gold_gain":0.0,"event_name":"Shining Light","player_choice":"Entered Light","floor":3.0,"gold_loss":0.0,"damage_taken":20.0,"cards_upgraded":["Defend_G","Finisher"]},{"damage_healed":0.0,"max_hp_gain":0.0,"max_hp_loss":0.0,"gold_gain":0.0,"event_name":"WeMeetAgain","player_choice":"Paid Gold","floor":10.0,"gold_loss":78.0,"damage_taken":0.0,"relics_obtained":["Blue Candle"]}],"is_beta":false,"boss_relics":[{"not_picked":["Tiny House","Runic Dome"],"picked":"Calling Bell"}],"items_purged_floors":[],"is_endless":false,"potions_floor_spawned":[1,7,8],"killed_by":"Snake Plant","ascension_level":20}}