{"host":"q4axc00jr2bozlh9","time":1609248069,"event":{"mods":["AchievementEnabler","BaseMod","Bestiary","Colored Map","Colored Powertips","Curses Come First","Minty Spire (QoL Compilation)","Relic Stats","StSLib","SuperFastMode"],"gold_per_floor":[114,114,114,39,39,39,64,83,83,96,96,121,135,146,146,146,146],"floor_reached":16,"playtime":748,"items_purged":["Strike_R"],"score":110,"play_id":"24317e9f-f1f0-4150-b360-271854299cd6","local_time":"20201229142109","is_ascension_mode":false,"campfire_choices":[{"data":"Armaments","floor":6,"key":"SMITH"},{"floor":11,"key":"REST"},{"data":"Armaments","floor":15,"key":"SMITH"}],"circlet_count":0,"master_deck":["Strike_R","Strike_R","Strike_R","Defend_R","Defend_R","Defend_R","Defend_R+1","Bash+1","Blind","Armaments+1","True Grit","Iron Wave","Headbutt","Armaments+1"],"relics":["Burning Blood","Boot","Charon\u0027s Ashes","Letter Opener","Meat on the Bone"],"acts_visited":["Exordium"],"potions_floor_usage":[16,16,16],"damage_taken":[{"damage":1,"enemies":"Jaw Worm","floor":1,"turns":5},{"damage":33,"enemies":"3 Sentries","floor":7,"turns":14},{"damage":0,"enemies":"2 Louse","floor":8,"turns":4},{"damage":0,"enemies":"Small Slimes","floor":10,"turns":4},{"damage":8,"enemies":"Lagavulin","floor":12,"turns":8},{"damage":6,"enemies":"Exordium Thugs","floor":13,"turns":6},{"damage":0,"enemies":"3 Louse","floor":14,"turns":3},{"damage":63,"enemies":"Slime Boss","floor":16,"turns":13}],"seed_played":"-3368875616778827806","potions_obtained":[{"floor":8,"key":"Energy Potion"},{"floor":12,"key":"SkillPotion"},{"floor":13,"key":"FearPotion"}],"is_trial":false,"path_per_floor":["M","?","?","$","?","R","E","M","T","M","R","E","M","M","R","B"],"character_chosen":"IRONCLAD","items_purchased":[],"campfire_rested":1,"item_purchase_floors":[],"current_hp_per_floor":[80,64,57,57,50,50,23,29,29,35,59,57,57,63,63,0,0],"gold":146,"neow_bonus":"RANDOM_COLORLESS","is_daily":false,"chose_seed":false,"campfire_upgraded":2,"win_rate":0.0,"timestamp":1609248069,"path_taken":["M","?","?","$","?","R","E","M","T","M","R","E","M","?","R","BOSS"],"items_purchased_type":[],"build_version":"2020-12-22","purchased_purges":1,"victory":false,"max_hp_per_floor":[80,80,80,80,80,80,80,80,80,80,80,80,80,80,80,80,80],"relic_stats":{"counters":[8,57],"Charon\u0027s Ashes":[35],"Letter Opener":[46],"Boot":[8],"obtain_stats":[{"Charon\u0027s Ashes":7,"Letter Opener":9,"Boot":3,"Burning Blood":0,"Meat on the Bone":12},{"Charon\u0027s Ashes":2,"Letter Opener":3,"Boot":1,"Burning Blood":0,"Meat on the Bone":5},{"Charon\u0027s Ashes":19,"Letter Opener":23,"Boot":5,"Burning Blood":0,"Meat on the Bone":35}],"Burning Blood":37,"Meat on the Bone":0},"card_choices":[{"not_picked":["Dark Shackles","Swift Strike"],"picked":"Blind","floor":0},{"not_picked":["Body Slam","Cleave"],"picked":"Armaments","floor":1},{"not_picked":["Evolve","Flex"],"picked":"True Grit","floor":7},{"not_picked":["Havoc","Anger"],"picked":"Iron Wave","floor":8},{"not_picked":["Anger","Second Wind","Iron Wave"],"picked":"SKIP","floor":10},{"not_picked":["Second Wind","Juggernaut"],"picked":"Headbutt","floor":12},{"not_picked":["Fire Breathing","Wild Strike","Iron Wave"],"picked":"SKIP","floor":13},{"not_picked":["Wild Strike","Shockwave"],"picked":"Armaments","floor":14}],"player_experience":170633,"relics_obtained":[{"floor":7,"key":"Charon\u0027s Ashes"},{"floor":9,"key":"Letter Opener"},{"floor":12,"key":"Meat on the Bone"}],"event_choices":[{"damage_healed":0,"gold_gain":0,"player_choice":"Entered Light","damage_taken":16,"max_hp_gain":0,"max_hp_loss":0,"event_name":"Shining Light","floor":2,"gold_loss":0,"cards_upgraded":["Defend_R","Bash"]},{"damage_healed":0,"gold_gain":0,"player_choice":"Success","damage_taken":7,"relics_obtained":["Boot"],"max_hp_gain":0,"max_hp_loss":0,"event_name":"Scrap Ooze","floor":3,"gold_loss":0},{"cards_removed":["Strike_R"],"damage_healed":0,"gold_gain":0,"player_choice":"Card Removal","damage_taken":7,"max_hp_gain":0,"max_hp_loss":0,"event_name":"Golden Wing","floor":5,"gold_loss":0}],"is_beta":false,"boss_relics":[],"items_purged_floors":[4],"is_endless":false,"potions_floor_spawned":[8,12,13],"killed_by":"Slime Boss","ascension_level":0}}