{"host":"wshh0nphwn6jv7vj","time":1609263599,"event":{"mods":["BaseMod","Bestiary","Minty Spire (QoL Compilation)"],"gold_per_floor":[113,125,140,14,14,14,31,62,62,62,87,87,99,113,113,188,188,208,208,208,108,127,127,127],"floor_reached":23,"playtime":2224,"items_purged":["Strike_R"],"score":397,"play_id":"c18663d2-8ab4-4184-a292-0fa0ed766f6e","local_time":"20201229123959","is_ascension_mode":true,"campfire_choices":[{"floor":6,"key":"REST"},{"data":"True Grit","floor":10,"key":"SMITH"},{"floor":15,"key":"REST"}],"circlet_count":0,"master_deck":["AscendersBane","Defend_R+1","Defend_R+1","Defend_R+1","Defend_R+1","Bash","The Bomb","Pummel","Rage","Cleave","True Grit+1","Evolve","Ghostly Armor","Flame Barrier","True Grit","Impervious","Cleave","Bite","Bite","Bite","Bite","Bite"],"relics":["Burning Blood","Art of War","Bottled Tornado","Ice Cream","Pen Nib","Black Star"],"acts_visited":["Exordium","TheCity"],"potions_floor_usage":[7,8,8,11,16,21],"damage_taken":[{"damage":25,"enemies":"Small Slimes","floor":1,"turns":3},{"damage":0,"enemies":"Cultist","floor":2,"turns":3},{"damage":10,"enemies":"2 Louse","floor":3,"turns":3},{"damage":0,"enemies":"Large Slime","floor":7,"turns":3},{"damage":13,"enemies":"3 Sentries","floor":8,"turns":7},{"damage":36,"enemies":"Gremlin Nob","floor":11,"turns":4},{"damage":7,"enemies":"Exordium Thugs","floor":13,"turns":3},{"damage":7,"enemies":"3 Louse","floor":14,"turns":4},{"damage":35,"enemies":"The Guardian","floor":16,"turns":11},{"damage":18,"enemies":"Spheric Guardian","floor":18,"turns":7},{"damage":10,"enemies":"2 Thieves","floor":21,"turns":5},{"damage":31,"enemies":"Snecko","floor":22,"turns":7},{"damage":64,"enemies":"Book of Stabbing","floor":23,"turns":6}],"seed_played":"-1245024163435900833","potions_obtained":[{"floor":1,"key":"EntropicBrew"},{"floor":2,"key":"DistilledChaos"},{"floor":13,"key":"PowerPotion"},{"floor":18,"key":"Block Potion"},{"floor":22,"key":"FairyPotion"}],"is_trial":false,"path_per_floor":["M","M","M","$","?","R","M","E","T","R","E","?","M","M","R","B",null,"M","?","?","M","M","E"],"character_chosen":"IRONCLAD","items_purchased":["True Grit"],"campfire_rested":2,"item_purchase_floors":[4],"current_hp_per_floor":[31,37,33,33,10,32,38,31,31,31,16,16,15,14,36,7,58,46,46,46,50,35,0,0],"gold":127,"neow_bonus":"RANDOM_COLORLESS_2","is_daily":false,"chose_seed":false,"campfire_upgraded":1,"win_rate":0.0,"timestamp":1609263599,"path_taken":["M","M","M","$","?","R","M","E","T","R","E","?","M","?","R","BOSS","M","?","?","M","M","E"],"items_purchased_type":["Card"],"build_version":"2020-12-22","purchased_purges":1,"victory":false,"max_hp_per_floor":[75,75,75,75,75,75,75,75,75,75,75,75,75,75,75,75,75,75,75,52,52,52,52,52],"card_choices":[{"not_picked":["Thinking Ahead","Panache"],"picked":"The Bomb","floor":0},{"not_picked":["Dual Wield","Sever Soul"],"picked":"Pummel","floor":1},{"not_picked":["Spot Weakness","Rupture"],"picked":"Rage","floor":2},{"not_picked":["Clash","Twin Strike"],"picked":"Cleave","floor":3},{"not_picked":["Pummel","Feel No Pain"],"picked":"Evolve","floor":7},{"not_picked":["Clash","Headbutt"],"picked":"Warcry","floor":8},{"not_picked":["Hemokinesis","Carnage"],"picked":"Ghostly Armor","floor":11},{"not_picked":["Carnage","Headbutt"],"picked":"Flame Barrier","floor":13},{"not_picked":["Flex","Anger"],"picked":"True Grit","floor":14},{"not_picked":["Reaper","Bludgeon"],"picked":"Impervious","floor":16},{"not_picked":["Anger","Evolve"],"picked":"Cleave","floor":18},{"not_picked":["Blood for Blood","Cleave","Flex"],"picked":"SKIP","floor":21},{"not_picked":["Iron Wave","Warcry","True Grit"],"picked":"SKIP","floor":22}],"player_experience":1524582,"relics_obtained":[{"floor":8,"key":"Art of War"},{"floor":9,"key":"Bottled Tornado"},{"floor":11,"key":"Ice Cream"}],"event_choices":[{"damage_healed":0,"gold_gain":0,"player_choice":"Entered Light","damage_taken":23,"max_hp_gain":0,"max_hp_loss":0,"event_name":"Shining Light","floor":5,"gold_loss":0,"cards_upgraded":["Strike_R","Strike_R"]},{"cards_removed":["Warcry"],"damage_healed":0,"gold_gain":0,"player_choice":"Gave Card","damage_taken":0,"relics_obtained":["Pen Nib"],"max_hp_gain":0,"max_hp_loss":0,"event_name":"WeMeetAgain","floor":12,"gold_loss":0},{"damage_healed":0,"gold_gain":0,"player_choice":"Simplicity","damage_taken":0,"max_hp_gain":0,"max_hp_loss":0,"event_name":"Back to Basics","floor":19,"gold_loss":0,"cards_upgraded":["Strike_R","Strike_R","Defend_R","Defend_R","Defend_R","Defend_R"]},{"damage_healed":0,"gold_gain":0,"player_choice":"Became a vampire","damage_taken":0,"max_hp_gain":0,"max_hp_loss":23,"event_name":"Vampires","floor":20,"gold_loss":0,"cards_obtained":["Bite","Bite","Bite","Bite","Bite"]}],"is_beta":false,"boss_relics":[{"not_picked":["Philosopher\u0027s Stone","Calling Bell"],"picked":"Black Star"}],"items_purged_floors":[4],"is_endless":false,"potions_floor_spawned":[1,2,13,18,22],"killed_by":"Book of Stabbing","ascension_level":17}}