{"host":"qxeepl7ydvsgmfdb","time":1609221986,"event":{"mods":["AchievementEnabler","BaseMod","Colored Powertips","Minty Spire (QoL Compilation)","Quick Restart","slay the spire mod where everything is the same but ironclad has a cowboy hat"],"gold_per_floor":[116,116,81,96,271,307,307,328,328,349,24,24,38,38,38,38,38],"floor_reached":16,"playtime":581,"items_purged":["Doubt"],"score":125,"play_id":"e8670d0e-02ec-4fd8-9751-b918e4f2fb96","local_time":"20201229010626","is_ascension_mode":true,"campfire_choices":[{"floor":15,"key":"REST"}],"circlet_count":0,"master_deck":["Strike_B","Strike_B","Strike_B","Strike_B","Defend_B","Defend_B","Defend_B","Defend_B","Zap","Dualcast","Lockon","Chaos+1","Melter","Defragment","Redo","Regret"],"relics":["Cracked Core","Golden Idol","Bottled Flame","Toy Ornithopter","Blood Vial","Gremlin Horn"],"acts_visited":["Exordium"],"potions_floor_usage":[6,6,16,16],"damage_taken":[{"damage":1,"enemies":"2 Louse","floor":1,"turns":2},{"damage":0,"enemies":"Small Slimes","floor":4,"turns":2},{"damage":38,"enemies":"3 Sentries","floor":6,"turns":8},{"damage":7,"enemies":"Jaw Worm","floor":8,"turns":2},{"damage":7,"enemies":"Looter","floor":10,"turns":3},{"damage":18,"enemies":"Exordium Wildlife","floor":13,"turns":5},{"damage":44,"enemies":"Hexaghost","floor":16,"turns":9}],"seed_played":"-4832447777710669235","potions_obtained":[{"floor":0,"key":"Fire Potion"},{"floor":0,"key":"SkillPotion"},{"floor":0,"key":"LiquidMemories"},{"floor":6,"key":"ColorlessPotion"},{"floor":10,"key":"Ancient Potion"}],"is_trial":false,"path_per_floor":["M","?","?","M","?","E","?","M","T","M","$","?","M","$","R","B"],"character_chosen":"DEFECT","items_purchased":["Blood Vial","Defragment","Redo"],"campfire_rested":1,"item_purchase_floors":[11,11,11],"current_hp_per_floor":[74,56,74,74,74,36,36,29,29,22,22,22,6,6,28,0,0],"gold":38,"neow_bonus":"THREE_SMALL_POTIONS","is_daily":false,"chose_seed":false,"campfire_upgraded":0,"win_rate":0.0,"timestamp":1609221986,"path_taken":["M","?","?","M","?","E","?","?","T","M","$","?","M","?","R","BOSS"],"items_purchased_type":["Relic","Card","Card"],"build_version":"2020-12-22","purchased_purges":1,"victory":false,"max_hp_per_floor":[75,75,75,75,75,75,75,75,75,75,75,75,75,75,75,75,75],"card_choices":[{"not_picked":["Rip and Tear","Steam Power"],"picked":"Lockon","floor":1},{"not_picked":["Static Discharge","Turbo"],"picked":"Chaos","floor":4},{"not_picked":["Amplify","Steam","Beam Cell"],"picked":"SKIP","floor":6},{"not_picked":["Reinforced Body","Compile Driver","Aggregate"],"picked":"SKIP","floor":8},{"not_picked":["BootSequence","Storm"],"picked":"Melter","floor":10},{"not_picked":["Genetic Algorithm","Gash","Barrage"],"picked":"SKIP","floor":13}],"player_experience":421019,"relics_obtained":[{"floor":6,"key":"Bottled Flame"},{"floor":9,"key":"Toy Ornithopter"}],"event_choices":[{"damage_healed":0,"gold_gain":0,"player_choice":"Take Damage","damage_taken":18,"relics_obtained":["Golden Idol"],"max_hp_gain":0,"max_hp_loss":0,"event_name":"Golden Idol","floor":2,"gold_loss":0},{"damage_healed":18,"gold_gain":0,"player_choice":"Healed","damage_taken":0,"max_hp_gain":0,"max_hp_loss":0,"event_name":"The Cleric","floor":3,"gold_loss":35},{"damage_healed":0,"gold_gain":175,"player_choice":"AGREE","damage_taken":0,"max_hp_gain":0,"max_hp_loss":0,"event_name":"Liars Game","floor":5,"gold_loss":0,"cards_obtained":["Doubt"]},{"damage_healed":0,"gold_gain":0,"player_choice":"Grow","damage_taken":0,"max_hp_gain":0,"max_hp_loss":0,"event_name":"Living Wall","floor":7,"gold_loss":0,"cards_upgraded":["Chaos"]},{"damage_healed":0,"gold_gain":0,"player_choice":"Box","damage_taken":0,"relics_obtained":["Gremlin Horn"],"max_hp_gain":0,"max_hp_loss":0,"event_name":"Big Fish","floor":12,"gold_loss":0,"cards_obtained":["Regret"]}],"is_beta":false,"boss_relics":[],"items_purged_floors":[11],"is_endless":false,"potions_floor_spawned":[1,6,10,13],"killed_by":"Hexaghost","ascension_level":5}}