{"host":"szp1d6dso4pv7ddl","time":1609217605,"event":{"mods":["AchievementEnabler","Alarm Clock","BaseMod","Bestiary","Block Reminder","Colored Map","Colored Powertips","Curses Come First","Displayed Cursed Tome","Highlight Path","Minty Spire (QoL Compilation)","Permanent Neow","Quick Restart","Relic Sorter","Relic Stats","StSLib","Synergy Search"],"gold_per_floor":[109,129,139,139,154,154,180,193,193,193,205,219,219,250,250,371,371,395,395,413,141,162,162,162,162,215,227,262,294,306,334,346,477,489,520,557,902,914,938,979,1001,1013,1049,857,874,874,322,341,341,341],"floor_reached":51,"playtime":2296,"items_purged":["Strike_B","Parasite","Biased Cognition"],"score":1020,"play_id":"d875da40-b74f-4f0e-8147-724219125348","local_time":"20201228205325","is_ascension_mode":true,"campfire_choices":[{"floor":6.0,"key":"REST"},{"floor":10.0,"key":"REST"},{"floor":15.0,"key":"REST"},{"data":"Redo","floor":23.0,"key":"SMITH"},{"data":"Buffer","floor":27.0,"key":"SMITH"},{"data":"Redo","floor":30.0,"key":"SMITH"},{"floor":32.0,"key":"REST"},{"floor":42.0,"key":"REST"},{"floor":49.0,"key":"REST"}],"circlet_count":0,"master_deck":["Dualcast","Biased Cognition+1","Redo+1","Doom and Gloom","Redo+1","Conserve Battery","Coolheaded","Chill","Rainbow","Buffer+1","Defragment+1","Darkness+1","Auto Shields+1","Redo","Redo","Self Repair","Enlightenment","Consume+1","Redo","BootSequence","Biased Cognition","Seek","Turbo","Doom and Gloom","Amplify","Doom and Gloom","Bandage Up","Conserve Battery","Hologram+1","Loop","Undo","Redo","Defragment","Conserve Battery+1"],"relics":["Cracked Core","InkBottle","Smiling Mask","Odd Mushroom","Astrolabe","CultistMask","MawBank","Pandora\u0027s Box","Pear","Blood Vial","FossilizedHelix"],"acts_visited":["Exordium","TheCity","TheBeyond"],"potions_floor_usage":[50,50,50],"damage_taken":[{"damage":0.0,"enemies":"Cultist","floor":1.0,"turns":4.0},{"damage":12.0,"enemies":"Jaw Worm","floor":2.0,"turns":2.0},{"damage":0.0,"enemies":"2 Louse","floor":3.0,"turns":1.0},{"damage":0.0,"enemies":"Large Slime","floor":5.0,"turns":3.0},{"damage":10.0,"enemies":"Lagavulin","floor":7.0,"turns":5.0},{"damage":30.0,"enemies":"Gremlin Gang","floor":8.0,"turns":2.0},{"damage":4.0,"enemies":"Blue Slaver","floor":11.0,"turns":3.0},{"damage":3.0,"enemies":"Exordium Thugs","floor":12.0,"turns":4.0},{"damage":0.0,"enemies":"The Mushroom Lair","floor":14.0,"turns":4.0},{"damage":6.0,"enemies":"Hexaghost","floor":16.0,"turns":9.0},{"damage":0.0,"enemies":"Chosen","floor":18.0,"turns":4.0},{"damage":16.0,"enemies":"Shell Parasite","floor":20.0,"turns":5.0},{"damage":0.0,"enemies":"Centurion and Healer","floor":22.0,"turns":5.0},{"damage":5.0,"enemies":"Gremlin Leader","floor":24.0,"turns":2.0},{"damage":11.0,"enemies":"Chosen and Byrds","floor":28.0,"turns":6.0},{"damage":8.0,"enemies":"Snake Plant","floor":29.0,"turns":3.0},{"damage":11.0,"enemies":"Snecko","floor":31.0,"turns":3.0},{"damage":12.0,"enemies":"Champ","floor":33.0,"turns":5.0},{"damage":0.0,"enemies":"3 Shapes","floor":35.0,"turns":5.0},{"damage":0.0,"enemies":"3 Darklings","floor":36.0,"turns":8.0},{"damage":28.0,"enemies":"Writhing Mass","floor":39.0,"turns":7.0},{"damage":32.0,"enemies":"Nemesis","floor":40.0,"turns":7.0},{"damage":10.0,"enemies":"4 Shapes","floor":41.0,"turns":7.0},{"damage":0.0,"enemies":"Jaw Worm Horde","floor":45.0,"turns":5.0},{"damage":0.0,"enemies":"Reptomancer","floor":46.0,"turns":1.0},{"damage":27.0,"enemies":"3 Darklings","floor":48.0,"turns":7.0},{"damage":78,"enemies":"Donu and Deca","floor":50,"turns":12}],"seed_played":"2042070540419581879","potions_obtained":[{"floor":3.0,"key":"SmokeBomb"},{"floor":8.0,"key":"BlessingOfTheForge"},{"floor":12.0,"key":"Block Potion"},{"floor":14.0,"key":"SkillPotion"},{"floor":20.0,"key":"Fire Potion"},{"floor":25.0,"key":"Regen Potion"},{"floor":25.0,"key":"Regen Potion"},{"floor":29.0,"key":"PowerPotion"},{"floor":33.0,"key":"SmokeBomb"},{"floor":39.0,"key":"SkillPotion"},{"floor":45.0,"key":"SkillPotion"},{"floor":48.0,"key":"Block Potion"}],"is_trial":false,"path_per_floor":["M","M","M","?","M","R","E","M","T","R","M","M","?","?","R","B",null,"M","?","M","$","M","R","E","?","T","R","M","M","R","M","R","B",null,"M","M","?","?","M","E","M","R","T","$","M","E","$","M","R","B",null],"character_chosen":"DEFECT","items_purchased":["Redo","Self Repair","Enlightenment","Loop","Undo","Redo","Dexterity Potion","FossilizedHelix","Defragment","Strength Potion"],"campfire_rested":6,"item_purchase_floors":[21,21,21,44,44,47,47,47,47,47],"current_hp_per_floor":[50,38,38,38,38,60,50,20,20,42,38,35,17,17,39,33,65,65,65,49,49,56,56,51,51,51,51,52,60,60,49,71,59,71,75,75,75,75,58,40,41,66,66,66,72,74,74,53,77,11],"gold":341,"neow_bonus":"THREE_RARE_CARDS","is_daily":false,"chose_seed":false,"campfire_upgraded":3,"win_rate":0.0,"timestamp":1609217605,"path_taken":["M","?","M","?","M","R","E","?","T","R","M","M","?","?","R","BOSS","M","?","?","$","M","R","E","?","T","R","M","M","R","?","R","BOSS","M","M","?","?","M","E","M","R","T","$","M","E","$","M","R","BOSS"],"items_purchased_type":["Card","Card","Card","Card","Card","Card","Potion","Relic","Card","Potion"],"build_version":"2020-12-22","purchased_purges":3,"victory":true,"max_hp_per_floor":[75,75,75,75,75,75,75,75,75,75,75,75,75,75,75,75,75,75,75,75,75,75,75,75,75,75,75,75,75,75,75,75,75,75,75,75,75,75,75,85,85,85,85,82,82,82,82,82,82,82],"relic_stats":{"Blood Vial":8,"counters":[27,129],"Astrolabe":["Defragment","Darkness","Auto Shields"],"Pandora\u0027s Box":["Seek","Turbo","Doom and Gloom","Amplify","Doom and Gloom"],"Smiling Mask":150,"MawBank":216,"obtain_stats":[{"Blood Vial":43,"Pear":40,"Golden Idol":13,"Astrolabe":17,"Pandora\u0027s Box":34,"CultistMask":19,"Odd Mushroom":14,"Cracked Core":0,"Smiling Mask":7,"MawBank":26,"InkBottle":9,"FossilizedHelix":47},{"Blood Vial":23,"Pear":22,"Golden Idol":8,"Astrolabe":10,"Pandora\u0027s Box":18,"CultistMask":11,"Odd Mushroom":9,"Cracked Core":0,"Smiling Mask":5,"MawBank":14,"InkBottle":6,"FossilizedHelix":25},{"Blood Vial":104,"Pear":97,"Golden Idol":24,"Astrolabe":37,"Pandora\u0027s Box":70,"CultistMask":41,"Odd Mushroom":28,"Cracked Core":0,"Smiling Mask":15,"MawBank":53,"InkBottle":17,"FossilizedHelix":110}],"InkBottle":[36]},"card_choices":[{"not_picked":["Machine Learning","Electrodynamics"],"picked":"Biased Cognition","floor":0.0},{"not_picked":["Sunder","Ball Lightning"],"picked":"Redo","floor":1.0},{"not_picked":["Aggregate","Steam Power"],"picked":"Doom and Gloom","floor":2.0},{"not_picked":["Leap","Stack"],"picked":"Redo","floor":3.0},{"not_picked":["Blizzard","Reprogram","Darkness"],"picked":"SKIP","floor":5.0},{"not_picked":["Sweeping Beam","Hologram","Turbo"],"picked":"SKIP","floor":7.0},{"not_picked":["Compile Driver","Scrape"],"picked":"Conserve Battery","floor":8.0},{"not_picked":["Stack","Force Field"],"picked":"Coolheaded","floor":11.0},{"not_picked":["Barrage","Beam Cell"],"picked":"Chill","floor":12.0},{"not_picked":["Auto Shields","Steam"],"picked":"Rainbow","floor":14.0},{"not_picked":["Creative AI","Thunder Strike"],"picked":"Buffer","floor":16.0},{"not_picked":["Cold Snap","Beam Cell","Coolheaded+1"],"picked":"SKIP","floor":18.0},{"not_picked":["Beam Cell+1","Meteor Strike"],"picked":"Redo","floor":20.0},{"not_picked":["FTL","Sweeping Beam"],"picked":"Consume+1","floor":22.0},{"not_picked":["Steam+1","Static Discharge"],"picked":"Redo","floor":28.0},{"not_picked":["Rebound","Beam Cell+1"],"picked":"BootSequence","floor":29.0},{"not_picked":["Ball Lightning+1","Compile Driver","Sunder"],"picked":"SKIP","floor":31.0},{"not_picked":["Buffer","Fission"],"picked":"Biased Cognition","floor":33.0},{"not_picked":["Gash","Lockon","Force Field"],"picked":"SKIP","floor":35.0},{"not_picked":["Rebound","Coolheaded","Auto Shields+1"],"picked":"SKIP","floor":36.0},{"not_picked":["Discovery","Forethought"],"picked":"Bandage Up","floor":38.0},{"not_picked":["FTL","Genetic Algorithm+1"],"picked":"Conserve Battery","floor":39.0},{"not_picked":["Blizzard+1","Doom and Gloom"],"picked":"Hologram+1","floor":40.0},{"not_picked":["Stack+1","Ball Lightning"],"picked":"Biased Cognition","floor":41.0},{"not_picked":["Leap","Gash+1","Steam Power"],"picked":"SKIP","floor":45.0},{"not_picked":["Defragment","Rebound+1"],"picked":"Conserve Battery+1","floor":48.0}],"player_experience":1063489,"relics_obtained":[{"floor":7.0,"key":"Smiling Mask"},{"floor":9.0,"key":"InkBottle"},{"floor":14.0,"key":"Odd Mushroom"},{"floor":26.0,"key":"MawBank"},{"floor":40.0,"key":"Pear"},{"floor":43.0,"key":"Blood Vial"}],"event_choices":[{"damage_healed":0.0,"max_hp_gain":0.0,"max_hp_loss":0.0,"gold_gain":0.0,"event_name":"Upgrade Shrine","player_choice":"Upgraded","floor":4.0,"gold_loss":0.0,"damage_taken":0.0,"cards_upgraded":["Biased Cognition"]},{"damage_healed":0.0,"max_hp_gain":0.0,"max_hp_loss":0.0,"gold_gain":0.0,"event_name":"Golden Idol","player_choice":"Take Damage","floor":13.0,"gold_loss":0.0,"damage_taken":18.0,"relics_obtained":["Golden Idol"]},{"damage_healed":0.0,"max_hp_gain":0.0,"max_hp_loss":0.0,"gold_gain":0.0,"event_name":"Mushrooms","player_choice":"Fought Mushrooms","floor":14.0,"gold_loss":0.0,"damage_taken":0.0},{"damage_healed":0.0,"max_hp_gain":0.0,"max_hp_loss":0.0,"gold_gain":0.0,"event_name":"FaceTrader","player_choice":"Trade","floor":19.0,"gold_loss":0.0,"damage_taken":0.0,"relics_obtained":["CultistMask"]},{"damage_healed":0.0,"max_hp_gain":0.0,"max_hp_loss":0.0,"gold_gain":0.0,"event_name":"Lab","player_choice":"Got Potions","floor":25.0,"gold_loss":0.0,"damage_taken":0.0},{"damage_healed":0.0,"max_hp_gain":0.0,"max_hp_loss":0.0,"gold_gain":333.0,"event_name":"The Moai Head","player_choice":"Gave Idol","floor":37.0,"relics_lost":["Golden Idol"],"gold_loss":0.0,"damage_taken":0.0},{"damage_healed":0.0,"max_hp_gain":0.0,"max_hp_loss":0.0,"gold_gain":0.0,"event_name":"SensoryStone","player_choice":"Memory 1","floor":38.0,"gold_loss":0.0,"damage_taken":0.0}],"is_beta":false,"boss_relics":[{"not_picked":["Runic Dome","SacredBark"],"picked":"Astrolabe"},{"not_picked":["Calling Bell","Fusion Hammer"],"picked":"Pandora\u0027s Box"}],"items_purged_floors":[21,44,47],"is_endless":false,"potions_floor_spawned":[3,8,12,14,20,29,33,39,45,48],"ascension_level":6}}