{"host":"sav7uxregyirlf69","time":1609247187,"event":{"mods":["AchievementEnabler","BaseMod","Colored Map","DeckTracker","Keyboard Shortcuts","Minty Spire (QoL Compilation)","READ ME - Guardian Mod","StSLib","SuperFastMode"],"gold_per_floor":[115,115,115,132,6,31,31,48,48,62,80,80,80,98,98,98,98],"floor_reached":16,"playtime":505,"items_purged":["Strike_G"],"score":204,"play_id":"7e1cacaa-34fb-4277-b999-5906571dbd80","local_time":"20201229220627","is_ascension_mode":true,"campfire_choices":[{"data":"Noxious Fumes","floor":7,"key":"SMITH"},{"data":"Calculated Gamble","floor":15,"key":"SMITH"}],"circlet_count":0,"master_deck":["AscendersBane","Strike_G","Strike_G","Defend_G","Defend_G","Defend_G","Defend_G","Defend_G","Survivor","Neutralize","Acrobatics","Flying Knee","Noxious Fumes+1","Reflex","Dagger Throw","Deadly Poison","Calculated Gamble+1","Footwork","Reflex"],"relics":["Ring of the Snake","Meat on the Bone","Gremlin Horn","Golden Idol"],"acts_visited":["Exordium"],"potions_floor_usage":[6,8,14],"damage_taken":[{"damage":1,"enemies":"Cultist","floor":1,"turns":4},{"damage":1,"enemies":"2 Louse","floor":4,"turns":3},{"damage":26,"enemies":"Gremlin Nob","floor":6,"turns":5},{"damage":6,"enemies":"Jaw Worm","floor":8,"turns":5},{"damage":9,"enemies":"Exordium Wildlife","floor":10,"turns":5},{"damage":18,"enemies":"Exordium Thugs","floor":11,"turns":4},{"damage":3,"enemies":"Gremlin Gang","floor":14,"turns":7},{"damage":32,"enemies":"The Guardian","floor":16,"turns":6}],"seed_played":"707612272802683483","potions_obtained":[{"floor":1,"key":"Regen Potion"},{"floor":3,"key":"GhostInAJar"},{"floor":11,"key":"Fire Potion"}],"is_trial":false,"path_per_floor":["M","?","?","M","$","E","R","M","T","M","M","?","$","M","R","B"],"character_chosen":"THE_SILENT","items_purchased":["Dagger Throw"],"campfire_rested":0,"item_purchase_floors":[5],"current_hp_per_floor":[43,43,43,42,42,16,16,37,37,40,34,34,34,31,31,0,0],"gold":98,"neow_bonus":"TRANSFORM_TWO_CARDS","is_daily":false,"chose_seed":false,"campfire_upgraded":2,"win_rate":0.0,"timestamp":1609247187,"path_taken":["M","?","?","?","$","E","R","M","T","M","M","?","?","M","R","BOSS"],"items_purchased_type":["Card"],"build_version":"2020-12-22","purchased_purges":1,"victory":false,"max_hp_per_floor":[66,66,66,66,66,66,66,66,66,66,66,60,60,60,60,60,60],"card_choices":[{"not_picked":["Footwork","Outmaneuver"],"picked":"Noxious Fumes","floor":1},{"not_picked":["Backflip","Acrobatics"],"picked":"Reflex","floor":4},{"not_picked":["Cloak And Dagger","Dagger Spray"],"picked":"Deadly Poison","floor":6},{"not_picked":["Finisher","PiercingWail","Setup"],"picked":"SKIP","floor":8},{"not_picked":["Deadly Poison","Riddle With Holes"],"picked":"Calculated Gamble","floor":10},{"not_picked":["Cloak And Dagger","Outmaneuver"],"picked":"Footwork","floor":11},{"not_picked":["Blade Dance","Endless Agony"],"picked":"Reflex","floor":14}],"player_experience":1054274,"relics_obtained":[{"floor":6,"key":"Meat on the Bone"},{"floor":9,"key":"Gremlin Horn"}],"event_choices":[{"damage_healed":0,"gold_gain":0,"player_choice":"Ignored","damage_taken":0,"max_hp_gain":0,"max_hp_loss":0,"event_name":"Liars Game","floor":2,"gold_loss":0},{"damage_healed":0,"gold_gain":0,"player_choice":"Got Potions","damage_taken":0,"max_hp_gain":0,"max_hp_loss":0,"event_name":"Lab","floor":3,"gold_loss":0},{"damage_healed":0,"gold_gain":0,"player_choice":"Lose Max HP","damage_taken":0,"relics_obtained":["Golden Idol"],"max_hp_gain":0,"max_hp_loss":6,"event_name":"Golden Idol","floor":12,"gold_loss":0}],"is_beta":false,"boss_relics":[],"items_purged_floors":[5],"is_endless":false,"potions_floor_spawned":[1,4,11],"killed_by":"The Guardian","ascension_level":20}}