{"host":"oy4pyvr762z5n0bb","time":1609279372,"event":{"mods":["AchievementEnabler","BaseMod","Colored Map","Colored Powertips","Googly Eyes","Key Reminder","Minty Spire (QoL Compilation)","Quick Restart","Relic Sorter","StSLib","SuperFastMode","Unceasing Turn Reminder","slay the spire mod where everything is the same but ironclad has a cowboy hat"],"gold_per_floor":[17,17,17,30,30,60,60,87,141,6,26,26,50,69,69,173,173,173,1,1,20,20,20,20,20],"floor_reached":24,"playtime":402,"items_purged":["Strike_B"],"score":338,"play_id":"cf86c1c0-be61-4f1d-bdbf-012e4e8697cc","local_time":"20201229140252","is_ascension_mode":true,"campfire_choices":[{"floor":7,"key":"REST"},{"data":"Loop","floor":15,"key":"SMITH"},{"data":"Ghostly","floor":23,"key":"SMITH"}],"circlet_count":0,"master_deck":["AscendersBane","Strike_B","Defend_B","Defend_B","Defend_B","Defend_B","Zap+1","Dualcast","Gash+1","Ball Lightning","Hyperbeam+1","All For One+1","Self Repair","Beam Cell","Conserve Battery","Loop+1","Thunder Strike","Loop","Hologram","Go for the Eyes","Ghostly+1","Ghostly","Ghostly","Ghostly","Ghostly"],"relics":["Cracked Core","Omamori","Meat on the Bone","Whetstone","PreservedInsect","Empty Cage","InkBottle"],"acts_visited":["Exordium","TheCity"],"potions_floor_usage":[16,16,18],"damage_taken":[{"damage":1,"enemies":"2 Louse","floor":1,"turns":3},{"damage":6,"enemies":"Cultist","floor":4,"turns":3},{"damage":32,"enemies":"Gremlin Nob","floor":6,"turns":4},{"damage":45,"enemies":"3 Sentries","floor":8,"turns":5},{"damage":0,"enemies":"Small Slimes","floor":11,"turns":1},{"damage":11,"enemies":"Exordium Thugs","floor":14,"turns":3},{"damage":24,"enemies":"Slime Boss","floor":16,"turns":8},{"damage":12,"enemies":"Chosen","floor":18,"turns":2},{"damage":47,"enemies":"Shell Parasite","floor":21,"turns":5},{"damage":36,"enemies":"Book of Stabbing","floor":24,"turns":6}],"seed_played":"-1625339072189730470","potions_obtained":[{"floor":4,"key":"SkillPotion"},{"floor":6,"key":"ColorlessPotion"},{"floor":16,"key":"SmokeBomb"}],"is_trial":false,"path_per_floor":["M","?","$","M","?","E","R","E","T","$","M","?","T","M","R","B",null,"M","$","?","M","?","R","E"],"character_chosen":"DEFECT","items_purchased":["Self Repair","Beam Cell","Loop","Hologram"],"campfire_rested":1,"item_purchase_floors":[10,10,19,19],"current_hp_per_floor":[81,73,73,67,67,35,61,16,16,16,28,28,28,36,36,31,75,63,63,63,35,35,35,0,0],"gold":20,"neow_bonus":"TWENTY_PERCENT_HP_BONUS","is_daily":false,"chose_seed":false,"campfire_upgraded":2,"win_rate":0.0,"timestamp":1609279372,"path_taken":["M","?","$","?","?","E","R","E","T","?","M","?","?","M","R","BOSS","M","$","?","M","?","R","E"],"items_purchased_type":["Card","Card","Card","Card"],"build_version":"2020-12-22","purchased_purges":1,"victory":false,"max_hp_per_floor":[89,89,89,89,89,89,89,89,89,89,89,89,89,89,89,89,89,89,89,89,89,44,44,44,44],"card_choices":[{"not_picked":["Turbo","Steam"],"picked":"Gash","floor":1},{"not_picked":["Chill","Aggregate"],"picked":"Ball Lightning","floor":4},{"not_picked":["Cold Snap","Heatsinks"],"picked":"Hyperbeam","floor":6},{"not_picked":["Reprogram","Barrage"],"picked":"All For One","floor":8},{"not_picked":["Steam","Hello World"],"picked":"Conserve Battery","floor":11},{"not_picked":["Cold Snap","Conserve Battery"],"picked":"Loop","floor":14},{"not_picked":["Biased Cognition","Amplify"],"picked":"Thunder Strike","floor":16},{"not_picked":["Compile Driver","Chaos"],"picked":"Go for the Eyes","floor":21}],"player_experience":596618,"relics_obtained":[{"floor":6,"key":"Omamori"},{"floor":8,"key":"Meat on the Bone"},{"floor":9,"key":"Whetstone"},{"floor":13,"key":"PreservedInsect"}],"event_choices":[{"damage_healed":0,"gold_gain":0,"player_choice":"Damaged","damage_taken":8,"max_hp_gain":0,"max_hp_loss":0,"event_name":"Wheel of Change","floor":2,"gold_loss":0},{"damage_healed":0,"gold_gain":0,"player_choice":"Forge","damage_taken":0,"max_hp_gain":0,"max_hp_loss":0,"event_name":"Accursed Blacksmith","floor":5,"gold_loss":0,"cards_upgraded":["Zap"]},{"damage_healed":0,"gold_gain":0,"player_choice":"Grow","damage_taken":0,"max_hp_gain":0,"max_hp_loss":0,"event_name":"Living Wall","floor":12,"gold_loss":0,"cards_upgraded":["Gash"]},{"damage_healed":0,"gold_gain":0,"player_choice":"Opened","damage_taken":0,"relics_obtained":["InkBottle"],"max_hp_gain":0,"max_hp_loss":0,"event_name":"The Mausoleum","floor":20,"gold_loss":0},{"damage_healed":0,"gold_gain":0,"player_choice":"Became a Ghost","damage_taken":0,"max_hp_gain":0,"max_hp_loss":45,"event_name":"Ghosts","floor":22,"gold_loss":0,"cards_obtained":["Ghostly","Ghostly","Ghostly","Ghostly","Ghostly"]}],"is_beta":false,"boss_relics":[{"not_picked":["Astrolabe","SlaversCollar"],"picked":"Empty Cage"}],"items_purged_floors":[19],"is_endless":false,"potions_floor_spawned":[4,6,14,16,18],"killed_by":"Book of Stabbing","ascension_level":11}}