{"host":"6v6lk9rcoiasjngj","time":1609277919,"event":{"mods":["Ascension Reborn","BaseMod","Better Third Choice","Colored Map","Conspire","Downfall","Duelist Mod","GifTheSpireLib","Googly Eyes","Hubris","Infinite Spire","Minty Spire (QoL Compilation)","Quick Restart","RRrroohrrRGHHhhh!!","Replay The Spire","Reworked Bosses","Somnambulant","Spicy Shops","StSLib","Stuff the Spire","The Blue Laboratory","The Cursed","The Disciple","The Factory","The Florist","The Hierophant","The Jungle","The Sage","The Servant 0.9.4","The Valiant","egg"],"gold_per_floor":[110,126,126,138,138,138,168,184,184,184,184,197,197,167,167,267,267,278,278,290,64,79,79,79,79,79,110,121,121,135,135,135],"floor_reached":31,"playtime":2531,"items_purged":[],"score":280,"play_id":"af846b2d-05fb-4a2f-841a-1ff8ab0029e5","local_time":"20201229163839","is_ascension_mode":false,"campfire_choices":[{"data":"somnambulantmod: QuickNap","floor":6,"key":"SMITH"},{"floor":11,"key":"REST"},{"data":"somnambulantmod: PrimingPunch","floor":13,"key":"SMITH"},{"floor":15,"key":"REST"},{"data":"Secret Technique","floor":23,"key":"SMITH"},{"floor":29,"key":"REST"}],"circlet_count":0,"master_deck":["somnambulantmod: SomnambulantStrike","somnambulantmod: SomnambulantStrike","somnambulantmod: SomnambulantStrike","somnambulantmod: SomnambulantStrike","somnambulantmod: SomnambulantStrike+1","somnambulantmod: Defend_Somnambulant","somnambulantmod: Defend_Somnambulant","somnambulantmod: Defend_Somnambulant","somnambulantmod: Defend_Somnambulant","somnambulantmod: Defend_Somnambulant","somnambulantmod: QuickNap+1","somnambulantmod: PrimingPunch+1","somnambulantmod: Stumble+1","somnambulantmod: Harden","somnambulantmod: SnuggleUp+1","infinitespire:FutureSight","somnambulantmod: Nosebleed","somnambulantmod: MuscleMemory","somnambulantmod: UnthoughtKnown","somnambulantmod: Blink","somnambulantmod: Inspiration","somnambulantmod: LightSleeper","somnambulantmod: MuscleMemory","somnambulantmod: LeechFears+1","somnambulantmod: DeeperSleep","Secret Technique+1","somnambulantmod: LayeredDefense+1","somnambulantmod: ShimmeringVeil"],"relics":["somnambulantmod: DreamJournal","NeowsBlessing","StuffTheSpire:EmeraldSignet","Chameleon Ring","hubris:TerracottaHorce","ReplayTheSpireMod:Ring of Addiction","SacredBark","hubris:EmptyBottle","Shovel","Shovel"],"acts_visited":["Exordium","theJungle:Jungle"],"potions_floor_usage":[12,16,21],"damage_taken":[{"damage":0,"enemies":"Small Slimes","floor":1,"turns":2},{"damage":0,"enemies":"2 Louse","floor":2,"turns":1},{"damage":0,"enemies":"Cultist","floor":4,"turns":1},{"damage":27,"enemies":"Replay:BlueRogue","floor":7,"turns":10},{"damage":7,"enemies":"Exordium Wildlife","floor":8,"turns":6},{"damage":8,"enemies":"Blue Slaver","floor":12,"turns":5},{"damage":0,"enemies":"Looter","floor":14,"turns":4},{"damage":28,"enemies":"Hexaghost","floor":16,"turns":10},{"damage":8,"enemies":"theJungle:5_Spyders","floor":18,"turns":6},{"damage":12,"enemies":"theJungle:Flameango_and_Byrd","floor":20,"turns":5},{"damage":0,"enemies":"theJungle:SlimyTreeVines","floor":22,"turns":4},{"damage":4,"enemies":"theJungle:MamaSnecko","floor":27,"turns":6},{"damage":30,"enemies":"theJungle:Snecko_Cultist_And_Trap","floor":28,"turns":7},{"damage":48,"enemies":"theJungle:2_Snecko_Cultists","floor":30,"turns":7},{"damage":22,"enemies":"theJungle:SlimyTreeVines","floor":31,"turns":5}],"seed_played":"8322079222521590781","potions_obtained":[{"floor":4,"key":"blueLaboratory:PhilterOfMotion"},{"floor":7,"key":"blueLaboratory:FrostheartPotion"},{"floor":12,"key":"sagemod:Wine"},{"floor":18,"key":"blueLaboratory:Moonshine"},{"floor":19,"key":"blueLaboratory:CorrosionFlask"}],"is_trial":false,"path_per_floor":["M","M","?","M","?","R","E","M","T","?","R","M","R","M","R","B",null,"M","?","M","$","M","R","?","?","T","E","M","R","M","M"],"character_chosen":"THE_SOMNAMBULANT","items_purchased":["somnambulantmod: LeechFears+1","somnambulantmod: DeeperSleep","Secret Technique"],"campfire_rested":3,"item_purchase_floors":[21,21,21],"current_hp_per_floor":[70,70,70,70,53,53,26,19,19,19,42,38,38,38,61,33,74,68,68,56,56,61,61,45,72,72,68,38,61,13,0,0],"gold":135,"neow_bonus":"THREE_ENEMY_KILL","is_daily":false,"chose_seed":false,"campfire_upgraded":3,"win_rate":0.0,"timestamp":1609277919,"path_taken":["M","M","?","M","?","R","E","M","T","?","R","M","R","?","R","BOSS","M","?","M","$","M","R","?","?","T","E","M","R","?","M"],"items_purchased_type":["Card","Card","Card"],"build_version":"2020-12-22","purchased_purges":0,"victory":false,"max_hp_per_floor":[70,70,70,70,70,70,70,70,70,70,72,72,72,72,74,74,74,74,74,74,74,74,74,74,72,72,72,70,72,72,70,70],"card_choices":[{"not_picked":["somnambulantmod: PillowFort","somnambulantmod: DarkeningMind"],"picked":"somnambulantmod: Stumble","floor":1},{"not_picked":["somnambulantmod: Stumble","somnambulantmod: Nosebleed"],"picked":"somnambulantmod: Harden","floor":2},{"not_picked":["somnambulantmod: Bruise","somnambulantmod: ShowerThought"],"picked":"somnambulantmod: SnuggleUp","floor":4},{"not_picked":["infinitespire:FinalStrike","Replay:Fractal Strike"],"picked":"infinitespire:FutureSight","floor":5},{"not_picked":["somnambulantmod: SnuggleUp","somnambulantmod: LoseForm"],"picked":"somnambulantmod: Nosebleed","floor":7},{"not_picked":["somnambulantmod: RecurringDream","somnambulantmod: DarkeningMind"],"picked":"somnambulantmod: MuscleMemory","floor":8},{"not_picked":["somnambulantmod: Stumble","somnambulantmod: Unmake"],"picked":"somnambulantmod: UnthoughtKnown","floor":12},{"not_picked":["somnambulantmod: Bruise","somnambulantmod: Sleepyhead"],"picked":"somnambulantmod: Blink","floor":14},{"not_picked":["somnambulantmod: NightHaunts","somnambulantmod: LoseForm"],"picked":"somnambulantmod: Inspiration","floor":16},{"not_picked":["somnambulantmod: PillowFort","somnambulantmod: HorrificThought"],"picked":"somnambulantmod: LightSleeper","floor":18},{"not_picked":["somnambulantmod: BrainFeeder","somnambulantmod: RacingThoughts"],"picked":"somnambulantmod: MuscleMemory","floor":20},{"not_picked":["somnambulantmod: RecurringDream","somnambulantmod: SnuggleUp"],"picked":"somnambulantmod: LayeredDefense+1","floor":22},{"not_picked":["somnambulantmod: HeadSmack","somnambulantmod: PourItOut+1","somnambulantmod: Reject"],"picked":"SKIP","floor":27},{"not_picked":["somnambulantmod: RuthlessStudy","somnambulantmod: Pinch"],"picked":"somnambulantmod: ShimmeringVeil","floor":28},{"not_picked":["somnambulantmod: Harden","somnambulantmod: OpeningUp","somnambulantmod: Sleepyhead"],"picked":"SKIP","floor":30}],"player_experience":816453,"relics_obtained":[{"floor":7,"key":"StuffTheSpire:EmeraldSignet"},{"floor":9,"key":"Chameleon Ring"},{"floor":19,"key":"ReplayTheSpireMod:Ring of Addiction"},{"floor":19,"key":"SacredBark"},{"floor":19,"key":"hubris:EmptyBottle"},{"floor":27,"key":"Shovel"}],"event_choices":[{"damage_healed":0,"gold_gain":0,"player_choice":"Leave","damage_taken":0,"max_hp_gain":0,"max_hp_loss":0,"event_name":"conspire:Investor","floor":3,"gold_loss":0},{"damage_healed":0,"gold_gain":0,"player_choice":"Bought 0 Potions","damage_taken":0,"max_hp_gain":0,"max_hp_loss":0,"event_name":"The Woman in Blue","floor":10,"gold_loss":0},{"damage_healed":27,"gold_gain":0,"player_choice":"Full Heal","damage_taken":0,"max_hp_gain":0,"max_hp_loss":0,"event_name":"Wheel of Change","floor":25,"gold_loss":0}],"is_beta":false,"boss_relics":[{"not_picked":["Pandora\u0027s Box","Honey Jar"],"picked":"hubris:TerracottaHorce"}],"items_purged_floors":[],"is_endless":false,"potions_floor_spawned":[4,7,8,12,18,30],"killed_by":"theJungle:SlimyTreeVines","ascension_level":0}}