{"host":"am0cr9xwekqmrere","time":1609228825,"event":{"mods":["AchievementEnabler","Act Like it!","BaseMod","Better Altar","Better Match","Better Note","Better Sensory Stone","Better Skull","Better Third Choice","BetterRewards","Conspire","Hubris","Infinite Spire","Minty Spire (QoL Compilation)","Rare Cards Sparkle","Spicy Shops","StSLib","The Marked","Unceasing Turn Reminder"],"gold_per_floor":[113,124,137,137,152,196,196,196,196],"floor_reached":8,"playtime":302,"items_purged":[],"score":58,"play_id":"a378afb5-3882-49c2-85c5-b45262643fb0","local_time":"20201229020025","is_ascension_mode":false,"campfire_choices":[{"floor":7,"key":"REST"}],"circlet_count":0,"master_deck":["theMarked:Strike","theMarked:Strike","theMarked:Strike","theMarked:Strike","theMarked:Strike","theMarked:Defend","theMarked:Defend","theMarked:Defend","theMarked:Defend","theMarked:SoldierOfQuellstein","theMarked:Polarize","theMarked:Opportunist","theMarked:BanishingWave","Injury","theMarked:ElectricStrings","theMarked:DispelDoubt"],"relics":["theMarked:ArtifactOfAir","hubris:TenFootPole","Juzu Bracelet","Golden Idol","hubris:DisguiseKit"],"acts_visited":["Exordium"],"potions_floor_usage":[3,6],"damage_taken":[{"damage":1,"enemies":"Cultist","floor":1,"turns":3},{"damage":1,"enemies":"Jaw Worm","floor":2,"turns":3},{"damage":5,"enemies":"Small Slimes","floor":3,"turns":3},{"damage":13,"enemies":"2 Fungi Beasts","floor":5,"turns":3},{"damage":16,"enemies":"3 Sentries","floor":6,"turns":5},{"damage":58,"enemies":"Lagavulin","floor":8,"turns":8}],"seed_played":"4645687625346671176","potions_obtained":[{"floor":1,"key":"SkillPotion"},{"floor":2,"key":"Strength Potion"}],"is_trial":false,"path_per_floor":["M","M","M","?","M","E","R","E"],"character_chosen":"THE_DEFAULT","items_purchased":["hubris:TenFootPole","Juzu Bracelet"],"campfire_rested":1,"item_purchase_floors":[0,0],"current_hp_per_floor":[58,57,52,52,39,23,44,0,0],"gold":196,"neow_bonus":"","is_daily":false,"chose_seed":false,"campfire_upgraded":0,"win_rate":0.0,"timestamp":1609228825,"path_taken":["M","M","M","?","M","E","R","E"],"items_purchased_type":["Relic","Relic"],"build_version":"2020-12-22","purchased_purges":0,"victory":false,"max_hp_per_floor":[70,70,70,70,70,70,70,70,70],"card_choices":[{"not_picked":["theMarked:DeterminationOfTheMarked","theMarked:Parkour"],"picked":"theMarked:Polarize","floor":1},{"not_picked":["theMarked:EnhanceMovement","theMarked:ResourceFulStrike"],"picked":"theMarked:Opportunist","floor":2},{"not_picked":["theMarked:ChainLightning","theMarked:EnhanceMovement"],"picked":"theMarked:BanishingWave","floor":3},{"not_picked":["theMarked:LightningStrikesTwice","theMarked:EmpowerWeapon"],"picked":"theMarked:ElectricStrings","floor":5},{"not_picked":["theMarked:SelfDefenseTraining","theMarked:Aftermath"],"picked":"theMarked:DispelDoubt","floor":6}],"player_experience":2530461,"relics_obtained":[{"floor":6,"key":"hubris:DisguiseKit"}],"event_choices":[{"damage_healed":0,"gold_gain":0,"player_choice":"Take Wound","damage_taken":0,"relics_obtained":["Golden Idol"],"max_hp_gain":0,"max_hp_loss":0,"event_name":"Golden Idol","floor":4,"gold_loss":0,"cards_obtained":["Injury"]}],"is_beta":false,"boss_relics":[],"items_purged_floors":[],"is_endless":false,"potions_floor_spawned":[1,2],"killed_by":"Lagavulin","ascension_level":0}}