{"host":"qbnk2vkaq38efxaz","time":1609272362,"event":{"mods":["BaseMod","Minty Spire (QoL Compilation)"],"gold_per_floor":[116,128,146,165,340,340,375,375,375,375,375,390,404,291,291,386,386,402,57,70,81,91,91,118,118,118,36,36,65,65,76,76,176,176,192,210,210,227,26,56,56,89,114,164,177,193,228,178,178,178,178,178,26,56,56,56],"floor_reached":55,"playtime":5631,"items_purged":["Doubt","Strike_R","Bash","Cleave","Parasite"],"score":847,"play_id":"dd12eadf-fe19-4c3a-bd29-d4bf93a92e4d","local_time":"20201229120602","is_ascension_mode":true,"campfire_choices":[{"data":"Juggernaut","floor":6,"key":"SMITH"},{"data":"True Grit","floor":11,"key":"SMITH"},{"floor":15,"key":"REST"},{"data":"Flame Barrier","floor":23,"key":"SMITH"},{"data":"Barricade","floor":25,"key":"SMITH"},{"floor":32,"key":"REST"},{"data":"Shrug It Off","floor":41,"key":"SMITH"},{"floor":49,"key":"RECALL"},{"data":"Shrug It Off","floor":52,"key":"SMITH"}],"circlet_count":0,"master_deck":["Defend_R","Defend_R","Defend_R","Defend_R","Master of Strategy","Shrug It Off+1","Flame Barrier+1","Juggernaut+1","True Grit+1","Juggernaut","Feel No Pain","Reaper","Feel No Pain+1","Whirlwind+1","Juggernaut+1","Seeing Red","Shrug It Off+1","Body Slam+1","Barricade+1","True Grit+1","Feel No Pain","Entrench","Seeing Red+1","Reaper","Second Wind","True Grit+1","Body Slam+1","Feel No Pain+1"],"relics":["Burning Blood","Ancient Tea Set","Shuriken","Torii","Astrolabe","Potion Belt","Mercury Hourglass","Smiling Mask","Cursed Key","Bronze Scales","Nunchaku","Pen Nib","Regal Pillow","Thread and Needle","Bottled Flame","Anchor"],"acts_visited":["Exordium","TheCity","TheBeyond","TheEnding"],"potions_floor_usage":[3,7,16,19,24,50,54,54,55,55],"damage_taken":[{"damage":11,"enemies":"Small Slimes","floor":1,"turns":6},{"damage":15,"enemies":"2 Louse","floor":2,"turns":3},{"damage":0,"enemies":"Cultist","floor":3,"turns":4},{"damage":5,"enemies":"Large Slime","floor":4,"turns":9},{"damage":25,"enemies":"Gremlin Nob","floor":7,"turns":6},{"damage":6,"enemies":"Looter","floor":12,"turns":3},{"damage":17,"enemies":"Lots of Slimes","floor":13,"turns":6},{"damage":28,"enemies":"The Guardian","floor":16,"turns":11},{"damage":1,"enemies":"Chosen","floor":18,"turns":4},{"damage":0,"enemies":"Shell Parasite","floor":20,"turns":5},{"damage":24,"enemies":"Snake Plant","floor":21,"turns":4},{"damage":6,"enemies":"Sentry and Sphere","floor":22,"turns":6},{"damage":39,"enemies":"Slavers","floor":24,"turns":9},{"damage":21,"enemies":"Book of Stabbing","floor":29,"turns":5},{"damage":0,"enemies":"Snecko","floor":31,"turns":4},{"damage":26,"enemies":"Collector","floor":33,"turns":8},{"damage":15,"enemies":"Orb Walker","floor":35,"turns":5},{"damage":1,"enemies":"3 Darklings","floor":36,"turns":5},{"damage":32,"enemies":"Jaw Worm Horde","floor":38,"turns":4},{"damage":10,"enemies":"Reptomancer","floor":40,"turns":7},{"damage":29,"enemies":"Giant Head","floor":42,"turns":7},{"damage":0,"enemies":"Mind Bloom Boss Battle","floor":44,"turns":5},{"damage":5,"enemies":"Sphere and 2 Shapes","floor":45,"turns":4},{"damage":6,"enemies":"4 Shapes","floor":46,"turns":4},{"damage":1,"enemies":"Nemesis","floor":47,"turns":7},{"damage":2,"enemies":"Donu and Deca","floor":50,"turns":6},{"damage":81,"enemies":"Shield and Spear","floor":54,"turns":7},{"damage":59,"enemies":"The Heart","floor":55,"turns":3}],"seed_played":"3087630142111250979","potions_obtained":[{"floor":2,"key":"Weak Potion"},{"floor":3,"key":"Fruit Juice"},{"floor":4,"key":"BloodPotion"},{"floor":21,"key":"FearPotion"},{"floor":22,"key":"Swift Potion"},{"floor":24,"key":"FearPotion"},{"floor":29,"key":"FearPotion"},{"floor":38,"key":"ElixirPotion"},{"floor":42,"key":"Swift Potion"},{"floor":44,"key":"Regen Potion"},{"floor":47,"key":"SpeedPotion"},{"floor":54,"key":"Energy Potion"}],"is_trial":false,"path_per_floor":["M","M","M","M","?","R","E","?","T","?","R","M","M","$","R","B",null,"M","$","M","M","M","R","E","R","T","$","?","E","?","M","R","B",null,"M","M","?","M","$","E","R","E","T","?","M","M","E","$","R","B",null,"R","$","E","B"],"character_chosen":"IRONCLAD","items_purchased":["Feel No Pain","Fruit Juice","Potion Belt","True Grit","Feel No Pain","Bronze Scales","ColorlessPotion","SpeedPotion"],"campfire_rested":2,"item_purchase_floors":[14,19,19,27,27,39,53,53],"current_hp_per_floor":[51,42,53,54,54,54,35,35,35,32,32,32,21,21,46,41,85,85,90,90,75,75,75,49,49,49,49,49,34,18,28,55,47,90,81,90,90,64,64,72,72,52,52,66,67,67,76,76,76,88,90,90,87,28,0,0],"gold":56,"neow_bonus":"RANDOM_COLORLESS_2","is_daily":false,"chose_seed":false,"campfire_upgraded":6,"win_rate":0.0,"timestamp":1609272362,"path_taken":["M","M","M","M","?","R","E","?","T","?","R","M","M","$","R","BOSS","M","$","M","M","M","R","E","R","T","$","?","E","?","M","R","BOSS","M","M","?","M","?","E","R","E","T","?","M","M","E","$","R","BOSS","R","$","E","BOSS"],"items_purchased_type":["Card","Potion","Relic","Card","Card","Relic","Potion","Potion"],"build_version":"2020-12-22","purchased_purges":5,"victory":false,"max_hp_per_floor":[80,80,85,85,85,85,85,85,85,85,85,85,85,85,85,85,85,85,90,90,90,90,90,90,90,90,90,90,90,90,90,90,90,90,90,90,90,90,90,90,90,90,90,90,90,90,90,90,90,90,90,90,87,87,87,87],"card_choices":[{"not_picked":["Mayhem","Chrysalis"],"picked":"Master of Strategy","floor":0},{"not_picked":["Sword Boomerang","Perfected Strike"],"picked":"Cleave","floor":1},{"not_picked":["Armaments","Body Slam"],"picked":"Shrug It Off","floor":2},{"not_picked":["Warcry","Uppercut"],"picked":"Flame Barrier","floor":3},{"not_picked":["Clash","Flex"],"picked":"Juggernaut","floor":4},{"not_picked":["Body Slam","Combust"],"picked":"True Grit","floor":7},{"not_picked":["Combust","Dark Embrace","Anger"],"picked":"SKIP","floor":12},{"not_picked":["Shrug It Off","Perfected Strike"],"picked":"Juggernaut","floor":13},{"not_picked":["Bludgeon","Feed"],"picked":"Reaper","floor":16},{"not_picked":["Cleave+1","Clothesline"],"picked":"Seeing Red","floor":18},{"not_picked":["Wild Strike","Burning Pact"],"picked":"Shrug It Off","floor":20},{"not_picked":["Clothesline","Shrug It Off+1"],"picked":"Body Slam+1","floor":21},{"not_picked":["Intimidate","Warcry","Heavy Blade"],"picked":"SKIP","floor":22},{"not_picked":["Heavy Blade","Rampage+1"],"picked":"Barricade","floor":24},{"not_picked":["Wild Strike+1","Rupture+1"],"picked":"Entrench","floor":29},{"not_picked":["Entrench+1","Warcry+1"],"picked":"Seeing Red+1","floor":31},{"not_picked":["Demon Form","Limit Break"],"picked":"Reaper","floor":33},{"not_picked":["Thunderclap","Heavy Blade"],"picked":"Second Wind","floor":35},{"not_picked":["Ghostly Armor+1","Disarm+1"],"picked":"True Grit+1","floor":36},{"not_picked":["Reckless Charge+1","Armaments+1","Sword Boomerang+1"],"picked":"SKIP","floor":38},{"not_picked":["Shrug It Off","Sever Soul+1"],"picked":"Body Slam+1","floor":40},{"not_picked":["Dual Wield+1","Clothesline+1"],"picked":"Feel No Pain+1","floor":42},{"not_picked":["Warcry+1","Second Wind","Wild Strike"],"picked":"SKIP","floor":45},{"not_picked":["Feed","Clothesline+1","Rage"],"picked":"SKIP","floor":46},{"not_picked":["Clash+1","Headbutt+1","Wild Strike+1"],"picked":"SKIP","floor":47},{"not_picked":["Flex","Power Through","Searing Blow+1"],"picked":"SKIP","floor":54}],"player_experience":96685,"relics_obtained":[{"floor":7,"key":"Ancient Tea Set"},{"floor":9,"key":"Shuriken"},{"floor":24,"key":"Mercury Hourglass"},{"floor":29,"key":"Smiling Mask"},{"floor":40,"key":"Nunchaku"},{"floor":42,"key":"Pen Nib"},{"floor":43,"key":"Regal Pillow"},{"floor":44,"key":"Thread and Needle"},{"floor":47,"key":"Bottled Flame"},{"floor":54,"key":"Anchor"}],"event_choices":[{"damage_healed":0,"gold_gain":175,"player_choice":"AGREE","damage_taken":0,"max_hp_gain":0,"max_hp_loss":0,"event_name":"Liars Game","floor":5,"gold_loss":0,"cards_obtained":["Doubt"]},{"cards_removed":["Strike_R"],"damage_healed":0,"gold_gain":0,"player_choice":"Forget","damage_taken":0,"max_hp_gain":0,"max_hp_loss":0,"event_name":"Living Wall","floor":8,"gold_loss":0},{"damage_healed":0,"gold_gain":0,"player_choice":"Success","damage_taken":3,"relics_obtained":["Torii"],"max_hp_gain":0,"max_hp_loss":0,"event_name":"Scrap Ooze","floor":10,"gold_loss":0},{"damage_healed":0,"gold_gain":0,"player_choice":"Ignored","damage_taken":0,"max_hp_gain":0,"max_hp_loss":0,"event_name":"Ghosts","floor":28,"gold_loss":0},{"damage_healed":0,"gold_gain":0,"player_choice":"Obtained Book","damage_taken":16,"max_hp_gain":0,"max_hp_loss":0,"event_name":"Cursed Tome","floor":30,"gold_loss":0},{"damage_healed":0,"gold_gain":0,"player_choice":"Forge","damage_taken":0,"max_hp_gain":0,"max_hp_loss":0,"event_name":"Accursed Blacksmith","floor":37,"gold_loss":0,"cards_upgraded":["True Grit"]},{"damage_healed":0,"gold_gain":0,"player_choice":"Fight","damage_taken":0,"max_hp_gain":0,"max_hp_loss":0,"event_name":"MindBloom","floor":44,"gold_loss":0}],"is_beta":false,"boss_relics":[{"not_picked":["Fusion Hammer","Sozu"],"picked":"Astrolabe"},{"not_picked":["Runic Cube","Busted Crown"],"picked":"Cursed Key"}],"items_purged_floors":[14,19,39,48,53],"is_endless":false,"potions_floor_spawned":[2,3,4,21,22,24,29,38,42,44,47,54],"killed_by":"The Heart","ascension_level":2}}