{"host":"nptej036rrbiurf5","time":1609209787,"event":{"mods":["BaseMod","Colored Map","Colored Powertips","DeckTracker","Minty Spire (QoL Compilation)","StSLib","SuperFastMode"],"gold_per_floor":[117,117,137,62,80,115,15,15,41,41,60,60,78,112,112,186,186,227,272,322,363,363,363,363],"floor_reached":23,"playtime":451,"items_purged":["Strike_P","Strike_P"],"score":502,"play_id":"62b43b81-f66c-4b54-97e0-88603dcd3045","local_time":"20201229114307","is_ascension_mode":true,"campfire_choices":[{"data":"Eruption","floor":8.0,"key":"SMITH"},{"data":"SignatureMove","floor":10.0,"key":"SMITH"},{"floor":15.0,"key":"RECALL"}],"circlet_count":0,"master_deck":["AscendersBane","Defend_P","Defend_P","Defend_P","Defend_P","Eruption+1","Vigilance","SignatureMove+1","Tantrum","Prostrate","FlurryOfBlows","JustLucky","Wish","Pray","FlurryOfBlows+1","TalkToTheHand+1"],"relics":["PureWater","NeowsBlessing","Omamori","WarpedTongs","Kunai","Sozu"],"acts_visited":["Exordium","TheCity"],"potions_floor_usage":[23],"damage_taken":[{"damage":0.0,"enemies":"Jaw Worm","floor":1.0,"turns":1.0},{"damage":0.0,"enemies":"Cultist","floor":3.0,"turns":1.0},{"damage":0.0,"enemies":"2 Louse","floor":5.0,"turns":1.0},{"damage":7.0,"enemies":"Lagavulin","floor":6.0,"turns":4.0},{"damage":14.0,"enemies":"Gremlin Gang","floor":11.0,"turns":4.0},{"damage":6.0,"enemies":"Exordium Wildlife","floor":13.0,"turns":4.0},{"damage":17.0,"enemies":"Gremlin Nob","floor":14.0,"turns":3.0},{"damage":0.0,"enemies":"Slime Boss","floor":16.0,"turns":4.0},{"damage":4.0,"enemies":"Shell Parasite","floor":18.0,"turns":2.0},{"damage":0.0,"enemies":"Chosen","floor":19.0,"turns":3.0},{"damage":9.0,"enemies":"Sentry and Sphere","floor":21.0,"turns":3.0},{"damage":46,"enemies":"Slavers","floor":23,"turns":3}],"seed_played":"5920639972325736354","potions_obtained":[{"floor":6.0,"key":"SpeedPotion"},{"floor":11.0,"key":"Regen Potion"},{"floor":13.0,"key":"EntropicBrew"},{"floor":16.0,"key":"GamblersBrew"}],"is_trial":false,"path_per_floor":["M","?","M","$","M","E","$","R","T","R","M","?","M","E","R","B",null,"M","M","?","M","?","E"],"character_chosen":"WATCHER","items_purchased":[],"campfire_rested":0,"item_purchase_floors":[],"current_hp_per_floor":[61,61,61,61,61,54,54,54,54,54,40,40,34,26,26,26,58,54,54,54,45,45,0,0],"gold":363,"neow_bonus":"THREE_ENEMY_KILL","is_daily":false,"chose_seed":false,"campfire_upgraded":2,"win_rate":0.0,"timestamp":1609209787,"path_taken":["M","?","?","?","M","E","$","R","T","R","M","?","?","E","R","BOSS","M","M","?","M","?","E"],"items_purchased_type":[],"build_version":"2020-12-22","purchased_purges":2,"victory":false,"max_hp_per_floor":[68,68,68,68,68,68,68,68,68,68,68,68,68,68,68,68,68,68,68,68,68,68,68,68],"card_choices":[{"not_picked":["Consecrate","Pray"],"picked":"SignatureMove","floor":1.0},{"not_picked":["Collect","Fasting2"],"picked":"Tantrum","floor":3.0},{"not_picked":["FlyingSleeves","FollowUp","BowlingBash"],"picked":"SKIP","floor":5.0},{"not_picked":["CutThroughFate","CarveReality","FlyingSleeves"],"picked":"SKIP","floor":6.0},{"not_picked":["Worship","WaveOfTheHand"],"picked":"Prostrate","floor":11.0},{"not_picked":["BowlingBash","SashWhip"],"picked":"FlurryOfBlows","floor":13.0},{"not_picked":["PathToVictory","BowlingBash"],"picked":"JustLucky","floor":14.0},{"not_picked":["Establishment","SpiritShield"],"picked":"Wish","floor":16.0},{"not_picked":["PathToVictory","ClearTheMind"],"picked":"Pray","floor":18.0},{"not_picked":["ClearTheMind","JustLucky"],"picked":"FlurryOfBlows+1","floor":19.0},{"not_picked":["WindmillStrike","BowlingBash"],"picked":"TalkToTheHand+1","floor":21.0}],"player_experience":867937,"relics_obtained":[{"floor":6.0,"key":"Omamori"},{"floor":14.0,"key":"Kunai"}],"event_choices":[{"cards_removed":["Strike_P"],"damage_healed":0.0,"max_hp_gain":0.0,"max_hp_loss":0.0,"gold_gain":0.0,"event_name":"Purifier","player_choice":"Purged","floor":2.0,"gold_loss":0.0,"damage_taken":0.0},{"damage_healed":0.0,"max_hp_gain":0.0,"max_hp_loss":0.0,"gold_gain":0.0,"event_name":"Accursed Blacksmith","player_choice":"Rummage","floor":12.0,"gold_loss":0.0,"damage_taken":0.0,"relics_obtained":["WarpedTongs"],"cards_obtained":["Pain"]},{"damage_healed":0.0,"max_hp_gain":0.0,"max_hp_loss":0.0,"gold_gain":50.0,"event_name":"Nest","player_choice":"Stole From Cult","floor":20.0,"gold_loss":0.0,"damage_taken":0.0},{"cards_removed":["Strike_P"],"damage_healed":0.0,"max_hp_gain":0.0,"max_hp_loss":0.0,"gold_gain":0.0,"event_name":"Wheel of Change","player_choice":"Card Removal","floor":22.0,"gold_loss":0.0,"damage_taken":0.0}],"is_beta":false,"boss_relics":[{"not_picked":["Philosopher\u0027s Stone","Snecko Eye"],"picked":"Sozu"}],"items_purged_floors":[4,7],"is_endless":false,"potions_floor_spawned":[6,11,13,16,19],"killed_by":"Slavers","ascension_level":20}}