{"host":"xx5zt3jtdyh8iun7","time":1609200717,"event":{"mods":["AchievementEnabler","Act Like it!","BaseMod","Bestiary","Downfall","Minty Spire (QoL Compilation)","Replay The Spire","StSLib"],"gold_per_floor":[19,19,19,32,45,71,71,96,96,130,130,55,55,55,80,89,89,219,219,247,269,368,186,195,237,237,275,324,346,396,138,166,199,199,328,328,350,76,103,103,251,301,301,319,345,345,345,369,369,416,450,49,49,49,49,49,21,73,73],"floor_reached":60,"playtime":5534,"items_purged":["Strike_R","Injury","Strike_R","Strike_R"],"score":1354,"play_id":"a2e99555-5ccf-4b58-8894-9e4d9bf31a10","local_time":"20201229011157","is_ascension_mode":true,"campfire_choices":[{"data":"ReplayTheSpireMod:Strike From Hell","floor":7,"key":"SMITH"},{"floor":17,"key":"REST"},{"data":"ForeignInfluence","floor":26,"key":"SMITH"},{"data":"Dark Embrace","floor":34,"key":"SMITH"},{"floor":49,"key":"RECALL"},{"data":"True Grit","floor":53,"key":"SMITH"},{"data":"Replay:Many Hands","floor":56,"key":"SMITH"}],"circlet_count":0,"master_deck":["Strike_R","Defend_R","Eclipse+1","Fiend Fire","ReplayTheSpireMod:Strike From Hell+1","Eruption","ForeignInfluence+1","True Grit+1","Shrug It Off","Warcry","Headbutt","Iron Wave","Impervious","Clash","Replay:Undeath\u0027s Touch+1","Dark Embrace+1","Warcry","Voices","Life Link+1","Iron Wave","Replay:Many Hands+1","Panache","Spot Weakness+1","Abandon+1","Reckless Charge+1","Run Through+1","ReplayTheSpireMod:Splinters","Sentinel","Thunderclap","Defy Death+1","ReplayTheSpireMod:Muscle Training","Sentinel","Dark Embrace+1"],"relics":["Replay:M_SmolderingBlood","MealTicket","InkBottle","Nunchaku","CeramicFish","Golden Idol","Ring of Chaos","Ring of Misfortune","ReplayTheSpireMod:Ring of Addiction","Potion Belt","Toy Ornithopter","Singing Bowl","Chameleon Ring","Centennial Puzzle","Anchor","Philosopher\u0027s Stone","Pen Nib","Bag of Marbles","ReplayTheSpireMod:Ninjato","Replay:Bottled Snecko","Shuriken"],"acts_visited":["Exordium","TheCity","TheBeyond","TheEnding"],"potions_floor_usage":[5,6,6,25,27,29,32,32,33,35,35,42,48,50,59,59],"damage_taken":[{"damage":1,"enemies":"Jaw Worm","floor":1,"turns":3},{"damage":1,"enemies":"Cultist","floor":4,"turns":3},{"damage":7,"enemies":"Small Slimes","floor":5,"turns":2},{"damage":4,"enemies":"3 Sentries","floor":6,"turns":4},{"damage":19,"enemies":"Replay:BlueRogue","floor":8,"turns":4},{"damage":23,"enemies":"Lagavulin","floor":10,"turns":5},{"damage":10,"enemies":"Looter","floor":15,"turns":2},{"damage":5,"enemies":"The Guardian","floor":18,"turns":6},{"damage":12,"enemies":"Shell Parasite","floor":20,"turns":5},{"damage":2,"enemies":"Chosen","floor":21,"turns":5},{"damage":19,"enemies":"Slavers","floor":25,"turns":6},{"damage":37,"enemies":"Gremlin Leader","floor":27,"turns":7},{"damage":0,"enemies":"Centurion and Healer","floor":29,"turns":7},{"damage":5,"enemies":"Replay:Snechameleon","floor":30,"turns":4},{"damage":0,"enemies":"Snake Plant","floor":32,"turns":2},{"damage":8,"enemies":"Sentry and Sphere","floor":33,"turns":4},{"damage":22,"enemies":"Automaton","floor":35,"turns":6},{"damage":11,"enemies":"3 Shapes","floor":37,"turns":3},{"damage":10,"enemies":"3 Darklings","floor":39,"turns":3},{"damage":14,"enemies":"R_Hoarder","floor":42,"turns":5},{"damage":6,"enemies":"Maw","floor":44,"turns":5},{"damage":0,"enemies":"Transient","floor":48,"turns":5},{"damage":2,"enemies":"Nemesis","floor":50,"turns":3},{"damage":0,"enemies":"Writhing Mass","floor":51,"turns":2},{"damage":15,"enemies":"Donu and Deca","floor":54,"turns":4},{"damage":0,"enemies":"Shield and Spear","floor":58,"turns":2},{"damage":45,"enemies":"The Heart","floor":59,"turns":4}],"seed_played":"-145040041458434690","potions_obtained":[{"floor":1,"key":"AttackPotion"},{"floor":4,"key":"Weak Potion"},{"floor":5,"key":"GamblersBrew"},{"floor":8,"key":"SpeedPotion"},{"floor":18,"key":"HeartOfIron"},{"floor":24,"key":"Fire Potion"},{"floor":24,"key":"Explosive Potion"},{"floor":24,"key":"Venom Potion"},{"floor":29,"key":"Swift Potion"},{"floor":30,"key":"Explosive Potion"},{"floor":32,"key":"CultistPotion"},{"floor":39,"key":"FearPotion"},{"floor":43,"key":"champ:CounterPotion"},{"floor":43,"key":"HeartOfIron"},{"floor":44,"key":"Strength Potion"},{"floor":48,"key":"ElixirPotion"},{"floor":51,"key":"Slimebound:ThreeZeroPotion"}],"is_trial":false,"path_per_floor":["M","?","?","M","M","E","R","E","T","E","?","$","PTL","PTL","M","?","R","B",null,"M","M","?","$","?","E","R","E","T","M","E","$","M","M","R","B",null,"M","$","M","?","?","E","R","M","T","PTL","PTL","M","R","E","M","$","R","B",null,"R","$","E","B",null],"character_chosen":"IRONCLAD","items_purchased":["Dark Embrace","Warcry","Panache","Regen Potion","Pen Nib","Replay:Bottled Snecko","Sentinel"],"campfire_rested":1,"item_purchase_floors":[23,23,31,31,38,52,57],"current_hp_per_floor":[80,80,80,79,72,68,68,49,49,26,19,34,34,34,24,24,48,43,80,68,66,66,80,80,61,61,31,31,36,31,46,63,60,60,50,84,73,84,72,72,76,67,67,63,63,63,63,70,70,73,73,86,86,69,84,84,82,82,39],"gold":73,"neow_bonus":"TRANSFORM_TWO_CARDS","is_daily":false,"chose_seed":false,"campfire_upgraded":5,"win_rate":0.0,"timestamp":1609200717,"path_taken":["M","?","?","?","M","E","R","E","T","E","?","$","PTL","PTL","M","?","R","BOSS","M","M","?","$","?","E","R","E","T","M","E","$","M","M","R","BOSS","M","$","M","?","?","E","R","M","T","PTL","PTL","M","R","E","M","$","R","BOSS","R","$","E","BOSS"],"items_purchased_type":["Card","Card","Card","Potion","Relic","Relic","Card"],"build_version":"2020-12-22","purchased_purges":4,"victory":true,"max_hp_per_floor":[80,80,80,80,80,80,80,80,80,80,80,80,80,80,80,80,80,80,80,80,80,80,80,80,80,80,82,82,82,82,82,82,82,82,84,84,84,84,82,82,86,84,84,86,86,84,84,86,86,86,86,86,86,84,84,84,82,82,82],"card_choices":[{"not_picked":["Rage","Sword Boomerang"],"picked":"ReplayTheSpireMod:Strike From Hell","floor":1},{"not_picked":["Rampage","Twin Strike"],"picked":"ForeignInfluence","floor":4},{"not_picked":["Thunderclap","Twin Strike"],"picked":"True Grit","floor":5},{"not_picked":["Berserk","Flame Barrier"],"picked":"Shrug It Off","floor":6},{"not_picked":["FollowUp","Twin Strike"],"picked":"Warcry","floor":8},{"not_picked":["Power Through","Body Slam"],"picked":"Headbutt","floor":10},{"not_picked":["Run Through","Twin Strike"],"picked":"Iron Wave","floor":15},{"not_picked":["Demon Form","Hemogenesis"],"picked":"Impervious","floor":18},{"not_picked":["Rupture","Replay:Undeath\u0027s Touch"],"picked":"Clash","floor":20},{"not_picked":["Feel No Pain","ReplayTheSpireMod:LeadingStrike"],"picked":"Replay:Undeath\u0027s Touch+1","floor":21},{"not_picked":["Body Slam","Searing Blow"],"picked":"Life Link+1","floor":25},{"not_picked":["Perfected Strike+1","Body Slam","Disarm"],"picked":"Singing Bowl","floor":27},{"not_picked":["ReplayTheSpireMod:Stacked","Thunderclap+1"],"picked":"Iron Wave","floor":29},{"not_picked":["Warcry","Dual Wield"],"picked":"Replay:Many Hands","floor":30},{"not_picked":["Iron Wave+1","Flex"],"picked":"Spot Weakness+1","floor":32},{"not_picked":["Shrug It Off","Perfected Strike+1"],"picked":"Abandon+1","floor":33},{"not_picked":["Demon Form","Brutality","Berserk"],"picked":"Singing Bowl","floor":35},{"not_picked":["Warcry","ReplayTheSpireMod:Limb From Limb"],"picked":"Reckless Charge+1","floor":37},{"not_picked":["Perfected Strike+1","Headbutt"],"picked":"Run Through+1","floor":39},{"not_picked":["Carnage+1","Abandon","Sever Soul"],"picked":"Singing Bowl","floor":41},{"not_picked":["Barricade","Headbutt"],"picked":"Sentinel","floor":41},{"not_picked":["Shockwave","Ghostly Armor","Headbutt+1"],"picked":"Singing Bowl","floor":41},{"not_picked":["Limit Break","Body Slam"],"picked":"Thunderclap","floor":42},{"not_picked":["Thunderclap","Blood for Blood","Clothesline"],"picked":"Singing Bowl","floor":44},{"not_picked":["Thunderclap","Massacre","Intimidate+1"],"picked":"Singing Bowl","floor":48},{"not_picked":["Pommel Strike","Entrench"],"picked":"Defy Death+1","floor":50},{"not_picked":["Anger+1","Ghostly Armor+1"],"picked":"ReplayTheSpireMod:Muscle Training","floor":51},{"not_picked":["Perfected Strike+1","Sentinel+1"],"picked":"Dark Embrace+1","floor":58}],"player_experience":757915,"relics_obtained":[{"floor":6,"key":"MealTicket"},{"floor":8,"key":"InkBottle"},{"floor":9,"key":"Nunchaku"},{"floor":10,"key":"CeramicFish"},{"floor":24,"key":"Ring of Misfortune"},{"floor":24,"key":"ReplayTheSpireMod:Ring of Addiction"},{"floor":24,"key":"Potion Belt"},{"floor":24,"key":"Toy Ornithopter"},{"floor":25,"key":"Singing Bowl"},{"floor":27,"key":"Chameleon Ring"},{"floor":28,"key":"Centennial Puzzle"},{"floor":30,"key":"Anchor"},{"floor":42,"key":"Bag of Marbles"},{"floor":50,"key":"ReplayTheSpireMod:Ninjato"},{"floor":58,"key":"Shuriken"}],"event_choices":[{"damage_healed":0,"gold_gain":0,"player_choice":"Upgraded","damage_taken":0,"max_hp_gain":0,"max_hp_loss":0,"event_name":"Upgrade Shrine","floor":3,"gold_loss":0,"cards_upgraded":["Eclipse"]},{"cards_removed":["Strike_R"],"damage_healed":0,"gold_gain":0,"player_choice":"Card Removal","damage_taken":7,"max_hp_gain":0,"max_hp_loss":0,"event_name":"Golden Wing","floor":11,"gold_loss":0},{"damage_healed":0,"gold_gain":0,"player_choice":"Take Wound","damage_taken":0,"relics_obtained":["Golden Idol"],"max_hp_gain":0,"max_hp_loss":0,"event_name":"Golden Idol","floor":16,"gold_loss":0,"cards_obtained":["Injury"]},{"damage_healed":0,"gold_gain":99,"player_choice":"Stole From Cult","damage_taken":0,"max_hp_gain":0,"max_hp_loss":0,"event_name":"Nest","floor":22,"gold_loss":0},{"cards_removed":["Defend_R"],"damage_healed":0,"gold_gain":0,"player_choice":"Removed Skill","damage_taken":0,"max_hp_gain":0,"max_hp_loss":0,"event_name":"Falling","floor":40,"gold_loss":0}],"is_beta":false,"boss_relics":[{"not_picked":["Runic Cube","SlaversCollar"],"picked":"Ring of Chaos"},{"not_picked":["Coffee Dripper","Replay:Wanted Poster"],"picked":"Philosopher\u0027s Stone"}],"items_purged_floors":[12,23,38,52],"is_endless":false,"potions_floor_spawned":[1,4,5,8,18,29,30,32,39,44,48,51],"ascension_level":1}}