{"host":"qj91dvco5uhu9oti","time":1609269638,"event":{"mods":["BaseMod","Colored Map","Keyboard Shortcuts","Minty Spire (QoL Compilation)","Permanent Neow","Relic Stats","StSLib","SuperFastMode","everything is the same but u backflip on backflip"],"gold_per_floor":[219,233,54,72,82,116,116,144,171,201,215,245,263,283,283,385,385,401,432,432,448,468,468,87,121,121,149,167,181,181,191,191,290,290,307,173,191,191,74,87,112,112,112,112,144,144,170,181,181,181],"floor_reached":51,"playtime":1161,"items_purged":["Defend_R","Inflame","Defend_R","Defend_R"],"score":874,"play_id":"21732f3e-9a1a-4c7a-9bca-f3713236d747","local_time":"20201230042038","is_ascension_mode":false,"campfire_choices":[{"data":"Perfected Strike","floor":7.0,"key":"SMITH"},{"data":"Perfected Strike","floor":15.0,"key":"SMITH"},{"data":"Perfected Strike","floor":23.0,"key":"SMITH"},{"data":"Dual Wield","floor":30.0,"key":"SMITH"},{"data":"True Grit","floor":32.0,"key":"SMITH"},{"data":"Battle Trance","floor":42,"key":"SMITH"},{"data":"Warcry","floor":44,"key":"SMITH"},{"data":"Warcry","floor":46,"key":"SMITH"},{"data":"Double Tap","floor":49,"key":"SMITH"}],"circlet_count":0,"master_deck":["Strike_R","Strike_R","Strike_R","Strike_R","Strike_R","Defend_R","Bash","Perfected Strike+1","Warcry+1","Shockwave","Perfected Strike+1","Dual Wield+1","True Grit+1","Double Tap+1","Battle Trance+1","Perfected Strike+1","Impervious","Warcry+1","Pommel Strike+1","Madness+1","Shockwave+1","Impervious+1","CurseOfTheBell","Wild Strike","Evolve","Disarm+1","Pommel Strike+1"],"relics":["Burning Blood","MealTicket","Pen Nib","Smiling Mask","Juzu Bracelet","Odd Mushroom","Coffee Dripper","Red Mask","Toxic Egg 2","TungstenRod","Letter Opener","Vajra","Calling Bell","Centennial Puzzle","White Beast Statue","Gambling Chip","Meat on the Bone","Red Skull","Calipers","Self Forming Clay","Frozen Egg 2"],"acts_visited":["Exordium","TheCity","TheBeyond"],"potions_floor_usage":[50],"damage_taken":[{"damage":5.0,"enemies":"2 Louse","floor":1.0,"turns":3.0},{"damage":3.0,"enemies":"Small Slimes","floor":2.0,"turns":3.0},{"damage":4.0,"enemies":"Cultist","floor":4.0,"turns":3.0},{"damage":13.0,"enemies":"Red Slaver","floor":5.0,"turns":2.0},{"damage":24.0,"enemies":"Gremlin Nob","floor":6.0,"turns":4.0},{"damage":24.0,"enemies":"3 Sentries","floor":8.0,"turns":6.0},{"damage":15.0,"enemies":"Gremlin Nob","floor":10.0,"turns":3.0},{"damage":2.0,"enemies":"3 Louse","floor":11.0,"turns":4.0},{"damage":14.0,"enemies":"The Mushroom Lair","floor":12.0,"turns":4.0},{"damage":10.0,"enemies":"Gremlin Gang","floor":13.0,"turns":3.0},{"damage":4.0,"enemies":"2 Fungi Beasts","floor":14.0,"turns":3.0},{"damage":0.0,"enemies":"Slime Boss","floor":16.0,"turns":4.0},{"damage":10.0,"enemies":"Spheric Guardian","floor":18.0,"turns":3.0},{"damage":34.0,"enemies":"Masked Bandits","floor":19.0,"turns":5.0},{"damage":6.0,"enemies":"Chosen","floor":21.0,"turns":3.0},{"damage":0.0,"enemies":"Snake Plant","floor":22.0,"turns":2.0},{"damage":14.0,"enemies":"Slavers","floor":25.0,"turns":4.0},{"damage":12.0,"enemies":"Gremlin Leader","floor":27.0,"turns":5.0},{"damage":7.0,"enemies":"Centurion and Healer","floor":28.0,"turns":3.0},{"damage":0.0,"enemies":"Shelled Parasite and Fungi","floor":29.0,"turns":3.0},{"damage":0.0,"enemies":"Snecko","floor":31.0,"turns":2.0},{"damage":70.0,"enemies":"Collector","floor":33.0,"turns":6.0},{"damage":8.0,"enemies":"Orb Walker","floor":35.0,"turns":3.0},{"damage":0.0,"enemies":"3 Shapes","floor":37.0,"turns":4.0},{"damage":15,"enemies":"3 Darklings","floor":40,"turns":6},{"damage":45,"enemies":"Reptomancer","floor":41,"turns":7},{"damage":2,"enemies":"Nemesis","floor":45,"turns":3},{"damage":8,"enemies":"Giant Head","floor":47,"turns":6},{"damage":0,"enemies":"Spire Growth","floor":48,"turns":2},{"damage":18,"enemies":"Time Eater","floor":50,"turns":4}],"seed_played":"4891533930520749247","potions_obtained":[{"floor":4.0,"key":"PowerPotion"},{"floor":6.0,"key":"GamblersBrew"},{"floor":8.0,"key":"FearPotion"},{"floor":12.0,"key":"SneckoOil"},{"floor":13.0,"key":"SmokeBomb"},{"floor":16.0,"key":"Dexterity Potion"},{"floor":40,"key":"Fire Potion"},{"floor":41,"key":"LiquidMemories"},{"floor":45,"key":"Energy Potion"}],"is_trial":false,"path_per_floor":["M","M","$","M","M","E","R","E","T","E","M","?","M","M","R","B",null,"M","?","?","M","M","R","$","E","T","E","M","M","R","M","R","B",null,"M","$","M","?","$","M","E","R","T","R","E","R","E","M","R","B",null],"character_chosen":"IRONCLAD","items_purchased":["Shockwave","Inflame","Toxic Egg 2","Madness+1","Wild Strike","Evolve","Disarm+1"],"campfire_rested":0,"item_purchase_floors":[3,3,24,24,36,36,39],"current_hp_per_floor":[80,80,80,80,73,55,55,37,37,28,32,24,20,22,22,28,80,76,48,80,80,80,80,80,72,72,66,65,71,71,77,77,13,80,78,80,80,80,80,71,44,44,44,44,48,48,58,64,64,52],"gold":181,"neow_bonus":"HUNDRED_GOLD","is_daily":false,"chose_seed":false,"campfire_upgraded":9,"win_rate":0.0,"timestamp":1609269638,"path_taken":["M","M","$","M","M","E","R","E","T","E","M","?","M","M","R","BOSS","M","?","?","M","M","R","$","E","T","E","M","M","R","M","R","BOSS","M","$","M","?","$","M","E","R","T","R","E","R","E","M","R","BOSS"],"items_purchased_type":["Card","Card","Relic","Card","Card","Card","Card"],"build_version":"2020-12-22","purchased_purges":4,"victory":true,"max_hp_per_floor":[80,80,80,80,80,80,80,80,80,80,80,80,80,80,80,80,80,80,80,80,80,80,80,80,80,80,80,80,80,80,80,80,80,80,80,80,80,80,80,80,80,80,80,80,80,80,80,80,80,80],"relic_stats":{"counters":[30,113],"Self Forming Clay":[15],"Pen Nib":[15],"Juzu Bracelet":0,"Letter Opener":[100],"Smiling Mask":225,"Burning Blood":162,"Centennial Puzzle":[18],"Gambling Chip":[25],"MealTicket":2,"obtain_stats":[{"Calipers":43,"Self Forming Clay":45,"Vajra":27,"Pen Nib":8,"Juzu Bracelet":10,"Letter Opener":26,"Odd Mushroom":12,"Frozen Egg 2":47,"Smiling Mask":9,"Burning Blood":0,"White Beast Statue":34,"Calling Bell":34,"Centennial Puzzle":34,"Gambling Chip":34,"MealTicket":6,"Coffee Dripper":17,"Red Mask":19,"Toxic Egg 2":24,"TungstenRod":25,"Red Skull":41,"Meat on the Bone":38},{"Calipers":26,"Self Forming Clay":27,"Vajra":18,"Pen Nib":6,"Juzu Bracelet":7,"Letter Opener":17,"Odd Mushroom":9,"Frozen Egg 2":28,"Smiling Mask":6,"Burning Blood":0,"White Beast Statue":22,"Calling Bell":22,"Centennial Puzzle":22,"Gambling Chip":22,"MealTicket":5,"Coffee Dripper":12,"Red Mask":14,"Toxic Egg 2":16,"TungstenRod":17,"Red Skull":26,"Meat on the Bone":24},{"Calipers":98,"Self Forming Clay":101,"Vajra":64,"Pen Nib":21,"Juzu Bracelet":24,"Letter Opener":59,"Odd Mushroom":32,"Frozen Egg 2":107,"Smiling Mask":21,"Burning Blood":0,"White Beast Statue":78,"Calling Bell":78,"Centennial Puzzle":78,"Gambling Chip":78,"MealTicket":15,"Coffee Dripper":42,"Red Mask":50,"Toxic Egg 2":55,"TungstenRod":59,"Red Skull":98,"Meat on the Bone":85}],"TungstenRod":28,"Meat on the Bone":24},"card_choices":[{"not_picked":["Sword Boomerang","Intimidate"],"picked":"Perfected Strike","floor":1.0},{"not_picked":["Sever Soul","Pummel"],"picked":"Warcry","floor":2.0},{"not_picked":["Anger","Sword Boomerang"],"picked":"Perfected Strike","floor":4.0},{"not_picked":["Body Slam","Burning Pact"],"picked":"Dual Wield","floor":5.0},{"not_picked":["True Grit","Flex","Brutality"],"picked":"SKIP","floor":6.0},{"not_picked":["Flex","Brutality"],"picked":"True Grit","floor":6.0},{"not_picked":["Entrench","Shockwave","Flex"],"picked":"SKIP","floor":8.0},{"not_picked":["Anger","Warcry"],"picked":"Double Tap","floor":10.0},{"not_picked":["Clash","Clothesline","Anger"],"picked":"SKIP","floor":11.0},{"not_picked":["Body Slam","Shrug It Off"],"picked":"Battle Trance","floor":13.0},{"not_picked":["Pommel Strike","Anger"],"picked":"Perfected Strike","floor":14.0},{"not_picked":["Immolate","Bludgeon"],"picked":"Impervious","floor":16.0},{"not_picked":["Body Slam","Rampage","True Grit"],"picked":"SKIP","floor":18.0},{"not_picked":["Clash","Cleave"],"picked":"Warcry","floor":19.0},{"not_picked":["Carnage+1","Entrench","Cleave+1"],"picked":"SKIP","floor":21.0},{"not_picked":["Cleave+1","Hemokinesis"],"picked":"Pommel Strike+1","floor":22.0},{"not_picked":["Brutality","Clothesline","Dark Embrace"],"picked":"SKIP","floor":25.0},{"not_picked":["Clash","Demon Form","Flame Barrier+1"],"picked":"SKIP","floor":27.0},{"not_picked":["Anger+1","Clash","Flame Barrier+1"],"picked":"SKIP","floor":28.0},{"not_picked":["Flex+1","Wild Strike+1"],"picked":"Shockwave+1","floor":29.0},{"not_picked":["Body Slam","Sever Soul","Rage+1"],"picked":"SKIP","floor":31.0},{"not_picked":["Immolate","Brutality"],"picked":"Impervious+1","floor":33.0},{"not_picked":["Sword Boomerang+1","True Grit+1","Carnage+1"],"picked":"SKIP","floor":35.0},{"not_picked":["Searing Blow","Whirlwind+1","Intimidate+1"],"picked":"SKIP","floor":37.0},{"not_picked":["Cleave+1","Headbutt","Evolve"],"picked":"SKIP","floor":40},{"not_picked":["Brutality","Anger","Body Slam+1"],"picked":"SKIP","floor":41},{"not_picked":["Brutality","Anger","Body Slam+1"],"picked":"SKIP","floor":41},{"not_picked":["Body Slam+1","Seeing Red+1","Thunderclap"],"picked":"SKIP","floor":45},{"not_picked":["Body Slam+1","Seeing Red+1","Thunderclap"],"picked":"SKIP","floor":45},{"not_picked":["Headbutt+1","Rampage+1","Barricade+1"],"picked":"SKIP","floor":47},{"not_picked":["Cleave","Clothesline"],"picked":"Pommel Strike+1","floor":48}],"player_experience":325350,"relics_obtained":[{"floor":6.0,"key":"MealTicket"},{"floor":8.0,"key":"Pen Nib"},{"floor":9.0,"key":"Smiling Mask"},{"floor":10.0,"key":"Juzu Bracelet"},{"floor":12.0,"key":"Odd Mushroom"},{"floor":19.0,"key":"Red Mask"},{"floor":25.0,"key":"TungstenRod"},{"floor":26.0,"key":"Letter Opener"},{"floor":27.0,"key":"Vajra"},{"floor":34.0,"key":"Centennial Puzzle"},{"floor":34.0,"key":"White Beast Statue"},{"floor":34.0,"key":"Gambling Chip"},{"floor":41,"key":"Red Skull"},{"floor":43,"key":"Calipers"},{"floor":45,"key":"Self Forming Clay"},{"floor":47,"key":"Frozen Egg 2"}],"event_choices":[{"damage_healed":0.0,"max_hp_gain":0.0,"max_hp_loss":0.0,"gold_gain":0.0,"event_name":"Mushrooms","player_choice":"Fought Mushrooms","floor":12.0,"gold_loss":0.0,"damage_taken":0.0},{"damage_healed":0.0,"max_hp_gain":0.0,"max_hp_loss":0.0,"gold_gain":0.0,"event_name":"Masked Bandits","player_choice":"Fought Bandits","floor":19.0,"gold_loss":0.0,"damage_taken":0.0},{"damage_healed":32.0,"max_hp_gain":0.0,"max_hp_loss":0.0,"gold_gain":0.0,"event_name":"Wheel of Change","player_choice":"Full Heal","floor":20.0,"gold_loss":0.0,"damage_taken":0.0},{"damage_healed":0.0,"max_hp_gain":0.0,"max_hp_loss":0.0,"gold_gain":0.0,"event_name":"WeMeetAgain","player_choice":"Gave Potion","floor":38.0,"gold_loss":0.0,"damage_taken":0.0,"relics_obtained":["Meat on the Bone"]}],"is_beta":false,"boss_relics":[{"not_picked":["Busted Crown","Ectoplasm"],"picked":"Coffee Dripper"},{"not_picked":["Pandora\u0027s Box","Tiny House"],"picked":"Calling Bell"}],"items_purged_floors":[3,24,36,39],"is_endless":false,"potions_floor_spawned":[4,6,8,12,13,16,21,22,27,29,35,37,40,41,45,47,48],"ascension_level":0}}