{"host":"78zdngn0u28jm0pp","time":1609269328,"event":{"mods":["BaseMod","Jorbs\u0027s Wanderer Trilogy","Minty Spire (QoL Compilation)","Permanent Neow","Quick Restart","Relic Stats","StSLib","Unceasing Turn Reminder"],"gold_per_floor":[116,116,12,25,42,70,70,102,125,142,142,152,152,152,152,152,152],"floor_reached":16,"playtime":439,"items_purged":["Strike_G"],"score":220,"play_id":"9aebc183-8744-40f1-a930-9f89d73551ff","local_time":"20201229121528","is_ascension_mode":true,"campfire_choices":[{"floor":7,"key":"REST"},{"floor":11,"key":"REST"},{"data":"Crippling Poison","floor":13,"key":"SMITH"},{"data":"Neutralize","floor":15,"key":"SMITH"}],"circlet_count":0,"master_deck":["AscendersBane","Strike_G","Strike_G","Strike_G","Strike_G","Defend_G","Defend_G","Defend_G","Defend_G","Defend_G","Survivor","Neutralize+1","Crippling Poison+1","Slice","Backstab","Dagger Spray","Malaise+1","Finisher","Backflip"],"relics":["Ring of the Snake","NeowsBlessing","Tiny Chest","Oddly Smooth Stone"],"acts_visited":["Exordium"],"potions_floor_usage":[6,6,16],"damage_taken":[{"damage":0,"enemies":"2 Louse","floor":1,"turns":1},{"damage":0,"enemies":"Cultist","floor":4,"turns":1},{"damage":0,"enemies":"Small Slimes","floor":5,"turns":2},{"damage":30,"enemies":"Lagavulin","floor":6,"turns":8},{"damage":42,"enemies":"Gremlin Nob","floor":8,"turns":5},{"damage":0,"enemies":"2 Fungi Beasts","floor":10,"turns":3},{"damage":9,"enemies":"Exordium Wildlife","floor":12,"turns":5},{"damage":16,"enemies":"Hexaghost","floor":16,"turns":10}],"seed_played":"-5248814119022892987","potions_obtained":[{"floor":1,"key":"BlessingOfTheForge"},{"floor":2,"key":"DistilledChaos"},{"floor":2,"key":"Fire Potion"},{"floor":12,"key":"Swift Potion"}],"is_trial":false,"path_per_floor":["M","?","$","M","M","E","R","E","T","M","R","M","R","?","R","B"],"character_chosen":"THE_SILENT","items_purchased":["Slice"],"campfire_rested":2,"item_purchase_floors":[3],"current_hp_per_floor":[59,59,59,59,59,29,48,6,6,6,25,16,16,16,16,0,0],"gold":152,"neow_bonus":"THREE_ENEMY_KILL","is_daily":false,"chose_seed":false,"campfire_upgraded":2,"win_rate":0.0,"timestamp":1609269328,"path_taken":["M","?","$","?","M","E","R","E","T","M","R","M","R","?","R","BOSS"],"items_purchased_type":["Card"],"build_version":"2020-12-22","purchased_purges":1,"victory":false,"max_hp_per_floor":[66,66,66,66,66,66,66,66,66,66,66,66,66,66,66,66,66],"relic_stats":{"counters":[8,35],"Tiny Chest":0,"obtain_stats":[{"NeowsBlessing":0,"Oddly Smooth Stone":8,"Tiny Chest":6,"Ring of the Snake":0},{"NeowsBlessing":0,"Oddly Smooth Stone":5,"Tiny Chest":4,"Ring of the Snake":0},{"NeowsBlessing":0,"Oddly Smooth Stone":17,"Tiny Chest":12,"Ring of the Snake":0}],"Ring of the Snake":[16]},"card_choices":[{"not_picked":["Well Laid Plans","Reflex"],"picked":"Crippling Poison","floor":1},{"not_picked":["Dodge and Roll","Prepared"],"picked":"Backstab","floor":4},{"not_picked":["Poisoned Stab","Caltrops"],"picked":"Dagger Spray","floor":5},{"not_picked":["Caltrops","Heel Hook","Bane"],"picked":"SKIP","floor":6},{"not_picked":["Heel Hook","Eviscerate"],"picked":"Malaise","floor":8},{"not_picked":["Cloak And Dagger","Escape Plan"],"picked":"Finisher","floor":10},{"not_picked":["Bane","Deadly Poison"],"picked":"Backflip","floor":12}],"player_experience":732254,"relics_obtained":[{"floor":6,"key":"Tiny Chest"},{"floor":8,"key":"Oddly Smooth Stone"}],"event_choices":[{"damage_healed":0,"gold_gain":0,"player_choice":"Got Potions","damage_taken":0,"max_hp_gain":0,"max_hp_loss":0,"event_name":"Lab","floor":2,"gold_loss":0},{"damage_healed":0,"gold_gain":0,"player_choice":"Grow","damage_taken":0,"max_hp_gain":0,"max_hp_loss":0,"event_name":"Living Wall","floor":14,"gold_loss":0,"cards_upgraded":["Malaise"]}],"is_beta":false,"boss_relics":[],"items_purged_floors":[3],"is_endless":false,"potions_floor_spawned":[1,12],"killed_by":"Hexaghost","ascension_level":20}}