{"host":"w5ovz9boloi14a0g","time":1609280646,"event":{"mods":["BaseMod","Googly Eyes","Minty Spire (QoL Compilation)","StSLib","SuperFastMode"],"gold_per_floor":[115,126,126,138,157,182,200,234,234,253,283,283,283,185,185,281,331,342,342,362,381,397,397,424,424,424],"floor_reached":25,"playtime":632,"items_purged":[],"score":297,"play_id":"64635e44-58b6-4be8-a8d5-813afbab26e2","local_time":"20201229162406","is_ascension_mode":true,"campfire_choices":[{"floor":15,"key":"REST"},{"floor":23,"key":"REST"}],"circlet_count":0,"master_deck":["Strike_G+1","Strike_G","Strike_G","Strike_G","Defend_G","Defend_G","Defend_G","Defend_G","Defend_G+1","Survivor","Neutralize","Deadly Poison+1","Poisoned Stab","Choke","Blade Dance"],"relics":["Busted Crown","Blue Candle","Frozen Egg 2","Ninja Scroll","Orichalcum","Tiny House","Question Card"],"acts_visited":["TheCity"],"potions_floor_usage":[8,11,14,24],"damage_taken":[{"damage":4.0,"enemies":"Jaw Worm","floor":1.0,"turns":3.0},{"damage":0.0,"enemies":"Cultist","floor":2.0,"turns":3.0},{"damage":0.0,"enemies":"Small Slimes","floor":4.0,"turns":5.0},{"damage":13.0,"enemies":"Exordium Thugs","floor":5.0,"turns":6.0},{"damage":21.0,"enemies":"Gremlin Nob","floor":6.0,"turns":4.0},{"damage":13.0,"enemies":"Gremlin Gang","floor":7.0,"turns":5.0},{"damage":16,"enemies":"3 Sentries","floor":8,"turns":8},{"damage":0,"enemies":"Lots of Slimes","floor":10,"turns":3},{"damage":0,"enemies":"Gremlin Nob","floor":11,"turns":3},{"damage":26,"enemies":"The Guardian","floor":16,"turns":11},{"damage":0,"enemies":"Chosen","floor":18,"turns":4},{"damage":7,"enemies":"Spheric Guardian","floor":20,"turns":4},{"damage":23,"enemies":"3 Cultists","floor":21,"turns":7},{"damage":23,"enemies":"Snake Plant","floor":22,"turns":4},{"damage":33,"enemies":"Book of Stabbing","floor":24,"turns":5},{"damage":31,"enemies":"Snecko","floor":25,"turns":4}],"seed_played":"6516540649786706874","potions_obtained":[{"floor":4.0,"key":"GamblersBrew"},{"floor":7.0,"key":"EssenceOfSteel"},{"floor":8,"key":"SpeedPotion"},{"floor":10,"key":"Strength Potion"},{"floor":16,"key":"LiquidBronze"},{"floor":17,"key":"PowerPotion"}],"is_trial":false,"path_per_floor":["M","M","?","M","M","E","M","E","T","M","E","?","?","$","R","B",null,"M","?","M","M","M","R","E","M"],"character_chosen":"THE_SILENT","items_purchased":["Fruit Juice"],"campfire_rested":2,"item_purchase_floors":[14],"current_hp_per_floor":[66,66,66,66,53,32,19,3,3,3,3,26,12,17,39,13,80,80,80,73,50,27,51,18,0,0],"gold":424,"neow_bonus":"BOSS_RELIC","is_daily":false,"chose_seed":false,"campfire_upgraded":0,"win_rate":0.0,"timestamp":1609280646,"path_taken":["M","M","?","M","M","E","?","E","T","M","E","?","?","$","R","BOSS","M","?","M","M","?","R","E","M"],"items_purchased_type":["Potion"],"build_version":"2020-12-22","purchased_purges":0,"victory":false,"max_hp_per_floor":[70,70,70,70,70,70,70,70,70,70,70,70,70,75,75,75,80,80,80,80,80,80,80,80,80,80],"card_choices":[{"not_picked":[],"picked":"Deadly Poison","floor":1.0},{"not_picked":[],"picked":"Poisoned Stab","floor":2.0},{"not_picked":["Underhanded Strike"],"picked":"SKIP","floor":4.0},{"not_picked":[],"picked":"Choke","floor":5.0},{"not_picked":["All Out Attack"],"picked":"SKIP","floor":6.0},{"not_picked":["Expertise"],"picked":"SKIP","floor":7.0},{"not_picked":["Dodge and Roll"],"picked":"SKIP","floor":8},{"not_picked":["Tactician"],"picked":"SKIP","floor":10},{"not_picked":["Outmaneuver"],"picked":"SKIP","floor":11},{"not_picked":["Deflect+1"],"picked":"SKIP","floor":18},{"not_picked":["Setup+1"],"picked":"SKIP","floor":20},{"not_picked":[],"picked":"Blade Dance","floor":21},{"not_picked":["Flying Knee"],"picked":"SKIP","floor":22},{"not_picked":["Blade Dance"],"picked":"SKIP","floor":24}],"player_experience":36444,"relics_obtained":[{"floor":6.0,"key":"Blue Candle"},{"floor":8,"key":"Frozen Egg 2"},{"floor":9,"key":"Ninja Scroll"},{"floor":11,"key":"Orichalcum"},{"floor":24,"key":"Question Card"}],"event_choices":[{"cards_removed":["Strike_G"],"damage_healed":0.0,"max_hp_gain":0.0,"max_hp_loss":0.0,"gold_gain":0.0,"event_name":"Bonfire Elementals","player_choice":"Offered Basic","floor":3.0,"gold_loss":0.0,"damage_taken":0.0},{"damage_healed":23,"gold_gain":0,"player_choice":"Banana","damage_taken":0,"max_hp_gain":0,"max_hp_loss":0,"event_name":"Big Fish","floor":12,"gold_loss":0},{"damage_healed":0,"gold_gain":0,"player_choice":"Entered Light","damage_taken":14,"max_hp_gain":0,"max_hp_loss":0,"event_name":"Shining Light","floor":13,"gold_loss":0,"cards_upgraded":["Defend_G","Deadly Poison"]},{"damage_healed":0,"gold_gain":0,"player_choice":"Full Heal","damage_taken":0,"max_hp_gain":0,"max_hp_loss":0,"event_name":"Wheel of Change","floor":19,"gold_loss":0}],"is_beta":false,"boss_relics":[{"not_picked":["WristBlade","Coffee Dripper"],"picked":"Tiny House"}],"items_purged_floors":[],"is_endless":false,"potions_floor_spawned":[4,7,8,10,16,21,22],"killed_by":"Snecko","ascension_level":2}}