{"host":"vpxex9ryma3s0oll","time":1609264054,"event":{"mods":["AchievementEnabler","BaseMod","Bestiary","Minty Spire (QoL Compilation)","Quick Restart","Shop Mod","StSLib"],"gold_per_floor":[118,137,27,27,37,67,67,77,77,77,90,90,105,135,135,236,236,256,271,271,287,287,313,313,313,313,329,189,189,289,289,289],"floor_reached":31,"playtime":1571,"items_purged":["Strike_B","Strike_B"],"score":265,"play_id":"4f237486-d663-4cfe-97cf-2f1f64b8e6b6","local_time":"20201229124734","is_ascension_mode":false,"campfire_choices":[{"data":"Sunder","floor":10.0,"key":"SMITH"},{"data":"Chill","floor":12.0,"key":"SMITH"},{"data":"Reboot","floor":15.0,"key":"SMITH"},{"data":"Fusion","floor":24.0,"key":"SMITH"},{"floor":29.0,"key":"REST"}],"circlet_count":0,"master_deck":["Strike_B","Strike_B","Defend_B","Defend_B","Defend_B","Zap","Dualcast","Chill+1","Self Repair","Capacitor","FTL","Sunder+1","Recycle","Reboot+1","Biased Cognition","Barrage+1","Fusion+1","Self Repair","Tempest"],"relics":["Cracked Core","NeowsBlessing","Juzu Bracelet","Mummified Hand","Philosopher\u0027s Stone","Nunchaku","Lizard Tail","Molten Egg 2","Shovel","Pantograph"],"acts_visited":["Exordium","TheCity"],"potions_floor_usage":[],"damage_taken":[{"damage":0.0,"enemies":"Jaw Worm","floor":1.0,"turns":1.0},{"damage":0.0,"enemies":"2 Louse","floor":2.0,"turns":1.0},{"damage":0.0,"enemies":"Cultist","floor":5.0,"turns":1.0},{"damage":30.0,"enemies":"Gremlin Nob","floor":6.0,"turns":4.0},{"damage":2.0,"enemies":"3 Louse","floor":8.0,"turns":3.0},{"damage":0.0,"enemies":"Large Slime","floor":11.0,"turns":3.0},{"damage":0.0,"enemies":"Exordium Thugs","floor":13.0,"turns":5.0},{"damage":31.0,"enemies":"Lagavulin","floor":14.0,"turns":5.0},{"damage":49.0,"enemies":"The Guardian","floor":16.0,"turns":11.0},{"damage":5.0,"enemies":"Chosen","floor":18.0,"turns":3.0},{"damage":10.0,"enemies":"3 Byrds","floor":19.0,"turns":4.0},{"damage":6.0,"enemies":"Sentry and Sphere","floor":21.0,"turns":4.0},{"damage":10.0,"enemies":"Gremlin Leader","floor":23.0,"turns":9.0},{"damage":37.0,"enemies":"Snake Plant","floor":27.0,"turns":5.0},{"damage":26.0,"enemies":"Colosseum Slavers","floor":30.0,"turns":5.0},{"damage":81.0,"enemies":"Colosseum Nobs","floor":30.0,"turns":7.0},{"damage":28,"enemies":"Book of Stabbing","floor":31,"turns":3}],"seed_played":"-8799845739297640351","potions_obtained":[{"floor":8.0,"key":"FearPotion"},{"floor":13.0,"key":"SpeedPotion"},{"floor":14.0,"key":"LiquidMemories"},{"floor":16.0,"key":"CultistPotion"},{"floor":18.0,"key":"Weak Potion"}],"is_trial":false,"path_per_floor":["M","M","$","?","M","E","?","M","T","R","M","R","M","E","R","B",null,"M","M","?","M","?","E","R","?","T","M","$","R","?","E"],"character_chosen":"DEFECT","items_purchased":["Capacitor","Self Repair"],"campfire_rested":1,"item_purchase_floors":[3,28],"current_hp_per_floor":[75,75,75,75,75,52,57,62,62,62,69,69,76,52,52,10,80,80,77,62,63,63,60,60,60,60,30,30,55,24,0,0],"gold":289,"neow_bonus":"THREE_ENEMY_KILL","is_daily":false,"chose_seed":false,"campfire_upgraded":4,"win_rate":0.0,"timestamp":1609264054,"path_taken":["M","M","$","?","M","E","?","M","T","R","M","R","M","E","R","BOSS","M","M","?","M","?","E","R","?","T","M","$","R","?","E"],"items_purchased_type":["Card","Card"],"build_version":"2020-12-22","purchased_purges":2,"victory":false,"max_hp_per_floor":[75,75,75,75,75,75,80,80,80,80,80,80,80,80,80,80,80,80,80,85,85,85,85,85,85,85,85,85,85,85,85,85],"card_choices":[{"not_picked":["Coolheaded","Defragment"],"picked":"Chill","floor":1.0},{"not_picked":["Stack","Conserve Battery"],"picked":"Self Repair","floor":2.0},{"not_picked":["Gash","Ball Lightning"],"picked":"FTL","floor":5.0},{"not_picked":["Go for the Eyes","Genetic Algorithm"],"picked":"Sunder","floor":6.0},{"not_picked":["Scrape","Hologram","Auto Shields"],"picked":"SKIP","floor":8.0},{"not_picked":["Doom and Gloom","Barrage","Leap"],"picked":"SKIP","floor":11.0},{"not_picked":["Lockon","Chaos"],"picked":"Recycle","floor":13.0},{"not_picked":["Self Repair","Defragment"],"picked":"Reboot","floor":14.0},{"not_picked":["Multi-Cast","Hyperbeam"],"picked":"Biased Cognition","floor":16.0},{"not_picked":["Beam Cell","Skim"],"picked":"Barrage+1","floor":18.0},{"not_picked":["Rebound","Conserve Battery","Doom and Gloom"],"picked":"SKIP","floor":19.0},{"not_picked":["Double Energy+1","Sweeping Beam"],"picked":"Fusion","floor":21.0},{"not_picked":["Capacitor+1","Conserve Battery","Gash"],"picked":"SKIP","floor":23.0},{"not_picked":["Go for the Eyes+1","Amplify","Stack"],"picked":"SKIP","floor":27.0},{"not_picked":["Go for the Eyes+1","Turbo"],"picked":"Tempest","floor":30.0}],"player_experience":37922,"relics_obtained":[{"floor":6.0,"key":"Juzu Bracelet"},{"floor":14.0,"key":"Mummified Hand"},{"floor":23.0,"key":"Lizard Tail"},{"floor":26.0,"key":"Molten Egg 2"},{"floor":30.0,"key":"Shovel"},{"floor":30.0,"key":"Pantograph"}],"event_choices":[{"cards_removed":["Defend_B"],"damage_healed":0.0,"max_hp_gain":0.0,"max_hp_loss":0.0,"gold_gain":0.0,"event_name":"Living Wall","player_choice":"Forget","floor":4.0,"gold_loss":0.0,"damage_taken":0.0},{"damage_healed":0.0,"max_hp_gain":5.0,"max_hp_loss":0.0,"gold_gain":0.0,"event_name":"Big Fish","player_choice":"Donut","floor":7.0,"gold_loss":0.0,"damage_taken":0.0},{"damage_healed":0.0,"max_hp_gain":5.0,"max_hp_loss":0.0,"gold_gain":0.0,"event_name":"Forgotten Altar","player_choice":"Shed Blood","floor":20.0,"gold_loss":0.0,"damage_taken":20.0},{"damage_healed":0.0,"max_hp_gain":0.0,"max_hp_loss":0.0,"gold_gain":0.0,"event_name":"WeMeetAgain","player_choice":"Gave Potion","floor":22.0,"gold_loss":0.0,"damage_taken":0.0,"relics_obtained":["Nunchaku"]},{"damage_healed":0.0,"max_hp_gain":0.0,"max_hp_loss":0.0,"gold_gain":0.0,"event_name":"Vampires","player_choice":"Ignored","floor":25.0,"gold_loss":0.0,"damage_taken":0.0},{"damage_healed":0.0,"max_hp_gain":0.0,"max_hp_loss":0.0,"gold_gain":0.0,"event_name":"Colosseum","player_choice":"Fight","floor":30.0,"gold_loss":0.0,"damage_taken":0.0},{"damage_healed":0.0,"max_hp_gain":0.0,"max_hp_loss":0.0,"gold_gain":0.0,"event_name":"Colosseum","player_choice":"Fought Nobs","floor":30.0,"gold_loss":0.0,"damage_taken":0.0}],"is_beta":false,"boss_relics":[{"not_picked":["Snecko Eye","Coffee Dripper"],"picked":"Philosopher\u0027s Stone"}],"items_purged_floors":[3,28],"is_endless":false,"potions_floor_spawned":[8,13,14,16,18,30],"killed_by":"Book of Stabbing","ascension_level":0}}