{"host":"i09pxcjttd31eh4q","time":1609215882,"event":{"mods":["AchievementEnabler","BaseMod","Colored Map","Keyboard Shortcuts","Minty Spire (QoL Compilation)","StSLib","SuperFastMode"],"gold_per_floor":[115,40,40,56,71,106,106,117,117,137,150,150,165,34,34,34,34],"floor_reached":16,"playtime":362,"items_purged":[],"score":208,"play_id":"7b502dd1-daa1-4ead-9fc3-b918c234267d","local_time":"20201229132442","is_ascension_mode":true,"campfire_choices":[{"data":"Noxious Fumes","floor":7.0,"key":"SMITH"},{"floor":15.0,"key":"REST"}],"circlet_count":0,"master_deck":["AscendersBane","Strike_G","Strike_G","Strike_G","Strike_G","Defend_G","Defend_G","Defend_G","Defend_G","Defend_G","Survivor","Neutralize","Noxious Fumes+1","Backflip","Prepared","Catalyst+1","Escape Plan"],"relics":["Ring of the Snake","Happy Flower","The Courier","The Specimen","Torii","TwistedFunnel"],"acts_visited":["Exordium"],"potions_floor_usage":[],"damage_taken":[{"damage":2.0,"enemies":"Jaw Worm","floor":1.0,"turns":7.0},{"damage":0.0,"enemies":"Small Slimes","floor":4.0,"turns":5.0},{"damage":6.0,"enemies":"Cultist","floor":5.0,"turns":6.0},{"damage":29.0,"enemies":"Lagavulin","floor":6.0,"turns":10.0},{"damage":6.0,"enemies":"2 Fungi Beasts","floor":8.0,"turns":4.0},{"damage":1.0,"enemies":"3 Louse","floor":10.0,"turns":5.0},{"damage":0.0,"enemies":"Blue Slaver","floor":11.0,"turns":5.0},{"damage":4.0,"enemies":"Gremlin Gang","floor":13.0,"turns":4.0},{"damage":30,"enemies":"Hexaghost","floor":16,"turns":9}],"seed_played":"489485710482625862","potions_obtained":[{"floor":5.0,"key":"Fire Potion"},{"floor":8.0,"key":"SteroidPotion"},{"floor":11.0,"key":"AttackPotion"}],"is_trial":false,"path_per_floor":["M","?","?","M","M","E","R","M","T","M","M","?","M","$","R","B"],"character_chosen":"THE_SILENT","items_purchased":["TwistedFunnel"],"campfire_rested":1,"item_purchase_floors":[14],"current_hp_per_floor":[57,57,57,57,51,22,22,16,16,15,15,15,11,11,30,0,0],"gold":34,"neow_bonus":"RANDOM_COMMON_RELIC","is_daily":false,"chose_seed":false,"campfire_upgraded":1,"win_rate":0.0,"timestamp":1609215882,"path_taken":["M","?","?","M","?","E","R","M","T","M","M","?","M","$","R","BOSS"],"items_purchased_type":["Relic"],"build_version":"2020-12-22","purchased_purges":0,"victory":false,"max_hp_per_floor":[66,66,66,66,66,66,66,66,66,66,66,66,66,66,66,66,66],"card_choices":[{"not_picked":["Sucker Punch","Blur"],"picked":"Dagger Throw","floor":1.0},{"not_picked":["Slice","Underhanded Strike"],"picked":"Noxious Fumes","floor":4.0},{"not_picked":["Sucker Punch","Outmaneuver","Distraction"],"picked":"SKIP","floor":5.0},{"not_picked":["Finisher","Expertise","Underhanded Strike"],"picked":"SKIP","floor":6.0},{"not_picked":["PiercingWail","Bane"],"picked":"Backflip","floor":8.0},{"not_picked":["Underhanded Strike","Infinite Blades"],"picked":"Prepared","floor":10.0},{"not_picked":["Caltrops","Cloak And Dagger"],"picked":"Catalyst","floor":11.0},{"not_picked":["PiercingWail","Outmaneuver"],"picked":"Escape Plan","floor":13.0}],"player_experience":785596,"relics_obtained":[{"floor":6.0,"key":"The Specimen"},{"floor":9.0,"key":"Torii"}],"event_choices":[{"cards_removed":["Strike_G"],"damage_healed":0.0,"max_hp_gain":0.0,"max_hp_loss":0.0,"gold_gain":0.0,"event_name":"The Cleric","player_choice":"Card Removal","floor":2.0,"gold_loss":75.0,"damage_taken":0.0},{"cards_removed":["Dagger Throw"],"damage_healed":0.0,"max_hp_gain":0.0,"max_hp_loss":0.0,"gold_gain":0.0,"event_name":"WeMeetAgain","player_choice":"Gave Card","floor":3.0,"gold_loss":0.0,"damage_taken":0.0,"relics_obtained":["The Courier"]},{"damage_healed":0.0,"max_hp_gain":0.0,"max_hp_loss":0.0,"gold_gain":0.0,"event_name":"Living Wall","player_choice":"Grow","floor":12.0,"gold_loss":0.0,"damage_taken":0.0,"cards_upgraded":["Catalyst"]}],"is_beta":false,"boss_relics":[],"items_purged_floors":[],"is_endless":false,"potions_floor_spawned":[5,8,11],"killed_by":"Hexaghost","ascension_level":20}}