{"host":"sc0o2qwpf9j16a4i","time":1609242169,"event":{"mods":["AchievementEnabler","BaseMod","BetterRewards","Block Reminder","Colored Map","Colored Powertips","Custom Start","Highlight Path","Minty Spire (QoL Compilation)","Relic Stats"],"gold_per_floor":[110,110,127,27,27,27,58,58,85,32,32,48,83,95,95,168,168,188,205,217,4,31,63,63,90,116,116,129,160,178,213,213,287,287,304,304,314,325,325,351,351,384,384,398,77,96,96,110,110,110,110,110],"floor_reached":51,"playtime":2206,"items_purged":["Strike_R","Strike_R","Strike_R"],"score":2190,"play_id":"bb785933-3b5a-4dfd-9fb4-6a7875d0f262","local_time":"20201229134249","is_ascension_mode":true,"campfire_choices":[{"data":"Spot Weakness","floor":6,"key":"SMITH"},{"floor":8,"key":"REST"},{"data":"Bash","floor":11,"key":"SMITH"},{"data":"1","floor":15,"key":"LIFT"},{"floor":24,"key":"REST"},{"floor":27,"key":"REST"},{"data":"2","floor":32,"key":"LIFT"},{"data":"Armaments","floor":41,"key":"SMITH"},{"floor":47,"key":"RECALL"},{"data":"3","floor":49,"key":"LIFT"}],"circlet_count":0,"master_deck":["AscendersBane","Defend_R","Defend_R","Defend_R","Bash+1","Spot Weakness+1","Whirlwind","Shrug It Off","Thunderclap","Headbutt","Demon Form","Clothesline","Armaments+1","Heavy Blade+1","Rage","Reaper","Berserk","Battle Trance","Warcry","Corruption","Blood for Blood+1","Entrench+1","Cleave+1","True Grit+1","Armaments","Second Wind","Sentinel","Feel No Pain","Shockwave+1","Shrug It Off"],"relics":["Burning Blood","Kunai","Thread and Needle","FossilizedHelix","Girya","Art of War","Dream Catcher","Philosopher\u0027s Stone","OrangePellets","Red Mask","Dead Branch","Du-Vu Doll","Bronze Scales","Ornamental Fan","Bottled Tornado","Astrolabe","Oddly Smooth Stone","Happy Flower","Lantern"],"acts_visited":["Exordium","TheCity","TheBeyond"],"potions_floor_usage":[13,16,22,23,23,29,33,42,50],"damage_taken":[{"damage":3,"enemies":"Jaw Worm","floor":1,"turns":6},{"damage":0,"enemies":"Small Slimes","floor":3,"turns":4},{"damage":24,"enemies":"Gremlin Nob","floor":7,"turns":4},{"damage":0,"enemies":"Cultist","floor":12,"turns":3},{"damage":7,"enemies":"3 Sentries","floor":13,"turns":7},{"damage":0,"enemies":"Red Slaver","floor":14,"turns":2},{"damage":14,"enemies":"Hexaghost","floor":16,"turns":9},{"damage":11,"enemies":"Spheric Guardian","floor":18,"turns":5},{"damage":0,"enemies":"2 Thieves","floor":19,"turns":2},{"damage":0,"enemies":"Snecko","floor":20,"turns":4},{"damage":0,"enemies":"Masked Bandits","floor":22,"turns":3},{"damage":34,"enemies":"Gremlin Leader","floor":23,"turns":7},{"damage":50,"enemies":"Book of Stabbing","floor":25,"turns":6},{"damage":0,"enemies":"3 Cultists","floor":28,"turns":4},{"damage":6,"enemies":"Slavers","floor":29,"turns":3},{"damage":10,"enemies":"Sentry and Sphere","floor":30,"turns":5},{"damage":0,"enemies":"Book of Stabbing","floor":31,"turns":4},{"damage":0,"enemies":"Collector","floor":33,"turns":7},{"damage":14,"enemies":"3 Darklings","floor":35,"turns":4},{"damage":0,"enemies":"3 Shapes","floor":37,"turns":2},{"damage":50,"enemies":"Sphere and 2 Shapes","floor":38,"turns":3},{"damage":0,"enemies":"Giant Head","floor":40,"turns":5},{"damage":0,"enemies":"Nemesis","floor":42,"turns":3},{"damage":2,"enemies":"Spire Growth","floor":44,"turns":4},{"damage":19,"enemies":"Transient","floor":46,"turns":6},{"damage":0,"enemies":"Maw","floor":48,"turns":4},{"damage":30,"enemies":"Donu and Deca","floor":50,"turns":5},{"damage":19,"enemies":"Time Eater","floor":51,"turns":4}],"seed_played":"-1382602259388532513","potions_obtained":[{"floor":12,"key":"LiquidMemories"},{"floor":13,"key":"Fire Potion"},{"floor":20,"key":"FearPotion"},{"floor":22,"key":"Fire Potion"},{"floor":28,"key":"Fire Potion"},{"floor":29,"key":"EssenceOfSteel"},{"floor":30,"key":"SkillPotion"},{"floor":37,"key":"BloodPotion"},{"floor":46,"key":"LiquidBronze"}],"is_trial":false,"path_per_floor":["M","?","M","$","?","R","E","R","T","$","R","M","E","M","R","B",null,"M","M","M","$","?","E","R","E","T","R","M","E","M","E","R","B",null,"M","?","M","M","?","E","R","E","T","M","$","M","R","M","R","B","B"],"character_chosen":"IRONCLAD","items_purchased":["Kunai","Thread and Needle","FossilizedHelix","Spot Weakness","Explosive Potion","Block Potion","OrangePellets","Armaments","Feel No Pain","Lantern"],"campfire_rested":3,"item_purchase_floors":[0,0,0,0,0,10,21,21,45,45],"current_hp_per_floor":[28,28,34,34,39,39,21,45,45,45,45,51,50,56,56,48,72,67,73,79,79,80,52,76,41,41,65,71,71,76,80,80,80,80,75,75,76,32,32,38,38,59,59,76,76,76,76,76,76,52,33,33],"gold":110,"neow_bonus":"","is_daily":false,"chose_seed":false,"campfire_upgraded":3,"win_rate":0.0,"timestamp":1609242169,"path_taken":["M","?","M","$","?","R","E","R","T","?","R","M","E","M","R","BOSS","M","M","?","$","?","E","R","E","T","R","M","E","M","E","R","BOSS","M","?","M","M","?","E","R","E","T","?","?","M","R","M","R","BOSS","BOSS"],"items_purchased_type":["Relic","Relic","Relic","Card","Potion","Potion","Relic","Card","Card","Relic"],"build_version":"2020-12-22","purchased_purges":3,"victory":false,"max_hp_per_floor":[75,75,75,75,80,80,80,80,80,80,80,80,80,80,80,80,80,80,80,80,80,80,80,80,80,80,80,80,80,80,80,80,80,80,80,76,76,76,76,76,76,76,76,76,76,76,76,76,76,76,76,76],"relic_stats":{"OrangePellets":[23],"Dream Catcher":2,"Happy Flower":[20],"counters":[106,590],"Ornamental Fan":[148],"Dead Branch":[108],"Bronze Scales":[127],"Astrolabe":["Blood for Blood","Entrench","Cleave"],"Art of War":[27],"Kunai":[43],"obtain_stats":[{"Ice Cream":2,"Calipers":24,"Gremlin Horn":9,"CeramicFish":7,"Vajra":2,"Bottled Tornado":6,"Blood Vial":9,"Sozu":17,"HornCleat":13,"DollysMirror":36,"Philosopher\u0027s Stone":17,"Prayer Wheel":0,"MealTicket":5,"Necronomicon":22,"Kunai":0,"Girya":7,"Happy Flower":42,"Dead Branch":23,"Astrolabe":34,"Oddly Smooth Stone":11,"Letter Opener":40,"War Paint":7,"Question Card":26,"WarpedTongs":11,"Du-Vu Doll":25,"SlaversCollar":34,"OrangePellets":21,"Shuriken":0,"Bronze Scales":39,"MutagenicStrength":24,"Mark of Pain":34,"StrikeDummy":24,"Meat on the Bone":31,"Lantern":8,"Singing Bowl":0,"Bag of Preparation":10,"Smiling Mask":13,"Ancient Tea Set":12,"Cursed Key":17,"Burning Blood":0,"Dream Catcher":13,"Gambling Chip":41,"Red Mask":22,"Lee\u0027s Waffle":0,"Thread and Needle":23,"Orichalcum":0,"Odd Mushroom":11,"Medical Kit":0,"Anchor":26,"CaptainsWheel":30,"Ornamental Fan":9,"Coffee Dripper":34,"Art of War":20,"Bottled Lightning":24,"Champion Belt":7,"FossilizedHelix":0},{"Ice Cream":58,"Calipers":33,"Gremlin Horn":40,"CeramicFish":25,"Vajra":22,"Bottled Tornado":61,"Blood Vial":5,"Sozu":28,"HornCleat":7,"DollysMirror":75,"Philosopher\u0027s Stone":8,"Prayer Wheel":57,"MealTicket":60,"Necronomicon":44,"Kunai":78,"Girya":81,"Happy Flower":101,"Dead Branch":90,"Astrolabe":96,"Oddly Smooth Stone":25,"Letter Opener":20,"War Paint":5,"Question Card":14,"WarpedTongs":40,"Du-Vu Doll":91,"SlaversCollar":17,"OrangePellets":31,"Shuriken":21,"Bronze Scales":19,"MutagenicStrength":45,"Mark of Pain":74,"StrikeDummy":70,"Meat on the Bone":34,"Lantern":5,"Singing Bowl":35,"Bag of Preparation":63,"Smiling Mask":27,"Ancient Tea Set":41,"Cursed Key":43,"Burning Blood":0,"Dream Catcher":83,"Gambling Chip":54,"Red Mask":89,"Lee\u0027s Waffle":35,"Thread and Needle":45,"Orichalcum":21,"Odd Mushroom":64,"Medical Kit":21,"Anchor":33,"CaptainsWheel":72,"Ornamental Fan":62,"Coffee Dripper":49,"Art of War":68,"Bottled Lightning":14,"Champion Belt":39,"FossilizedHelix":78},{"Ice Cream":311,"Calipers":159,"Gremlin Horn":196,"CeramicFish":117,"Vajra":104,"Bottled Tornado":327,"Blood Vial":23,"Sozu":135,"HornCleat":29,"DollysMirror":450,"Philosopher\u0027s Stone":41,"Prayer Wheel":307,"MealTicket":321,"Necronomicon":224,"Kunai":465,"Girya":479,"Happy Flower":567,"Dead Branch":521,"Astrolabe":550,"Oddly Smooth Stone":117,"Letter Opener":95,"War Paint":23,"Question Card":63,"WarpedTongs":196,"Du-Vu Doll":527,"SlaversCollar":82,"OrangePellets":150,"Shuriken":101,"Bronze Scales":88,"MutagenicStrength":232,"Mark of Pain":441,"StrikeDummy":406,"Meat on the Bone":166,"Lantern":23,"Singing Bowl":174,"Bag of Preparation":348,"Smiling Mask":125,"Ancient Tea Set":206,"Cursed Key":217,"Burning Blood":0,"Dream Catcher":489,"Gambling Chip":287,"Red Mask":514,"Lee\u0027s Waffle":174,"Thread and Needle":232,"Orichalcum":101,"Odd Mushroom":356,"Medical Kit":101,"Anchor":159,"CaptainsWheel":425,"Ornamental Fan":336,"Coffee Dripper":261,"Art of War":386,"Bottled Lightning":63,"Champion Belt":189,"FossilizedHelix":465}],"Burning Blood":537},"card_choices":[{"not_picked":["Rupture","Carnage"],"picked":"Anger","floor":1},{"not_picked":["Sentinel","Pommel Strike","Clash"],"picked":"SKIP","floor":3},{"not_picked":["Pommel Strike","Wild Strike"],"picked":"Whirlwind","floor":7},{"not_picked":["Ghostly Armor","Rampage"],"picked":"Shrug It Off","floor":12},{"not_picked":["Power Through","Sword Boomerang"],"picked":"Thunderclap","floor":13},{"not_picked":["Reckless Charge","Carnage"],"picked":"Headbutt","floor":14},{"not_picked":["Bludgeon","Juggernaut"],"picked":"Demon Form","floor":16},{"not_picked":["True Grit","Havoc"],"picked":"Clothesline","floor":18},{"not_picked":["Perfected Strike+1","Warcry","Anger"],"picked":"SKIP","floor":19},{"not_picked":["Wild Strike","Sword Boomerang","Clothesline"],"picked":"SKIP","floor":20},{"not_picked":["Twin Strike","Bloodletting"],"picked":"Heavy Blade+1","floor":22},{"not_picked":["Dual Wield+1","Rage","Hemokinesis+1"],"picked":"SKIP","floor":23},{"not_picked":["Dual Wield+1","Hemokinesis+1"],"picked":"Rage","floor":23},{"not_picked":["Uppercut","Body Slam+1"],"picked":"Reaper","floor":24},{"not_picked":["Heavy Blade","Bloodletting","Armaments"],"picked":"SKIP","floor":25},{"not_picked":["Pummel","Infernal Blade"],"picked":"Berserk","floor":28},{"not_picked":["Twin Strike","Perfected Strike+1"],"picked":"Battle Trance","floor":29},{"not_picked":["Anger","Rampage"],"picked":"Warcry","floor":30},{"not_picked":["Power Through","Perfected Strike+1","Whirlwind"],"picked":"SKIP","floor":31},{"not_picked":["Juggernaut","Demon Form"],"picked":"Corruption","floor":33},{"not_picked":["Ghostly Armor","Sword Boomerang"],"picked":"True Grit+1","floor":35},{"not_picked":["Headbutt","Rampage","Clothesline+1"],"picked":"SKIP","floor":37},{"not_picked":["Blood for Blood","Clothesline","Cleave"],"picked":"SKIP","floor":38},{"not_picked":["Clothesline","Perfected Strike"],"picked":"Armaments","floor":40},{"not_picked":["Second Wind","Corruption","Carnage"],"picked":"SKIP","floor":42},{"not_picked":["Corruption","Carnage"],"picked":"Second Wind","floor":42},{"not_picked":["Thunderclap+1","Clash"],"picked":"Sentinel","floor":44},{"not_picked":["Flex","Sever Soul+1"],"picked":"Shockwave+1","floor":46},{"not_picked":["Sword Boomerang","Cleave"],"picked":"Shrug It Off","floor":48}],"player_experience":385052,"relics_obtained":[{"floor":7,"key":"Girya"},{"floor":9,"key":"Art of War"},{"floor":13,"key":"Dream Catcher"},{"floor":22,"key":"Red Mask"},{"floor":23,"key":"Dead Branch"},{"floor":25,"key":"Du-Vu Doll"},{"floor":26,"key":"Bronze Scales"},{"floor":29,"key":"Ornamental Fan"},{"floor":31,"key":"Bottled Tornado"},{"floor":40,"key":"Oddly Smooth Stone"},{"floor":42,"key":"Happy Flower"}],"event_choices":[{"damage_healed":0,"gold_gain":0,"player_choice":"Ignored","damage_taken":0,"max_hp_gain":0,"max_hp_loss":0,"event_name":"Shining Light","floor":2,"gold_loss":0},{"damage_healed":0,"gold_gain":0,"player_choice":"Donut","damage_taken":0,"max_hp_gain":5,"max_hp_loss":0,"event_name":"Big Fish","floor":5,"gold_loss":0},{"damage_healed":0,"gold_gain":0,"player_choice":"Fought Bandits","damage_taken":0,"max_hp_gain":0,"max_hp_loss":0,"event_name":"Masked Bandits","floor":22,"gold_loss":0},{"damage_healed":0,"gold_gain":0,"player_choice":"Max HP","damage_taken":0,"max_hp_gain":0,"max_hp_loss":4,"event_name":"Winding Halls","floor":36,"gold_loss":0},{"cards_removed":["Anger"],"damage_healed":0,"gold_gain":0,"player_choice":"Removed Attack","damage_taken":0,"max_hp_gain":0,"max_hp_loss":0,"event_name":"Falling","floor":39,"gold_loss":0}],"is_beta":false,"boss_relics":[{"not_picked":["SacredBark","Runic Dome"],"picked":"Philosopher\u0027s Stone"},{"not_picked":["Velvet Choker","Coffee Dripper"],"picked":"Astrolabe"}],"items_purged_floors":[0,4,45],"is_endless":false,"potions_floor_spawned":[12,13,14,20,22,28,29,30,37,40,46,48],"killed_by":"Time Eater","ascension_level":20}}