{"host":"7m635teefjn47zxe","time":1609239367,"event":{"mods":["BaseMod","Colored Map","Minty Spire (QoL Compilation)","Permanent Neow","Relic Stats","StSLib","everything is the same but u backflip on backflip"],"gold_per_floor":[119,294,294,244,169,198,198,225,225,225,300,300,72,101,101,101,101],"floor_reached":16,"playtime":498,"items_purged":["Strike_R"],"score":140,"play_id":"4aed9f1a-08fa-4712-a220-182e3a5a06ff","local_time":"20201229115607","is_ascension_mode":true,"campfire_choices":[{"floor":7,"key":"REST"},{"floor":12,"key":"REST"},{"data":"Limit Break","floor":15,"key":"SMITH"}],"circlet_count":0,"master_deck":["Strike_R","Strike_R","Strike_R","Defend_R","Defend_R","Defend_R","Defend_R","Bash","Heavy Blade","Battle Trance","Ghostly Armor","Flex","Heavy Blade","Limit Break+1"],"relics":["Burning Blood","Tiny Chest","Ornamental Fan","Blue Candle","Ancient Tea Set","InkBottle","Lee\u0027s Waffle","Boot"],"acts_visited":["Exordium"],"potions_floor_usage":[16],"damage_taken":[{"damage":3,"enemies":"2 Louse","floor":1,"turns":3},{"damage":60,"enemies":"3 Sentries","floor":6,"turns":11},{"damage":32,"enemies":"Gremlin Nob","floor":8,"turns":4},{"damage":30,"enemies":"Lagavulin","floor":14,"turns":7},{"damage":65,"enemies":"Hexaghost","floor":16,"turns":12}],"seed_played":"-738360987070109512","potions_obtained":[{"floor":14,"key":"Dexterity Potion"}],"is_trial":false,"path_per_floor":["M","?","?","?","$","E","R","E","T","T","?","R","$","E","R","B"],"character_chosen":"IRONCLAD","items_purchased":["Lee\u0027s Waffle","Flex","Heavy Blade"],"campfire_rested":2,"item_purchase_floors":[13,13,13],"current_hp_per_floor":[80,80,73,73,73,19,43,17,17,17,6,30,87,63,63,0,0],"gold":101,"neow_bonus":"RANDOM_COMMON_RELIC","is_daily":false,"chose_seed":false,"campfire_upgraded":1,"win_rate":0.0,"timestamp":1609239367,"path_taken":["M","?","?","?","$","E","R","E","T","?","?","R","$","E","R","BOSS"],"items_purchased_type":["Relic","Card","Card"],"build_version":"2020-12-22","purchased_purges":1,"victory":false,"max_hp_per_floor":[80,80,80,80,80,80,80,80,80,80,80,80,87,87,87,87,87],"relic_stats":{"Lee\u0027s Waffle":57,"counters":[5,37],"Ornamental Fan":[0],"Blue Candle":[0],"Tiny Chest":1,"Boot":[0],"obtain_stats":[{"Lee\u0027s Waffle":13,"Ornamental Fan":6,"Blue Candle":8,"Tiny Chest":0,"Ancient Tea Set":9,"Boot":14,"Burning Blood":0,"InkBottle":10},{"Lee\u0027s Waffle":3,"Ornamental Fan":2,"Blue Candle":3,"Tiny Chest":0,"Ancient Tea Set":3,"Boot":4,"Burning Blood":0,"InkBottle":3},{"Lee\u0027s Waffle":18,"Ornamental Fan":14,"Blue Candle":18,"Tiny Chest":0,"Ancient Tea Set":18,"Boot":25,"Burning Blood":0,"InkBottle":18}],"Burning Blood":21,"InkBottle":[4]},"card_choices":[{"not_picked":["Wild Strike","Twin Strike"],"picked":"Heavy Blade","floor":1},{"not_picked":["True Grit","Rupture"],"picked":"Battle Trance","floor":6},{"not_picked":["Pummel","Battle Trance"],"picked":"Ghostly Armor","floor":8},{"not_picked":["Bloodletting","Intimidate"],"picked":"Limit Break","floor":14}],"player_experience":170532,"relics_obtained":[{"floor":6,"key":"Ornamental Fan"},{"floor":8,"key":"Blue Candle"},{"floor":9,"key":"Ancient Tea Set"},{"floor":10,"key":"InkBottle"},{"floor":14,"key":"Boot"}],"event_choices":[{"damage_healed":0,"gold_gain":175,"player_choice":"AGREE","damage_taken":0,"max_hp_gain":0,"max_hp_loss":0,"event_name":"Liars Game","floor":2,"gold_loss":0,"cards_obtained":["Doubt"]},{"cards_removed":["Doubt"],"damage_healed":0,"gold_gain":0,"player_choice":"Card Removal","damage_taken":7,"max_hp_gain":0,"max_hp_loss":0,"event_name":"Golden Wing","floor":3,"gold_loss":0},{"cards_removed":["Strike_R"],"damage_healed":0,"gold_gain":0,"player_choice":"Card Removal","damage_taken":0,"max_hp_gain":0,"max_hp_loss":0,"event_name":"The Cleric","floor":4,"gold_loss":50},{"damage_healed":0,"gold_gain":75,"player_choice":"Gather Gold","damage_taken":11,"max_hp_gain":0,"max_hp_loss":0,"event_name":"World of Goop","floor":11,"gold_loss":0}],"is_beta":false,"boss_relics":[],"items_purged_floors":[5],"is_endless":false,"potions_floor_spawned":[14],"killed_by":"Hexaghost","ascension_level":5}}