{"host":"84q76aodgcnul3jg","time":1609219199,"event":{"mods":["Act Like it!","Ascension Reborn","BaseMod","Colored Map","Colored Powertips","Downfall","Highlight Path","Marked Mod","Minty Spire (QoL Compilation)","Quick Restart","Rare Cards Sparkle","Reimu£¨²©ÀöÁéÃÎ£©","Remilia£¨ÀÙÃ×ÀòÑÇ£©","Replay The Spire","RumiaBox-Â¶Ã×æ«µÄÉñÃØºÐ×Ó","StSLib","The Hierophant"],"gold_per_floor":[111,111,111,53,65,95,121,139,165,165,190,190,205,58,58,162,162,172,172,172,172,26,56,72,92,92,92,176,187,212,173,173,272,272,284,36,52,69,86,86,113,124,124,141,151,163,177,189,189,284,284,294,313,327,172,188,221,250,260,291,291,291,291,3,22,22,141,141,141,141],"floor_reached":69,"playtime":10542,"items_purged":[],"score":1293,"play_id":"661b68f3-bdae-4227-b56c-3201dc783533","local_time":"20201229131959","daily_mods":["Shiny","Flight"],"is_ascension_mode":false,"campfire_choices":[{"floor":10.0,"key":"REST"},{"floor":15.0,"key":"DIG"},{"floor":32.0,"key":"REST"},{"floor":40.0,"key":"REST"},{"floor":49.0,"key":"REST"},{"floor":66,"key":"REST"}],"circlet_count":0,"master_deck":["Devotion","LessonLearned+1","Vault","Establishment","Judgement+1","MasterReality","Blasphemy+1","Scrawl+1","MarkedMod:SlowDance","Brilliance+1","MarkedMod:ChiBlock","Replay:AllIn+1","Alpha+1","Replay:LoomingThreat","DeusExMachina+1","ConjureBlade","MarkedMod:NorthStar+1","Ragnarok+1","Omniscience","SpiritShield","DevaForm+1","LikeWater+1","MentalFortress+1","FearNoEvil+1","Study+1","Meditate","EmptyBody","Wireheading","Replay:DivineShield","DeceiveReality","MarkedMod:NorthStar","ForeignInfluence+1","FlyingSleeves+1","FollowUp+1","Protect+1","SandsOfTime+1","PathToVictory","BattleHymn","PathToVictory+1","TalkToTheHand","Protect+1","ClearTheMind+1","BowlingBash+1","MarkedMod:GentlePulse","Protect+1","MarkedMod:GracefulMovements","MarkedMod:FirstStrike","Consecrate","Replay:DivineShield","SashWhip","Scrawl","PathToVictory","WheelKick","ClearTheMind","Regret","FollowUp","MarkedMod:PinPointDefense","Judgement"],"relics":["PureWater","Pet Ghost","Art of War","Dream Catcher","Odd Mushroom","Ccalipers","Garlic","Fusion Hammer","Nilry\u0027s Codex","Lee\u0027s Waffle","Replay:WaspNest","Mummified Hand","Whetstone","RedLine:ReiMu","TeardropLocket","StoneCalendar","Singing Bowl","Honey Jar","Potion Belt","Golden Idol","Smiling Mask","Peace Pipe","EasyGame_NEW"],"acts_visited":["Exordium","TheCity","TheBeyond","Exordium","TheCity"],"potions_floor_usage":[67,67],"damage_taken":[{"damage":0.0,"enemies":"Jaw Worm","floor":1.0,"turns":1.0},{"damage":5.0,"enemies":"Small Slimes","floor":5.0,"turns":3.0},{"damage":9.0,"enemies":"3 Sentries","floor":6.0,"turns":3.0},{"damage":6.0,"enemies":"Gremlin Nob","floor":7.0,"turns":3.0},{"damage":6.0,"enemies":"Cultist","floor":8.0,"turns":3.0},{"damage":0.0,"enemies":"The Mushroom Lair","floor":11.0,"turns":2.0},{"damage":6.0,"enemies":"2 Fungi Beasts","floor":13.0,"turns":3.0},{"damage":8.0,"enemies":"Hexaghost","floor":16.0,"turns":8.0},{"damage":0.0,"enemies":"Shell Parasite","floor":18.0,"turns":4.0},{"damage":0.0,"enemies":"Book of Stabbing","floor":23.0,"turns":1.0},{"damage":0.0,"enemies":"Spheric Guardian","floor":24.0,"turns":1.0},{"damage":0.0,"enemies":"Snake Plant","floor":25.0,"turns":2.0},{"damage":9.0,"enemies":"Centurion and Healer","floor":29.0,"turns":5.0},{"damage":0.0,"enemies":"Automaton","floor":33.0,"turns":6.0},{"damage":20.0,"enemies":"3 Shapes","floor":35.0,"turns":4.0},{"damage":0.0,"enemies":"3 Darklings","floor":37.0,"turns":2.0},{"damage":17.0,"enemies":"Spire Growth","floor":38.0,"turns":5.0},{"damage":1.0,"enemies":"Jaw Worm Horde","floor":39.0,"turns":2.0},{"damage":6.0,"enemies":"Giant Head","floor":41.0,"turns":6.0},{"damage":0.0,"enemies":"Maw","floor":42.0,"turns":6.0},{"damage":7.0,"enemies":"Spire Growth","floor":44.0,"turns":4.0},{"damage":0.0,"enemies":"Jaw Worm Horde","floor":45.0,"turns":3.0},{"damage":0.0,"enemies":"Maw","floor":46.0,"turns":7.0},{"damage":27.0,"enemies":"Spire Growth","floor":47.0,"turns":4.0},{"damage":2.0,"enemies":"Jaw Worm Horde","floor":48.0,"turns":4.0},{"damage":30.0,"enemies":"Time Eater","floor":50.0,"turns":8.0},{"damage":10.0,"enemies":"Cultist","floor":52.0,"turns":3.0},{"damage":1.0,"enemies":"Small Slimes","floor":53.0,"turns":2.0},{"damage":0.0,"enemies":"Jaw Worm","floor":54.0,"turns":1.0},{"damage":0.0,"enemies":"2 Fungi Beasts","floor":56.0,"turns":1.0},{"damage":9.0,"enemies":"3 Sentries","floor":57.0,"turns":3.0},{"damage":0.0,"enemies":"Lagavulin","floor":58.0,"turns":5.0},{"damage":0.0,"enemies":"Gremlin Gang","floor":59.0,"turns":1.0},{"damage":5.0,"enemies":"Replay:BlueRogue","floor":60.0,"turns":5.0},{"damage":0,"enemies":"Exordium Thugs","floor":65,"turns":2},{"damage":8,"enemies":"Fading Forest","floor":67,"turns":10},{"damage":0,"enemies":"Chosen","floor":69,"turns":1}],"seed_played":"9213742226117987891","potions_obtained":[{"floor":1.0,"key":"CultistPotion"},{"floor":7.0,"key":"DistilledChaos"},{"floor":11.0,"key":"Guardian:BlockOnCardUsePotion"},{"floor":13.0,"key":"GrandPatriotsElixir:ReiMu"},{"floor":23.0,"key":"MarkedMod:BlackLotusJuice"},{"floor":29.0,"key":"SteroidPotion"},{"floor":38.0,"key":"Energy Potion"},{"floor":39.0,"key":"LifebloodPotion"},{"floor":42.0,"key":"Dexterity Potion"},{"floor":45.0,"key":"BottledMiracle"},{"floor":47.0,"key":"Energy Potion"},{"floor":48.0,"key":"SpeedPotion"},{"floor":53.0,"key":"Explosive Potion"},{"floor":57.0,"key":"BottledMiracle"},{"floor":65,"key":"champ:CounterPotion"},{"floor":67,"key":"Flashbang"}],"is_trial":true,"path_per_floor":["M","?","?","$","M","E","E","M","T","R","?","?","M","$","R_BF","B",null,"M","?","?","?","$","E","M","M","T","$","?","M","T","$","R","B",null,"M","$","M","M","M","R","E","M","T","M","M","M","M","M","R","B",null,"M","M","M","$","M","E","E","M","E","?","?","?","$","M","R","B",null,"M"],"character_chosen":"WATCHER","items_purchased":["FearNoEvil","Ccalipers","Lee\u0027s Waffle","BattleHymn","TeardropLocket","Potion Belt","Peace Pipe"],"campfire_rested":5,"item_purchase_floors":[4,14,22,31,36,55,64],"current_hp_per_floor":[72,72,72,72,67,58,52,46,46,67,67,67,61,61,61,53,72,72,56,56,56,79,79,79,79,79,79,60,51,51,51,74,74,79,59,59,59,42,41,64,58,58,58,53,55,57,32,30,58,30,91,83,84,86,86,88,81,83,85,82,56,56,56,56,58,90,94,111,111,111],"gold":141,"neow_bonus":"","is_daily":false,"chose_seed":false,"campfire_upgraded":0,"win_rate":0.0,"timestamp":1609219199,"path_taken":["M","?","?","?","?","E","E","M","T","R","?","?","?","$","R_BF","BOSS","M","?","?","?","?","E","M","?","T","?","?","M","?","$","R","BOSS","M","$","M","M","M","R","E","M","T","M","M","M","M","?","R","BOSS","M","M","M","$","M","E","E","M","E","?","?","?","$","?","R","BOSS","M"],"items_purchased_type":["Card","Relic","Relic","Card","Relic","Relic","Relic"],"build_version":"2020-12-22","purchased_purges":0,"victory":false,"max_hp_per_floor":[72,72,72,72,72,72,72,72,72,72,72,72,72,72,72,72,72,72,72,72,72,79,79,79,79,79,79,79,79,79,79,79,79,79,79,79,79,79,79,79,79,79,79,81,83,85,87,87,89,91,91,93,95,97,97,99,101,103,105,107,107,107,107,107,109,109,111,111,111,111],"card_choices":[{"not_picked":["WreathOfFlame","MarkedMod:Acupuncture"],"picked":"LikeWater","floor":1.0},{"not_picked":["Halt","MarkedMod:Acupuncture"],"picked":"Study","floor":5.0},{"not_picked":["Halt","Replay:DivineShield"],"picked":"Meditate","floor":6.0},{"not_picked":["CrushJoints","EmptyFist"],"picked":"EmptyBody","floor":7.0},{"not_picked":["CrushJoints","CutThroughFate"],"picked":"Wireheading","floor":8.0},{"not_picked":["InnerPeace","SashWhip"],"picked":"Replay:DivineShield","floor":10.0},{"not_picked":["EmptyBody","CutThroughFate"],"picked":"DeceiveReality","floor":13.0},{"not_picked":["Replay:AllIn","Devotion"],"picked":"MarkedMod:NorthStar","floor":16.0},{"not_picked":["Halt","ReachHeaven"],"picked":"ForeignInfluence+1","floor":18.0},{"not_picked":["Replay:AllIn","ReachHeaven+1"],"picked":"FlyingSleeves+1","floor":23.0},{"not_picked":["Collect","EmptyFist","Evaluate"],"picked":"SKIP","floor":24.0},{"not_picked":["ThirdEye","CrushJoints+1"],"picked":"FollowUp+1","floor":25.0},{"not_picked":["FollowUp","PathToVictory+1"],"picked":"Protect+1","floor":28.0},{"not_picked":["Halt","JustLucky+1"],"picked":"SandsOfTime+1","floor":28.0},{"not_picked":["Replay:BluntJabs","Replay:DivineShield"],"picked":"PathToVictory","floor":28.0},{"not_picked":["EmptyBody","EmptyFist","Evaluate"],"picked":"SKIP","floor":29.0},{"not_picked":["Protect","MarkedMod:OneThousandNeedles"],"picked":"PathToVictory","floor":32.0},{"not_picked":["Swivel","MarkedMod:FirstStrike+1"],"picked":"TalkToTheHand","floor":35.0},{"not_picked":["Nirvana+1","Replay:AtTheReady+1"],"picked":"Protect+1","floor":37.0},{"not_picked":["PathToVictory+1","MarkedMod:SlowDance"],"picked":"ClearTheMind+1","floor":38.0},{"not_picked":["SashWhip","SignatureMove+1"],"picked":"BowlingBash+1","floor":39.0},{"not_picked":["Replay:DivineShield+1","FlyingSleeves+1"],"picked":"MarkedMod:GentlePulse","floor":41.0},{"not_picked":["Replay:AtTheReady+1","FlyingSleeves"],"picked":"Protect+1","floor":42.0},{"not_picked":["CrushJoints","Fasting2+1","EmptyMind+1"],"picked":"Singing Bowl","floor":44.0},{"not_picked":["Prostrate","FlyingSleeves","Replay:Anticipation"],"picked":"Singing Bowl","floor":45.0},{"not_picked":["Replay:Battleflow","Wireheading+1","Perseverance+1"],"picked":"Singing Bowl","floor":46.0},{"not_picked":["SpiritShield","WheelKick","FlurryOfBlows+1"],"picked":"Singing Bowl","floor":47.0},{"not_picked":["Replay:AtTheReady","Replay:Battleflow+1"],"picked":"MarkedMod:GracefulMovements","floor":48.0},{"not_picked":["Fasting2","DeceiveReality+1","PathToVictory"],"picked":"Singing Bowl","floor":49.0},{"not_picked":["MasterReality","MarkedMod:SlowDance","LessonLearned"],"picked":"Singing Bowl","floor":50.0},{"not_picked":["MarkedMod:FirstStrike","Halt","EmptyMind","WindmillStrike"],"picked":"Singing Bowl","floor":52.0},{"not_picked":["SashWhip","ThirdEye","Consecrate","Weave"],"picked":"Singing Bowl","floor":53.0},{"not_picked":["SandsOfTime","Replay:BluntJabs","Replay:DivineShield","EmptyBody"],"picked":"Singing Bowl","floor":54.0},{"not_picked":["FlyingSleeves","SashWhip","BattleHymn","EmptyBody"],"picked":"Singing Bowl","floor":56.0},{"not_picked":["SandsOfTime","FlyingSleeves","Scrawl","SashWhip"],"picked":"Singing Bowl","floor":57.0},{"not_picked":["Wallop","FlyingSleeves","Swivel","PathToVictory"],"picked":"Singing Bowl","floor":58.0},{"not_picked":["FollowUp","WheelKick","WreathOfFlame","CarveReality"],"picked":"Singing Bowl","floor":59.0},{"not_picked":["EmptyMind","DeceiveReality","ClearTheMind","PathToVictory"],"picked":"Singing Bowl","floor":60.0},{"not_picked":["MarkedMod:Acupuncture","Crescendo","FollowUp","Consecrate"],"picked":"Singing Bowl","floor":65},{"not_picked":["Replay:Hum","Replay:AtTheReady","Study"],"picked":"MarkedMod:PinPointDefense","floor":66},{"not_picked":["Establishment","Judgement","Scrawl","Replay:AllIn"],"picked":"Singing Bowl","floor":67}],"player_experience":417510,"relics_obtained":[{"floor":6.0,"key":"Pet Ghost"},{"floor":7.0,"key":"Art of War"},{"floor":9.0,"key":"Dream Catcher"},{"floor":11.0,"key":"Odd Mushroom"},{"floor":15.0,"key":"Garlic"},{"floor":19.0,"key":"Nilry\u0027s Codex"},{"floor":23.0,"key":"Replay:WaspNest"},{"floor":26.0,"key":"Mummified Hand"},{"floor":30.0,"key":"Whetstone"},{"floor":41.0,"key":"StoneCalendar"},{"floor":43.0,"key":"Singing Bowl"}],"event_choices":[{"damage_healed":0.0,"max_hp_gain":0.0,"max_hp_loss":0.0,"gold_gain":0.0,"event_name":"Mushrooms","player_choice":"Fought Mushrooms","floor":11.0,"gold_loss":0.0,"damage_taken":0.0},{"cards_removed":["FearNoEvil"],"damage_healed":0.0,"max_hp_gain":0.0,"max_hp_loss":0.0,"gold_gain":0.0,"event_name":"Purifier","player_choice":"Purged","floor":12.0,"gold_loss":0.0,"damage_taken":0.0},{"damage_healed":0.0,"max_hp_gain":0.0,"max_hp_loss":0.0,"gold_gain":0.0,"event_name":"Cursed Tome","player_choice":"Obtained Book","floor":19.0,"gold_loss":0.0,"damage_taken":16.0},{"damage_healed":0.0,"max_hp_gain":0.0,"max_hp_loss":0.0,"gold_gain":0.0,"event_name":"Golden Idol","player_choice":"Take Damage","floor":61.0,"gold_loss":0.0,"damage_taken":26.0,"relics_obtained":["Golden Idol"]},{"damage_healed":0.0,"max_hp_gain":0.0,"max_hp_loss":0.0,"gold_gain":0.0,"event_name":"Big Fish","player_choice":"Box","floor":62.0,"gold_loss":0.0,"damage_taken":0.0,"relics_obtained":["Smiling Mask"],"cards_obtained":["Regret"]},{"damage_healed":0.0,"max_hp_gain":0.0,"max_hp_loss":0.0,"gold_gain":0.0,"event_name":"Match and Keep!","player_choice":"0 cards matched","floor":63.0,"gold_loss":0.0,"damage_taken":0.0,"cards_obtained":[]}],"is_beta":false,"boss_relics":[{"not_picked":["ReplayTheSpireMod:DimensionalGlitch","Replay:Bronze Core"],"picked":"Fusion Hammer"},{"not_picked":["Astrolabe","Replay:Drink Me"],"picked":"RedLine:ReiMu"},{"not_picked":["ChewingGum","Empty Cage"],"picked":"Honey Jar"},{"not_picked":["Replay:Wanted Poster","ReplayTheSpireMod:Onyx Gauntlets"],"picked":"EasyGame_NEW"}],"items_purged_floors":[],"is_endless":true,"potions_floor_spawned":[1,7,11,13,23,29,38,39,42,45,47,48,53,57,65,67],"killed_by":"Chosen","ascension_level":0}}