{"host":"6gwm7y0tp7acoxay","time":1609241946,"event":{"mods":["BaseMod","Colored Map","Keyboard Shortcuts","Minty Spire (QoL Compilation)","Quick Restart","StSLib","SuperFastMode","everything is the same but u backflip on backflip"],"gold_per_floor":[117,117,128,53,53,53,53,87,87,87,150,178,78,97,97,170,170,180,191,191,215,215,250,250,278,278,304,318,265,284,318,318,391,391,409,368,98,98,117,150,195,229,323,363,412,468,430,469,481,493,505,517,529,46,78,78],"floor_reached":57,"playtime":1650,"items_purged":["Clothesline","Cleave"],"score":4016,"play_id":"9c096dd6-ac1b-4300-80bb-f85959011132","local_time":"20201229203906","daily_mods":["SealedDeck","Heirloom","Flight"],"is_ascension_mode":true,"campfire_choices":[{"data":"Armaments","floor":6.0,"key":"SMITH"},{"data":"Demon Form","floor":15.0,"key":"SMITH"},{"floor":24,"key":"RECALL"},{"data":"Impervious","floor":32,"key":"SMITH"},{"floor":49,"key":"REST"},{"floor":53,"key":"REST"}],"circlet_count":0,"master_deck":["AscendersBane","Flame Barrier+1","Shrug It Off","Uppercut+1","Entrench+1","Whirlwind+1","Second Wind+1","Armaments+1","Body Slam+1","Shockwave+1","Demon Form+1","Barricade","Impervious+1","Feel No Pain+1","Corruption","Evolve","Disarm","Impervious+1","Exhume+1"],"relics":["Burning Blood","Ice Cream","Omamori","PreservedInsect","Eternal Feather","Thread and Needle","Snecko Eye","Nunchaku","Lantern","Pen Nib","Matryoshka","Prayer Wheel","Red Skull","Fusion Hammer","Mummified Hand","CeramicFish","Dead Branch","MawBank","Centennial Puzzle","Shuriken","Akabeko","InkBottle","MealTicket","Whetstone","Medical Kit","Charon\u0027s Ashes","War Paint"],"acts_visited":["Exordium","TheCity","TheBeyond","TheEnding"],"potions_floor_usage":[23,23,56],"damage_taken":[{"damage":12.0,"enemies":"Small Slimes","floor":1.0,"turns":2.0},{"damage":0.0,"enemies":"Cultist","floor":3.0,"turns":4.0},{"damage":21.0,"enemies":"Gremlin Nob","floor":8.0,"turns":4.0},{"damage":0.0,"enemies":"Lagavulin Event","floor":11.0,"turns":4.0},{"damage":10.0,"enemies":"Lagavulin","floor":12.0,"turns":5.0},{"damage":0.0,"enemies":"2 Louse","floor":14.0,"turns":3.0},{"damage":10.0,"enemies":"Slime Boss","floor":16.0,"turns":7.0},{"damage":0.0,"enemies":"Chosen","floor":18.0,"turns":3.0},{"damage":0.0,"enemies":"3 Byrds","floor":19.0,"turns":4.0},{"damage":18,"enemies":"Slavers","floor":23,"turns":5},{"damage":0,"enemies":"Book of Stabbing","floor":25,"turns":4},{"damage":0,"enemies":"Gremlin Leader","floor":27,"turns":3},{"damage":0,"enemies":"Cultist and Chosen","floor":28,"turns":4},{"damage":0,"enemies":"Shelled Parasite and Fungi","floor":30,"turns":3},{"damage":0,"enemies":"Slavers","floor":31,"turns":4},{"damage":0,"enemies":"Automaton","floor":33,"turns":5},{"damage":5,"enemies":"3 Darklings","floor":35,"turns":3},{"damage":0,"enemies":"3 Shapes","floor":39,"turns":2},{"damage":0,"enemies":"Giant Head","floor":40,"turns":4},{"damage":0,"enemies":"2 Orb Walkers","floor":41,"turns":4},{"damage":0,"enemies":"Nemesis","floor":42,"turns":3},{"damage":0,"enemies":"Giant Head","floor":44,"turns":2},{"damage":6,"enemies":"Reptomancer","floor":45,"turns":1},{"damage":0,"enemies":"Nemesis","floor":46,"turns":3},{"damage":1,"enemies":"Reptomancer","floor":48,"turns":2},{"damage":0,"enemies":"Donu and Deca","floor":50,"turns":4},{"damage":0,"enemies":"Awakened One","floor":51,"turns":6},{"damage":1,"enemies":"Shield and Spear","floor":55,"turns":2},{"damage":12,"enemies":"The Heart","floor":56,"turns":6}],"seed_played":"-2417355358819119371","potions_obtained":[{"floor":2.0,"key":"AttackPotion"},{"floor":2.0,"key":"Block Potion"},{"floor":11.0,"key":"Swift Potion"},{"floor":28,"key":"AttackPotion"}],"is_trial":true,"path_per_floor":["M","?","M","$","?","R","T","E","T","?","?","E","$","M","R","B",null,"M","M","?","T","?","E","R","E","T","E","M","$","M","E","R","B",null,"M","$","$","?","M","E","?","E","T","E","E","E","?","E","R","B","B",null,"R","$","E","B",null],"character_chosen":"IRONCLAD","items_purchased":["PowerPotion","Evolve","Mummified Hand","Medical Kit","Charon\u0027s Ashes"],"campfire_rested":2,"item_purchase_floors":[29,36,37,54,54],"current_hp_per_floor":[62,62,68,68,45,45,45,30,30,30,36,32,32,38,44,40,66,72,75,75,75,75,63,69,75,75,75,75,75,75,75,75,75,75,75,75,75,75,75,75,75,75,75,75,75,75,75,75,75,75,75,75,75,75,75,69],"gold":78,"neow_bonus":"","is_daily":false,"chose_seed":false,"campfire_upgraded":3,"win_rate":0.0,"timestamp":1609241946,"path_taken":["M","?","M","?","?","R","?","E","T","?","?","E","?","?","R","BOSS","M","M","?","?","?","E","R","E","T","E","?","$","?","E","R","BOSS","M","$","$","?","?","E","?","E","T","E","E","E","?","E","R","BOSS","BOSS","R","$","E","BOSS"],"items_purchased_type":["Potion","Card","Relic","Relic","Relic"],"build_version":"2020-12-22","purchased_purges":2,"victory":true,"max_hp_per_floor":[75,75,75,75,75,75,75,75,75,75,75,75,75,75,75,75,75,75,75,75,75,75,75,75,75,75,75,75,75,75,75,75,75,75,75,75,75,75,75,75,75,75,75,75,75,75,75,75,75,75,75,75,75,75,75,75],"card_choices":[{"not_picked":["Body Slam","Burning Pact","Thunderclap"],"picked":"SKIP","floor":1.0},{"not_picked":["Headbutt","Havoc"],"picked":"Shockwave","floor":3.0},{"not_picked":["Iron Wave","Twin Strike","Burning Pact"],"picked":"SKIP","floor":8.0},{"not_picked":["Perfected Strike","Reckless Charge"],"picked":"Demon Form","floor":12.0},{"not_picked":["Body Slam","Iron Wave","Wild Strike"],"picked":"SKIP","floor":14.0},{"not_picked":["Impervious","Feed"],"picked":"Barricade","floor":16.0},{"not_picked":["Rage","Intimidate","Shockwave"],"picked":"SKIP","floor":18.0},{"not_picked":["Anger","Flex+1","Iron Wave"],"picked":"SKIP","floor":19.0},{"not_picked":["True Grit","Shrug It Off","Warcry"],"picked":"SKIP","floor":23},{"not_picked":["Sword Boomerang","Blood for Blood","Inflame"],"picked":"SKIP","floor":25},{"not_picked":["Flex","Iron Wave+1"],"picked":"Impervious","floor":27},{"not_picked":["Metallicize","Clash","Heavy Blade"],"picked":"SKIP","floor":28},{"not_picked":["Thunderclap","Body Slam","Combust"],"picked":"SKIP","floor":28},{"not_picked":["Havoc","Heavy Blade"],"picked":"Feel No Pain","floor":30},{"not_picked":["Pommel Strike","Thunderclap","Carnage"],"picked":"SKIP","floor":30},{"not_picked":["Warcry","Bludgeon","Hemokinesis"],"picked":"SKIP","floor":31},{"not_picked":["Exhume","Reaper"],"picked":"Corruption","floor":33},{"not_picked":["Flame Barrier+1","Anger+1","Dropkick+1"],"picked":"SKIP","floor":35},{"not_picked":["Blood for Blood+1","Clothesline","Seeing Red+1"],"picked":"SKIP","floor":35},{"not_picked":["Whirlwind","Sword Boomerang+1","Wild Strike+1"],"picked":"SKIP","floor":39},{"not_picked":["Shockwave+1","Wild Strike","Carnage+1"],"picked":"SKIP","floor":39},{"not_picked":["True Grit","Inflame","Rampage"],"picked":"SKIP","floor":40},{"not_picked":["Perfected Strike","Offering"],"picked":"Disarm","floor":42},{"not_picked":["Blood for Blood","Searing Blow","Spot Weakness+1"],"picked":"SKIP","floor":44},{"not_picked":["Clothesline+1","Twin Strike+1"],"picked":"Impervious","floor":45},{"not_picked":["Armaments","Infernal Blade"],"picked":"Exhume","floor":46},{"not_picked":["Reckless Charge+1","Clash","Iron Wave"],"picked":"SKIP","floor":48},{"not_picked":["Sword Boomerang","Twin Strike","Thunderclap"],"picked":"SKIP","floor":55}],"player_experience":4335520,"relics_obtained":[{"floor":7.0,"key":"Omamori"},{"floor":8.0,"key":"PreservedInsect"},{"floor":12.0,"key":"Thread and Needle"},{"floor":21,"key":"Nunchaku"},{"floor":23,"key":"Lantern"},{"floor":25,"key":"Pen Nib"},{"floor":26,"key":"Matryoshka"},{"floor":27,"key":"Prayer Wheel"},{"floor":31,"key":"Red Skull"},{"floor":40,"key":"CeramicFish"},{"floor":41,"key":"Dead Branch"},{"floor":42,"key":"MawBank"},{"floor":43,"key":"Centennial Puzzle"},{"floor":43,"key":"Shuriken"},{"floor":44,"key":"Akabeko"},{"floor":45,"key":"InkBottle"},{"floor":46,"key":"MealTicket"},{"floor":48,"key":"Whetstone"},{"floor":55,"key":"War Paint"}],"event_choices":[{"damage_healed":0.0,"max_hp_gain":0.0,"max_hp_loss":0.0,"gold_gain":0.0,"event_name":"Lab","player_choice":"Got Potions","floor":2.0,"gold_loss":0.0,"damage_taken":0.0},{"damage_healed":0.0,"max_hp_gain":0.0,"max_hp_loss":0.0,"gold_gain":0.0,"event_name":"Shining Light","player_choice":"Entered Light","floor":5.0,"gold_loss":0.0,"damage_taken":23.0,"cards_upgraded":["Shockwave","Flame Barrier"]},{"damage_healed":0.0,"max_hp_gain":0.0,"max_hp_loss":0.0,"gold_gain":0.0,"event_name":"Living Wall","player_choice":"Grow","floor":10.0,"gold_loss":0.0,"damage_taken":0.0,"cards_upgraded":["Body Slam"]},{"damage_healed":0.0,"max_hp_gain":0.0,"max_hp_loss":0.0,"gold_gain":0.0,"event_name":"Dead Adventurer","player_choice":"Searched \u00272\u0027 times","floor":11.0,"gold_loss":0.0,"damage_taken":0.0,"relics_obtained":["Eternal Feather"]},{"damage_healed":0,"gold_gain":0,"player_choice":"Ignored","damage_taken":0,"max_hp_gain":0,"max_hp_loss":0,"event_name":"Beggar","floor":20,"gold_loss":0},{"damage_healed":0,"gold_gain":0,"player_choice":"Ignored","damage_taken":0,"max_hp_gain":0,"max_hp_loss":0,"event_name":"The Mausoleum","floor":22,"gold_loss":0},{"damage_healed":0,"gold_gain":0,"player_choice":"Upgraded","damage_taken":0,"max_hp_gain":0,"max_hp_loss":0,"event_name":"Upgrade Shrine","floor":38,"gold_loss":0,"cards_upgraded":["Feel No Pain"]},{"damage_healed":0,"gold_gain":0,"player_choice":"Fight","damage_taken":0,"max_hp_gain":0,"max_hp_loss":0,"event_name":"Mysterious Sphere","floor":41,"gold_loss":0},{"damage_healed":0,"gold_gain":0,"player_choice":"Upgraded Two","damage_taken":0,"max_hp_gain":0,"max_hp_loss":0,"event_name":"Designer","floor":47,"gold_loss":50,"cards_upgraded":["Exhume","Entrench"]}],"is_beta":false,"boss_relics":[{"not_picked":["Tiny House","Empty Cage"],"picked":"Snecko Eye"},{"not_picked":["Velvet Choker","SacredBark"],"picked":"Fusion Hammer"}],"items_purged_floors":[4,13],"is_endless":false,"potions_floor_spawned":[11,12,14,25,28,30,33,35,40,41,45],"ascension_level":20}}