{"host":"0ydzwspkajt4brzd","time":1609277447,"event":{"mods":["AchievementEnabler","BaseMod","Colored Map","DeckTracker","Googly Eyes","Highlight Path","Minty Spire (QoL Compilation)","Quick Restart","Random Character Button","Rare Cards Sparkle"],"gold_per_floor":[111,121,132,147,165,165,240,240,240,250,250,265,290,145,145,145,145],"floor_reached":16,"playtime":551,"items_purged":["Strike_R"],"score":156,"play_id":"4e9f0565-f7d0-460c-9419-4d2d7e5c89fa","local_time":"20201229133047","is_ascension_mode":true,"campfire_choices":[{"data":"Searing Blow","floor":6,"key":"SMITH"},{"data":"Searing Blow+2","floor":11,"key":"SMITH"},{"data":"Searing Blow+3","floor":15,"key":"SMITH"}],"circlet_count":0,"master_deck":["AscendersBane","Strike_R","Strike_R","Strike_R","Strike_R","Defend_R","Defend_R","Defend_R","Defend_R","Bash","Cleave","Headbutt","Clothesline","Searing Blow+4","True Grit","Headbutt","Offering"],"relics":["Burning Blood","NeowsBlessing","Mummified Hand","Juzu Bracelet"],"acts_visited":["Exordium"],"potions_floor_usage":[13],"damage_taken":[{"damage":0,"enemies":"Cultist","floor":1,"turns":1},{"damage":0,"enemies":"2 Louse","floor":2,"turns":1},{"damage":0,"enemies":"Jaw Worm","floor":3,"turns":1},{"damage":16,"enemies":"Red Slaver","floor":4,"turns":4},{"damage":2,"enemies":"3 Louse","floor":5,"turns":3},{"damage":4,"enemies":"Large Slime","floor":10,"turns":5},{"damage":29,"enemies":"Exordium Thugs","floor":12,"turns":5},{"damage":20,"enemies":"Gremlin Nob","floor":13,"turns":4},{"damage":15,"enemies":"The Guardian","floor":16,"turns":10}],"seed_played":"-4464278442357275603","potions_obtained":[{"floor":1,"key":"SteroidPotion"},{"floor":5,"key":"Ancient Potion"},{"floor":12,"key":"EssenceOfSteel"}],"is_trial":false,"path_per_floor":["M","M","M","M","M","R","?","?","T","M","R","M","E","$","R","B"],"character_chosen":"IRONCLAD","items_purchased":["Offering"],"campfire_rested":0,"item_purchase_floors":[14],"current_hp_per_floor":[78,80,80,70,74,74,63,63,63,65,65,42,28,28,28,13,13],"gold":145,"neow_bonus":"THREE_ENEMY_KILL","is_daily":false,"chose_seed":false,"campfire_upgraded":3,"win_rate":0.0,"timestamp":1609277447,"path_taken":["M","M","M","?","M","R","?","?","T","?","R","M","E","$","R","BOSS"],"items_purchased_type":["Card"],"build_version":"2020-12-22","purchased_purges":1,"victory":false,"max_hp_per_floor":[80,80,80,80,80,80,80,80,80,80,80,80,80,80,80,80,80],"card_choices":[{"not_picked":["Shrug It Off","Thunderclap"],"picked":"Cleave","floor":1},{"not_picked":["Sever Soul","Intimidate","Entrench"],"picked":"SKIP","floor":2},{"not_picked":["Warcry","Thunderclap"],"picked":"Headbutt","floor":3},{"not_picked":["Thunderclap","Fire Breathing"],"picked":"Clothesline","floor":4},{"not_picked":["Armaments","Disarm"],"picked":"Searing Blow","floor":5},{"not_picked":["Pommel Strike","Cleave"],"picked":"True Grit","floor":10},{"not_picked":["Heavy Blade","Clothesline"],"picked":"Headbutt","floor":12},{"not_picked":["Sword Boomerang","Wild Strike","Body Slam"],"picked":"SKIP","floor":13}],"player_experience":378142,"relics_obtained":[{"floor":9,"key":"Mummified Hand"},{"floor":13,"key":"Juzu Bracelet"}],"event_choices":[{"damage_healed":0,"gold_gain":75,"player_choice":"Gather Gold","damage_taken":11,"max_hp_gain":0,"max_hp_loss":0,"event_name":"World of Goop","floor":7,"gold_loss":0},{"damage_healed":0,"gold_gain":0,"player_choice":"Upgraded","damage_taken":0,"max_hp_gain":0,"max_hp_loss":0,"event_name":"Upgrade Shrine","floor":8,"gold_loss":0,"cards_upgraded":["Searing Blow"]}],"is_beta":false,"boss_relics":[],"items_purged_floors":[14],"is_endless":false,"potions_floor_spawned":[1,5,12],"killed_by":"The Guardian","ascension_level":10}}