{"host":"a1u4jo6xlg3w0wsm","time":1609243858,"event":{"mods":["BaseMod","Downfall","Hermit","Minty Spire (QoL Compilation)","Rare Cards Sparkle","Replay The Spire","StSLib"],"gold_per_floor":[119,119,137,137,154,185,185,196,196,402,402,415,32,50,50,50,50],"floor_reached":16,"playtime":957,"items_purged":[],"score":102,"play_id":"60a92c52-2b68-4092-8cca-31d6cd08c0f3","local_time":"20201230011057","is_ascension_mode":false,"campfire_choices":[{"data":"hermit:Snipe","floor":7.0,"key":"SMITH"},{"floor":15.0,"key":"DIG"}],"circlet_count":0,"master_deck":["hermit:Strike_Hermit","hermit:Strike_Hermit+1","hermit:Strike_Hermit","hermit:Defend_Hermit","hermit:Defend_Hermit","hermit:Defend_Hermit","hermit:Defend_Hermit","hermit:Snapshot","hermit:Covet","hermit:Headshot","hermit:CalledShot","hermit:PistolWhip","hermit:Snipe","hermit:Snipe+1","hermit:Coalescence","hermit:GoldenBullet+1","Regret","hermit:ItchyTrigger+1","hermit:ShadowCloak","hermit:Virtue"],"relics":["hermit:Momento","Incense Burner","InkBottle","Molten Egg 2","Replay:WaspNest","Art of War"],"acts_visited":["Exordium"],"potions_floor_usage":[16],"damage_taken":[{"damage":1.0,"enemies":"Jaw Worm","floor":1.0,"turns":3.0},{"damage":1.0,"enemies":"2 Louse","floor":3.0,"turns":2.0},{"damage":0.0,"enemies":"Cultist","floor":5.0,"turns":3.0},{"damage":21.0,"enemies":"Lagavulin","floor":6.0,"turns":5.0},{"damage":3.0,"enemies":"Large Slime","floor":8.0,"turns":5.0},{"damage":12.0,"enemies":"3 Louse","floor":12.0,"turns":3.0},{"damage":0.0,"enemies":"Gremlin Gang","floor":14.0,"turns":5.0},{"damage":34,"enemies":"The Guardian","floor":16,"turns":6}],"seed_played":"-1008581150407142783","potions_obtained":[{"floor":1.0,"key":"Milkshake"},{"floor":6.0,"key":"GamblersBrew"},{"floor":14.0,"key":"Energy Potion"}],"is_trial":false,"path_per_floor":["M","?","M","?","M","E","R","M","T","?","?","M","$","M","R","B"],"character_chosen":"HERMIT","items_purchased":["hermit:ShadowCloak","Replay:WaspNest","Swift Potion"],"campfire_rested":0,"item_purchase_floors":[13,13,13],"current_hp_per_floor":[74,71,70,70,70,49,49,46,46,46,46,34,34,34,34,0,0],"gold":50,"neow_bonus":"RANDOM_EVENT","is_daily":false,"chose_seed":false,"campfire_upgraded":1,"win_rate":0.0,"timestamp":1609243857,"path_taken":["M","?","M","?","?","E","R","M","T","?","?","M","$","M","R","BOSS"],"items_purchased_type":["Card","Relic","Potion"],"build_version":"2020-12-13","purchased_purges":0,"victory":false,"max_hp_per_floor":[75,75,75,75,75,75,75,75,75,75,75,75,75,75,75,75,75],"card_choices":[{"not_picked":["hermit:DeadMansHand","hermit:Ricochet"],"picked":"hermit:Headshot","floor":1.0},{"not_picked":["hermit:Dive","hermit:Ricochet"],"picked":"hermit:CalledShot","floor":3.0},{"not_picked":["hermit:Feint","hermit:Malice"],"picked":"hermit:Snipe","floor":5.0},{"not_picked":["hermit:BodyArmor","hermit:HighCaliber"],"picked":"hermit:Snipe","floor":6.0},{"not_picked":["hermit:Desperado","hermit:Headshot"],"picked":"hermit:Coalescence","floor":8.0},{"not_picked":["hermit:OverwhelmingPower","hermit:LuckOfTheDraw"],"picked":"hermit:GoldenBullet+1","floor":10.0},{"not_picked":["hermit:LuckOfTheDraw","hermit:CalledShot+1"],"picked":"hermit:ItchyTrigger+1","floor":12.0},{"not_picked":["hermit:Desperado+1","hermit:CalledShot+1"],"picked":"hermit:Virtue","floor":14.0}],"player_experience":224581,"relics_obtained":[{"floor":6.0,"key":"InkBottle"},{"floor":9.0,"key":"Molten Egg 2"},{"floor":15.0,"key":"Art of War"}],"event_choices":[{"damage_healed":0.0,"max_hp_gain":0.0,"max_hp_loss":0.0,"gold_gain":0.0,"event_name":"Scrap Ooze","player_choice":"Success","floor":2.0,"gold_loss":0.0,"damage_taken":3.0,"relics_obtained":["Incense Burner"]},{"damage_healed":0.0,"max_hp_gain":0.0,"max_hp_loss":0.0,"gold_gain":0.0,"event_name":"Match and Keep!","player_choice":"1 cards matched","floor":4.0,"gold_loss":0.0,"damage_taken":0.0,"cards_obtained":["hermit:PistolWhip"]},{"cards_removed":["hermit:Strike_Hermit"],"damage_healed":0.0,"max_hp_gain":0.0,"max_hp_loss":0.0,"gold_gain":0.0,"event_name":"NoteForYourself","player_choice":"Took Card","floor":11.0,"gold_loss":0.0,"damage_taken":0.0,"cards_obtained":["Regret"]}],"is_beta":false,"boss_relics":[],"items_purged_floors":[],"is_endless":false,"potions_floor_spawned":[1,6,14],"killed_by":"The Guardian","ascension_level":0}}