{"host":"vumwfieg2b2mnrfl","time":1609203222,"event":{"mods":["AchievementEnabler","BaseMod","Minty Spire (QoL Compilation)","Rare Cards Sparkle","Relic Stats"],"gold_per_floor":[116,132,207,382,271,271,302,302,302,349,360,393,403,438,438,515,515,535,535,535,552,570,580,580,591,591,625,653,653,683,355,355,434,484,500,150,150,150,69,95,111,111,111,111,143,143,176,193,193,193,193],"floor_reached":50,"playtime":2220,"items_purged":["Doubt","Decay","Flying Knee"],"score":1080,"play_id":"ddad4a3b-d65a-4c1c-be93-10478dc50a86","local_time":"20201228185342","is_ascension_mode":true,"campfire_choices":[{"data":"Noxious Fumes","floor":6,"key":"SMITH"},{"data":"Crippling Poison","floor":8,"key":"SMITH"},{"floor":15,"key":"REST"},{"floor":24,"key":"REST"},{"floor":32,"key":"REST"},{"floor":44,"key":"REST"},{"floor":46,"key":"REST"},{"floor":49,"key":"REST"}],"circlet_count":0,"master_deck":["AscendersBane","Strike_G","Strike_G","Strike_G","Strike_G","Defend_G","Defend_G","Defend_G","Defend_G","Defend_G+1","Survivor","Neutralize","Crippling Poison+1","Noxious Fumes+1","Prepared","Skewer","PiercingWail","Escape Plan","Adrenaline","Backflip","Dash","Neutralize","Deadly Poison","Poisoned Stab+1","Envenom","Footwork","Burst","Backflip","Footwork","Footwork","Writhe","Dodge and Roll+1","Bouncing Flask"],"relics":["Ring of the Snake","NeowsBlessing","InkBottle","Paper Crane","Ancient Tea Set","Bag of Preparation","Regal Pillow","Cursed Key","StoneCalendar","Red Mask","Lantern","Juzu Bracelet","Bronze Scales","Tiny House","TwistedFunnel","Dream Catcher","Happy Flower","Toy Ornithopter","Pear"],"acts_visited":["Exordium","TheCity","TheBeyond"],"potions_floor_usage":[18,21,25,27,33,50,50],"damage_taken":[{"damage":0,"enemies":"Cultist","floor":1,"turns":1},{"damage":0,"enemies":"Small Slimes","floor":2,"turns":1},{"damage":0,"enemies":"3 Sentries","floor":7,"turns":1},{"damage":0,"enemies":"2 Louse","floor":11,"turns":3},{"damage":13,"enemies":"Lagavulin","floor":12,"turns":7},{"damage":2,"enemies":"Blue Slaver","floor":13,"turns":4},{"damage":22,"enemies":"Gremlin Nob","floor":14,"turns":5},{"damage":20,"enemies":"The Guardian","floor":16,"turns":11},{"damage":12,"enemies":"2 Thieves","floor":18,"turns":4},{"damage":5,"enemies":"Spheric Guardian","floor":21,"turns":4},{"damage":10,"enemies":"Cultist and Chosen","floor":22,"turns":7},{"damage":13,"enemies":"Snecko","floor":23,"turns":7},{"damage":2,"enemies":"Centurion and Healer","floor":25,"turns":6},{"damage":3,"enemies":"Masked Bandits","floor":27,"turns":4},{"damage":8,"enemies":"Gremlin Leader","floor":28,"turns":5},{"damage":15,"enemies":"Slavers","floor":30,"turns":6},{"damage":65,"enemies":"Champ","floor":33,"turns":12},{"damage":12,"enemies":"Orb Walker","floor":35,"turns":4},{"damage":38,"enemies":"Reptomancer","floor":40,"turns":7},{"damage":0,"enemies":"3 Shapes","floor":41,"turns":4},{"damage":23,"enemies":"Nemesis","floor":45,"turns":7},{"damage":57,"enemies":"Reptomancer","floor":47,"turns":7},{"damage":7,"enemies":"Maw","floor":48,"turns":7},{"damage":64,"enemies":"Donu and Deca","floor":50,"turns":7}],"seed_played":"8688358069608517595","potions_obtained":[{"floor":1,"key":"SpeedPotion"},{"floor":7,"key":"BlessingOfTheForge"},{"floor":16,"key":"Explosive Potion"},{"floor":18,"key":"BlessingOfTheForge"},{"floor":21,"key":"BlessingOfTheForge"},{"floor":23,"key":"SneckoOil"},{"floor":30,"key":"Regen Potion"},{"floor":34,"key":"PowerPotion"},{"floor":47,"key":"AttackPotion"}],"is_trial":false,"path_per_floor":["M","M","?","?","$","R","E","R","T","T","M","E","M","E","R","B",null,"M","?","?","M","M","M","R","M","T","?","E","?","E","$","R","B",null,"M","$","?","?","$","E","M","?","T","R","E","R","E","M","R","B"],"character_chosen":"THE_SILENT","items_purchased":["Noxious Fumes","Footwork","Bronze Scales","Footwork","TwistedFunnel","Footwork"],"campfire_rested":6,"item_purchase_floors":[5,31,31,36,36,39],"current_hp_per_floor":[63,63,52,52,52,52,52,52,52,52,52,39,37,15,51,31,60,48,48,48,43,33,20,56,54,54,51,43,43,28,28,64,8,60,48,48,53,53,53,15,15,15,15,52,29,66,19,12,52,0,0],"gold":193,"neow_bonus":"THREE_ENEMY_KILL","is_daily":false,"chose_seed":false,"campfire_upgraded":2,"win_rate":0.0,"timestamp":1609203222,"path_taken":["M","?","?","?","$","R","E","R","T","?","?","E","M","E","R","BOSS","M","?","?","?","M","M","R","?","T","?","E","?","E","$","R","BOSS","M","$","?","?","?","E","M","?","T","R","E","R","E","M","R","BOSS"],"items_purchased_type":["Card","Card","Relic","Card","Relic","Card"],"build_version":"2020-12-22","purchased_purges":3,"victory":false,"max_hp_per_floor":[70,70,70,70,70,70,70,70,70,70,70,70,70,70,70,70,70,70,70,70,70,70,70,70,70,70,70,70,70,70,70,70,70,75,75,75,75,75,75,75,75,75,75,75,75,75,85,85,85,85,85],"relic_stats":{"Regal Pillow":90,"Happy Flower":[9],"counters":[24,131],"StoneCalendar":[349],"Bag of Preparation":[38],"Juzu Bracelet":1,"Cursed Key":2,"Dream Catcher":3,"Bronze Scales":[152],"obtain_stats":[{"TwistedFunnel":36,"Regal Pillow":14,"Lantern":28,"Tiny House":34,"Pear":47,"NeowsBlessing":0,"Happy Flower":43,"StoneCalendar":26,"Bag of Preparation":12,"Juzu Bracelet":30,"Paper Crane":9,"Ancient Tea Set":10,"Cursed Key":17,"Dream Catcher":40,"Bronze Scales":31,"Red Mask":27,"InkBottle":7,"Toy Ornithopter":45,"Ring of the Snake":0},{"TwistedFunnel":18,"Regal Pillow":7,"Lantern":15,"Tiny House":17,"Pear":22,"NeowsBlessing":0,"Happy Flower":20,"StoneCalendar":13,"Bag of Preparation":5,"Juzu Bracelet":16,"Paper Crane":3,"Ancient Tea Set":3,"Cursed Key":8,"Dream Catcher":19,"Bronze Scales":16,"Red Mask":14,"InkBottle":3,"Toy Ornithopter":21,"Ring of the Snake":0},{"TwistedFunnel":92,"Regal Pillow":22,"Lantern":70,"Tiny House":88,"Pear":117,"NeowsBlessing":0,"Happy Flower":103,"StoneCalendar":61,"Bag of Preparation":13,"Juzu Bracelet":76,"Paper Crane":3,"Ancient Tea Set":3,"Cursed Key":33,"Dream Catcher":99,"Bronze Scales":76,"Red Mask":65,"InkBottle":3,"Toy Ornithopter":110,"Ring of the Snake":0}],"InkBottle":[51],"Toy Ornithopter":10,"Ring of the Snake":[48]},"card_choices":[{"not_picked":["Caltrops","Slice","Dodge and Roll"],"picked":"SKIP","floor":1},{"not_picked":["Eviscerate","Infinite Blades"],"picked":"Crippling Poison","floor":2},{"not_picked":["Deflect","Acrobatics"],"picked":"Prepared","floor":7},{"not_picked":["Prepared","Sucker Punch","Dodge and Roll"],"picked":"SKIP","floor":11},{"not_picked":["Underhanded Strike","Distraction"],"picked":"Skewer","floor":12},{"not_picked":["Night Terror","Deadly Poison"],"picked":"PiercingWail","floor":13},{"not_picked":["Sucker Punch","Slice"],"picked":"Escape Plan","floor":14},{"not_picked":["Storm of Steel","Grand Finale"],"picked":"Adrenaline","floor":16},{"not_picked":["Prepared+1","Eviscerate"],"picked":"Backflip","floor":18},{"not_picked":["Sucker Punch","Bane","Prepared"],"picked":"SKIP","floor":21},{"not_picked":["Reflex","Prepared"],"picked":"Quick Slash","floor":22},{"not_picked":["Escape Plan","Infinite Blades"],"picked":"Deadly Poison","floor":23},{"not_picked":["Reflex","Bane+1"],"picked":"Poisoned Stab+1","floor":25},{"not_picked":["Bane","Dodge and Roll"],"picked":"Flying Knee","floor":27},{"not_picked":["Bane","Eviscerate","Setup+1"],"picked":"SKIP","floor":28},{"not_picked":["Endless Agony","Flechettes"],"picked":"Envenom","floor":30},{"not_picked":["Glass Knife","Adrenaline"],"picked":"Burst","floor":33},{"not_picked":["Expertise","Deflect+1"],"picked":"Backflip","floor":35},{"not_picked":["Tools of the Trade","Crippling Poison","Blade Dance"],"picked":"SKIP","floor":40},{"not_picked":["Backflip","Reflex","Dodge and Roll"],"picked":"SKIP","floor":41},{"not_picked":["Choke","Sucker Punch","Deflect"],"picked":"SKIP","floor":45},{"not_picked":["Bane+1","Deadly Poison"],"picked":"Dodge and Roll+1","floor":47},{"not_picked":["Caltrops+1","Slice"],"picked":"Bouncing Flask","floor":48}],"player_experience":323653,"relics_obtained":[{"floor":7,"key":"InkBottle"},{"floor":9,"key":"Paper Crane"},{"floor":10,"key":"Ancient Tea Set"},{"floor":12,"key":"Bag of Preparation"},{"floor":14,"key":"Regal Pillow"},{"floor":26,"key":"StoneCalendar"},{"floor":27,"key":"Red Mask"},{"floor":28,"key":"Lantern"},{"floor":30,"key":"Juzu Bracelet"},{"floor":40,"key":"Dream Catcher"},{"floor":43,"key":"Happy Flower"},{"floor":45,"key":"Toy Ornithopter"},{"floor":47,"key":"Pear"}],"event_choices":[{"damage_healed":0,"gold_gain":75,"player_choice":"Gather Gold","damage_taken":11,"max_hp_gain":0,"max_hp_loss":0,"event_name":"World of Goop","floor":3,"gold_loss":0},{"damage_healed":0,"gold_gain":175,"player_choice":"AGREE","damage_taken":0,"max_hp_gain":0,"max_hp_loss":0,"event_name":"Liars Game","floor":4,"gold_loss":0,"cards_obtained":["Doubt"]},{"damage_healed":0,"gold_gain":0,"player_choice":"Read","damage_taken":0,"max_hp_gain":0,"max_hp_loss":0,"event_name":"The Library","floor":19,"gold_loss":0,"cards_obtained":["Dash"]},{"damage_healed":0,"gold_gain":0,"player_choice":"1 cards matched","damage_taken":0,"max_hp_gain":0,"max_hp_loss":0,"event_name":"Match and Keep!","floor":20,"gold_loss":0,"cards_obtained":["Neutralize"]},{"damage_healed":0,"gold_gain":0,"player_choice":"Fought Bandits","damage_taken":0,"max_hp_gain":0,"max_hp_loss":0,"event_name":"Masked Bandits","floor":27,"gold_loss":0},{"damage_healed":0,"gold_gain":0,"player_choice":"Ignored","damage_taken":0,"max_hp_gain":0,"max_hp_loss":0,"event_name":"Vampires","floor":29,"gold_loss":0},{"cards_removed":["Quick Slash"],"damage_healed":5,"gold_gain":0,"player_choice":"Offered Common","damage_taken":0,"max_hp_gain":0,"max_hp_loss":0,"event_name":"Bonfire Elementals","floor":37,"gold_loss":0},{"cards_removed":["Quick Slash"],"damage_healed":5,"gold_gain":0,"player_choice":"Offered Special","damage_taken":0,"max_hp_gain":0,"max_hp_loss":0,"event_name":"Bonfire Elementals","floor":37,"gold_loss":0},{"cards_removed":["Strike_G"],"damage_healed":0,"gold_gain":0,"player_choice":"Purged","damage_taken":0,"max_hp_gain":0,"max_hp_loss":0,"event_name":"Purifier","floor":38,"gold_loss":0},{"damage_healed":0,"gold_gain":0,"player_choice":"0 cards matched","damage_taken":0,"max_hp_gain":0,"max_hp_loss":0,"event_name":"Match and Keep!","floor":42,"gold_loss":0,"cards_obtained":[]}],"is_beta":false,"boss_relics":[{"not_picked":["Astrolabe","Fusion Hammer"],"picked":"Cursed Key"},{"not_picked":["Coffee Dripper","WristBlade"],"picked":"Tiny House"}],"items_purged_floors":[5,31,36],"is_endless":false,"potions_floor_spawned":[1,7,12,16,18,21,23,30,47,48],"killed_by":"Donu and Deca","ascension_level":13}}