{"host":"873t0y8ybyo38pfq","time":1609256065,"event":{"mods":["BaseMod","Bestiary","Colored Map","Colored Powertips","Highlight Path","Minty Spire (QoL Compilation)","Quick Restart","RNG Fix","Rare Cards Sparkle","Relic Stats","StSLib"],"gold_per_floor":[117,192,210,44,9,9,43,57,57,57,72,102,102,116,116,189,189,200,200,39,50,0,0,10,10,10,26,26,40,56,73,73,150,150,164,164,174,174,191,203,228,228,228,11,46,61,61,61],"floor_reached":47,"playtime":2538,"items_purged":["Strike_G"],"score":1198,"play_id":"4c448b7b-6d64-4a5a-b66b-e7f33de26ac9","local_time":"20201229103425","is_ascension_mode":true,"campfire_choices":[{"data":"Noxious Fumes","floor":6.0,"key":"SMITH"},{"data":"Crippling Poison","floor":10.0,"key":"SMITH"},{"data":"Catalyst","floor":13.0,"key":"SMITH"},{"data":"Neutralize","floor":15.0,"key":"SMITH"},{"data":"Corpse Explosion","floor":23.0,"key":"SMITH"},{"floor":25.0,"key":"REST"},{"data":"Ghostly","floor":32.0,"key":"SMITH"},{"floor":42,"key":"REST"}],"circlet_count":0,"master_deck":["AscendersBane","Strike_G","Strike_G","Strike_G","Defend_G","Defend_G","Defend_G","Defend_G","Defend_G","Survivor","Neutralize+1","Dagger Spray","Noxious Fumes+1","Crippling Poison+1","Acrobatics","PiercingWail","Catalyst+1","Well Laid Plans","Corpse Explosion+1","Escape Plan","PiercingWail","Ghostly","Ghostly+1","Ghostly","Acrobatics","Deadly Poison","Backflip","Malaise","PiercingWail"],"relics":["Ring of the Snake","NeowsBlessing","Bag of Preparation","Oddly Smooth Stone","Smiling Mask","Omamori","Sozu","Blood Vial","Anchor","Thread and Needle","Cursed Key","Bronze Scales","TheAbacus","Strawberry"],"acts_visited":["Exordium","TheCity","TheBeyond"],"potions_floor_usage":[47],"damage_taken":[{"damage":0.0,"enemies":"Cultist","floor":1.0,"turns":1.0},{"damage":0.0,"enemies":"Jaw Worm","floor":3.0,"turns":1.0},{"damage":0.0,"enemies":"Gremlin Nob","floor":7.0,"turns":1.0},{"damage":0.0,"enemies":"2 Louse","floor":8.0,"turns":3.0},{"damage":1.0,"enemies":"Blue Slaver","floor":11.0,"turns":5.0},{"damage":9.0,"enemies":"3 Sentries","floor":12.0,"turns":4.0},{"damage":11.0,"enemies":"Red Slaver","floor":14.0,"turns":5.0},{"damage":40.0,"enemies":"Slime Boss","floor":16.0,"turns":10.0},{"damage":0.0,"enemies":"Spheric Guardian","floor":18.0,"turns":3.0},{"damage":8.0,"enemies":"Shell Parasite","floor":21.0,"turns":4.0},{"damage":22.0,"enemies":"Snecko","floor":24.0,"turns":4.0},{"damage":3.0,"enemies":"Cultist and Chosen","floor":27.0,"turns":5.0},{"damage":4.0,"enemies":"Centurion and Healer","floor":29.0,"turns":3.0},{"damage":5.0,"enemies":"Chosen and Byrds","floor":30.0,"turns":7.0},{"damage":0.0,"enemies":"Snake Plant","floor":31.0,"turns":5.0},{"damage":0.0,"enemies":"Automaton","floor":33.0,"turns":11.0},{"damage":0.0,"enemies":"3 Shapes","floor":35.0,"turns":6.0},{"damage":0.0,"enemies":"Orb Walker","floor":37.0,"turns":3.0},{"damage":23,"enemies":"Spire Growth","floor":39,"turns":5},{"damage":0,"enemies":"Sphere and 2 Shapes","floor":40,"turns":3},{"damage":11,"enemies":"Giant Head","floor":41,"turns":8},{"damage":15,"enemies":"Nemesis","floor":45,"turns":7},{"damage":0,"enemies":"4 Shapes","floor":46,"turns":3},{"damage":30,"enemies":"Giant Head","floor":47,"turns":9}],"seed_played":"3648156219355572124","potions_obtained":[{"floor":1.0,"key":"SpeedPotion"},{"floor":8.0,"key":"PowerPotion"},{"floor":12.0,"key":"GhostInAJar"},{"floor":16.0,"key":"EntropicBrew"}],"is_trial":false,"path_per_floor":["M","?","M","$","?","R","E","M","T","R","M","E","R","M","R","B",null,"M","?","$","M","?","R","M","R","T","M","?","M","M","M","R","B",null,"M","?","M","?","M","M","E","R","T","$","E","M","E"],"character_chosen":"THE_SILENT","items_purchased":["Bag of Preparation","Anchor","TheAbacus"],"campfire_rested":2,"item_purchase_floors":[4,20,44],"current_hp_per_floor":[59,48,48,48,64,64,64,64,64,64,63,54,54,43,43,3,50,50,50,50,44,44,44,24,43,43,42,33,29,26,28,28,30,32,33,33,33,33,10,12,3,12,12,12,15,17,0,0],"gold":61,"neow_bonus":"THREE_ENEMY_KILL","is_daily":false,"chose_seed":false,"campfire_upgraded":6,"win_rate":0.0,"timestamp":1609256065,"path_taken":["M","?","M","$","?","R","E","M","T","R","M","E","R","M","R","BOSS","M","?","$","M","?","R","M","R","T","M","?","M","?","M","R","BOSS","M","?","M","?","M","M","E","R","T","$","E","?","E"],"items_purchased_type":["Relic","Relic","Relic"],"build_version":"2020-12-22","purchased_purges":1,"victory":false,"max_hp_per_floor":[66,66,66,66,66,66,66,66,66,66,66,66,66,66,66,66,66,66,66,66,66,66,66,66,66,66,66,33,33,33,33,33,33,33,33,33,33,33,33,33,33,33,33,33,40,40,40,40],"relic_stats":{"Sozu":4,"Blood Vial":23,"TheAbacus":[24],"counters":[24,116],"Bronze Scales":[55],"Bag of Preparation":[44],"Smiling Mask":25,"Cursed Key":1,"obtain_stats":[{"NeowsBlessing":0,"Oddly Smooth Stone":7,"Thread and Needle":26,"Bag of Preparation":4,"Omamori":12,"Smiling Mask":9,"Cursed Key":34,"Sozu":17,"Blood Vial":19,"Anchor":20,"TheAbacus":44,"Bronze Scales":41,"Strawberry":45,"Ring of the Snake":0},{"NeowsBlessing":0,"Oddly Smooth Stone":3,"Thread and Needle":11,"Bag of Preparation":2,"Omamori":6,"Smiling Mask":4,"Cursed Key":16,"Sozu":8,"Blood Vial":9,"Anchor":9,"TheAbacus":21,"Bronze Scales":21,"Strawberry":22,"Ring of the Snake":0},{"NeowsBlessing":0,"Oddly Smooth Stone":3,"Thread and Needle":41,"Bag of Preparation":2,"Omamori":15,"Smiling Mask":6,"Cursed Key":72,"Sozu":30,"Blood Vial":33,"Anchor":33,"TheAbacus":97,"Bronze Scales":97,"Strawberry":104,"Ring of the Snake":0}],"Ring of the Snake":[48]},"card_choices":[{"not_picked":["Masterful Stab","Quick Slash"],"picked":"Dagger Spray","floor":1.0},{"not_picked":["Underhanded Strike","Deflect"],"picked":"Noxious Fumes","floor":3.0},{"not_picked":["Flechettes","Bane"],"picked":"Crippling Poison","floor":7.0},{"not_picked":["Flechettes","Dagger Spray"],"picked":"Acrobatics","floor":8.0},{"not_picked":["Dodge and Roll","Dagger Spray"],"picked":"PiercingWail","floor":11.0},{"not_picked":["Choke","All Out Attack"],"picked":"Catalyst","floor":12.0},{"not_picked":["PiercingWail","Sucker Punch"],"picked":"Well Laid Plans","floor":14.0},{"not_picked":["Doppelganger","Malaise"],"picked":"Corpse Explosion","floor":16.0},{"not_picked":["Prepared","Predator"],"picked":"Escape Plan","floor":18.0},{"not_picked":["Flechettes","Underhanded Strike","Deflect"],"picked":"SKIP","floor":21.0},{"not_picked":["Underhanded Strike","Outmaneuver"],"picked":"PiercingWail","floor":24.0},{"not_picked":["Deflect","Slice+1","Blade Dance"],"picked":"SKIP","floor":27.0},{"not_picked":["Blade Dance","Unload"],"picked":"Acrobatics","floor":29.0},{"not_picked":["Slice","Skewer"],"picked":"Deadly Poison","floor":30.0},{"not_picked":["Deadly Poison","Blur"],"picked":"Backflip","floor":31.0},{"not_picked":["Corpse Explosion","Doppelganger"],"picked":"Malaise","floor":33.0},{"not_picked":["Endless Agony","Dagger Throw+1","Sucker Punch"],"picked":"SKIP","floor":35.0},{"not_picked":["Die Die Die","Cloak And Dagger"],"picked":"PiercingWail","floor":37.0},{"not_picked":["Accuracy","All Out Attack","Masterful Stab"],"picked":"SKIP","floor":39},{"not_picked":["Dodge and Roll","Quick Slash","Slice"],"picked":"SKIP","floor":40},{"not_picked":["Underhanded Strike","Dagger Spray+1","Dagger Throw+1"],"picked":"SKIP","floor":41},{"not_picked":["Grand Finale","All Out Attack+1","Poisoned Stab+1"],"picked":"SKIP","floor":45},{"not_picked":["Quick Slash","Bane","Backstab"],"picked":"SKIP","floor":46}],"player_experience":1394825,"relics_obtained":[{"floor":7.0,"key":"Oddly Smooth Stone"},{"floor":9.0,"key":"Smiling Mask"},{"floor":12.0,"key":"Omamori"},{"floor":26.0,"key":"Thread and Needle"},{"floor":41,"key":"Bronze Scales"},{"floor":45,"key":"Strawberry"}],"event_choices":[{"damage_healed":0.0,"max_hp_gain":0.0,"max_hp_loss":0.0,"gold_gain":75.0,"event_name":"World of Goop","player_choice":"Gather Gold","floor":2.0,"gold_loss":0.0,"damage_taken":11.0},{"damage_healed":16.0,"max_hp_gain":0.0,"max_hp_loss":0.0,"gold_gain":0.0,"event_name":"The Cleric","player_choice":"Healed","floor":5.0,"gold_loss":35.0,"damage_taken":0.0},{"damage_healed":0.0,"max_hp_gain":0.0,"max_hp_loss":0.0,"gold_gain":0.0,"event_name":"Addict","player_choice":"Stole Relic","floor":19.0,"gold_loss":0.0,"damage_taken":0.0,"relics_obtained":["Blood Vial"],"cards_obtained":["Shame"]},{"damage_healed":0.0,"max_hp_gain":0.0,"max_hp_loss":0.0,"gold_gain":0.0,"event_name":"The Joust","player_choice":"Bet on Murderer","floor":22.0,"gold_loss":50.0,"damage_taken":0.0},{"damage_healed":0.0,"max_hp_gain":0.0,"max_hp_loss":33.0,"gold_gain":0.0,"event_name":"Ghosts","player_choice":"Became a Ghost","floor":28.0,"gold_loss":0.0,"damage_taken":0.0,"cards_obtained":["Ghostly","Ghostly","Ghostly"]},{"damage_healed":0.0,"max_hp_gain":0.0,"max_hp_loss":0.0,"gold_gain":0.0,"event_name":"Lab","player_choice":"Got Potions","floor":36.0,"gold_loss":0.0,"damage_taken":0.0},{"cards_removed":["Strike_G"],"damage_healed":0.0,"max_hp_gain":0.0,"max_hp_loss":0.0,"gold_gain":0.0,"event_name":"Falling","player_choice":"Removed Attack","floor":38.0,"gold_loss":0.0,"damage_taken":0.0}],"is_beta":false,"boss_relics":[{"not_picked":["Tiny House","Coffee Dripper"],"picked":"Sozu"},{"not_picked":["HoveringKite","Pandora\u0027s Box"],"picked":"Cursed Key"}],"items_purged_floors":[44],"is_endless":false,"potions_floor_spawned":[1,8,12,16,21,27,29,30,35,37,39,41],"killed_by":"Giant Head","ascension_level":20}}