{"host":"wvdl21vehg93ulef","time":1609266854,"event":{"mods":["BaseMod","DeckTracker","Minty Spire (QoL Compilation)","Permanent Neow","StSLib","SuperFastMode"],"gold_per_floor":[119,136,155,28,39,39,39,65,65,93,93,93,93,104,104,199,199,213,63,74,74,174,205,205,215,215,115,127,153,153,172,172,269,269,280,325,325,337,337,368,383,383,410,423,88,102,114,39,39,39,39,39,0,25,25,25],"floor_reached":55,"playtime":2647,"items_purged":["Strike_R","Strike_R","Twin Strike","Defend_R"],"score":1133,"play_id":"f3bb7f80-366d-4c72-912f-65414618d010","local_time":"20201230033414","is_ascension_mode":true,"campfire_choices":[{"data":"Armaments","floor":6.0,"key":"SMITH"},{"data":"Entrench","floor":11.0,"key":"SMITH"},{"data":"Pommel Strike","floor":15.0,"key":"SMITH"},{"data":"Body Slam","floor":24.0,"key":"SMITH"},{"data":"Battle Trance","floor":32.0,"key":"SMITH"},{"data":"Shockwave","floor":42,"key":"SMITH"},{"floor":49,"key":"RECALL"},{"data":"Entrench","floor":52,"key":"SMITH"}],"circlet_count":0,"master_deck":["AscendersBane","Defend_R","Defend_R","Defend_R","Bash","Armaments+1","Inflame","Pommel Strike+1","Entrench+1","Bludgeon","Battle Trance+1","Shrug It Off+1","Feed","Shockwave+1","Necronomicurse","Body Slam+1","Impervious","Burning Pact","Entrench+1","Impervious"],"relics":["Burning Blood","Centennial Puzzle","MealTicket","Darkstone Periapt","Philosopher\u0027s Stone","Orrery","Necronomicon","Gambling Chip","Sundial","Bottled Flame","Coffee Dripper","Thread and Needle","Happy Flower","Art of War","Membership Card","Pear","Bronze Scales"],"acts_visited":["Exordium","TheCity","TheBeyond","TheEnding"],"potions_floor_usage":[40,40,46,50],"damage_taken":[{"damage":6.0,"enemies":"Cultist","floor":1.0,"turns":3.0},{"damage":5.0,"enemies":"2 Louse","floor":2.0,"turns":4.0},{"damage":12.0,"enemies":"Small Slimes","floor":3.0,"turns":4.0},{"damage":8.0,"enemies":"Red Slaver","floor":5.0,"turns":5.0},{"damage":31.0,"enemies":"Gremlin Nob","floor":8.0,"turns":4.0},{"damage":20.0,"enemies":"3 Sentries","floor":10.0,"turns":6.0},{"damage":2.0,"enemies":"3 Louse","floor":14.0,"turns":5.0},{"damage":20.0,"enemies":"The Guardian","floor":16.0,"turns":16.0},{"damage":8.0,"enemies":"Shell Parasite","floor":18.0,"turns":5.0},{"damage":17.0,"enemies":"2 Thieves","floor":20.0,"turns":4.0},{"damage":7.0,"enemies":"Book of Stabbing","floor":23.0,"turns":4.0},{"damage":1.0,"enemies":"Snecko","floor":25.0,"turns":5.0},{"damage":11.0,"enemies":"Centurion and Healer","floor":28.0,"turns":3.0},{"damage":32.0,"enemies":"Gremlin Leader","floor":29.0,"turns":3.0},{"damage":4.0,"enemies":"Sentry and Sphere","floor":31.0,"turns":5.0},{"damage":38.0,"enemies":"Automaton","floor":33.0,"turns":8.0},{"damage":0.0,"enemies":"3 Darklings","floor":35.0,"turns":4.0},{"damage":27,"enemies":"2 Orb Walkers","floor":36,"turns":6},{"damage":9,"enemies":"Orb Walker","floor":38,"turns":5},{"damage":30,"enemies":"Reptomancer","floor":40,"turns":4},{"damage":25,"enemies":"Writhing Mass","floor":41,"turns":2},{"damage":0,"enemies":"3 Darklings","floor":44,"turns":7},{"damage":0,"enemies":"Spire Growth","floor":46,"turns":4},{"damage":0,"enemies":"Writhing Mass","floor":47,"turns":4},{"damage":14,"enemies":"Awakened One","floor":50,"turns":11},{"damage":80,"enemies":"Shield and Spear","floor":54,"turns":6},{"damage":23,"enemies":"The Heart","floor":55,"turns":3}],"seed_played":"-3139531935964111254","potions_obtained":[{"floor":3.0,"key":"SkillPotion"},{"floor":8.0,"key":"Explosive Potion"},{"floor":14.0,"key":"LiquidBronze"},{"floor":20.0,"key":"BloodPotion"},{"floor":29.0,"key":"Fire Potion"},{"floor":31.0,"key":"Swift Potion"},{"floor":33.0,"key":"PowerPotion"},{"floor":35.0,"key":"BlessingOfTheForge"},{"floor":38,"key":"Ancient Potion"},{"floor":47,"key":"Fire Potion"}],"is_trial":false,"path_per_floor":["M","M","M","$","M","R","?","E","T","E","R","$","?","M","R","B",null,"M","$","M","?","?","E","R","M","T","$","M","E","?","M","R","B",null,"M","?","T","M","?","E","M","R","T","M","$","M","M","$","R","B",null,"R","$","E","B"],"character_chosen":"IRONCLAD","items_purchased":["Pommel Strike","Orrery","Membership Card","Pear","Impervious"],"campfire_rested":0,"item_purchase_floors":[4,19,45,45,53],"current_hp_per_floor":[72,72,66,66,64,64,64,39,39,25,25,40,40,44,44,30,62,60,72,61,51,51,50,50,59,59,74,69,43,43,48,48,16,68,88,67,67,67,67,43,24,24,24,30,55,65,71,86,86,82,102,102,109,38,15,15],"gold":25,"neow_bonus":"REMOVE_TWO","is_daily":false,"chose_seed":false,"campfire_upgraded":7,"win_rate":0.0,"timestamp":1609266854,"path_taken":["M","M","M","$","?","R","?","E","T","E","R","$","?","M","R","BOSS","M","$","M","?","?","E","R","?","T","$","M","E","?","M","R","BOSS","M","?","?","M","?","E","M","R","T","?","$","M","M","$","R","BOSS","R","$","E","BOSS"],"items_purchased_type":["Card","Relic","Relic","Relic","Card"],"build_version":"2020-12-22","purchased_purges":4,"victory":false,"max_hp_per_floor":[72,72,72,72,72,72,72,72,72,72,72,72,72,72,72,72,72,72,72,72,78,78,78,78,82,82,82,82,82,82,85,85,85,85,88,88,88,91,91,91,91,91,91,91,101,105,105,105,105,109,109,109,109,112,112,112],"card_choices":[{"not_picked":["Clothesline","Havoc"],"picked":"Armaments","floor":1.0},{"not_picked":["Bloodletting","Dark Embrace"],"picked":"Inflame","floor":2.0},{"not_picked":["Armaments","Clash"],"picked":"Twin Strike","floor":3.0},{"not_picked":["Ghostly Armor","Sword Boomerang","Reckless Charge"],"picked":"SKIP","floor":5.0},{"not_picked":["Sever Soul","Perfected Strike","Reckless Charge"],"picked":"SKIP","floor":8.0},{"not_picked":["Feel No Pain","Metallicize"],"picked":"Entrench","floor":10.0},{"not_picked":["Iron Wave","Sever Soul","Seeing Red"],"picked":"SKIP","floor":14.0},{"not_picked":["Brutality","Juggernaut"],"picked":"Bludgeon","floor":16.0},{"not_picked":["Combust","Perfected Strike"],"picked":"Battle Trance","floor":18.0},{"not_picked":["Twin Strike","Blood for Blood"],"picked":"Shrug It Off+1","floor":19.0},{"not_picked":["True Grit","Clash"],"picked":"Feed","floor":19.0},{"not_picked":["Clash","Clothesline+1"],"picked":"Shockwave","floor":19.0},{"not_picked":["Dropkick","Havoc+1","Dark Embrace"],"picked":"SKIP","floor":20.0},{"not_picked":["Limit Break","Wild Strike"],"picked":"Body Slam","floor":23.0},{"not_picked":["Wild Strike","Perfected Strike","Disarm"],"picked":"SKIP","floor":25.0},{"not_picked":["Perfected Strike+1","Feel No Pain","Flame Barrier+1"],"picked":"SKIP","floor":28.0},{"not_picked":["Iron Wave","Clash","Anger"],"picked":"SKIP","floor":29.0},{"not_picked":["Limit Break","Thunderclap+1","Body Slam"],"picked":"SKIP","floor":31.0},{"not_picked":["Limit Break","Bludgeon"],"picked":"Impervious","floor":33.0},{"not_picked":["Feel No Pain","Armaments","Clothesline+1"],"picked":"SKIP","floor":35.0},{"not_picked":["Fire Breathing+1","Sever Soul","Anger+1"],"picked":"SKIP","floor":38},{"not_picked":["Twin Strike+1","Entrench+1","Heavy Blade+1"],"picked":"SKIP","floor":40},{"not_picked":["Armaments","Body Slam","True Grit+1"],"picked":"SKIP","floor":41},{"not_picked":["Inflame+1","Uppercut+1","Twin Strike"],"picked":"SKIP","floor":44},{"not_picked":["Flex","Shrug It Off"],"picked":"Burning Pact","floor":46},{"not_picked":["Dual Wield+1","Warcry"],"picked":"Entrench","floor":47},{"not_picked":["Havoc","Clothesline","Flex"],"picked":"SKIP","floor":54}],"player_experience":979476,"relics_obtained":[{"floor":8.0,"key":"Centennial Puzzle"},{"floor":9.0,"key":"MealTicket"},{"floor":10.0,"key":"Darkstone Periapt"},{"floor":21.0,"key":"Necronomicon"},{"floor":23.0,"key":"Gambling Chip"},{"floor":26.0,"key":"Sundial"},{"floor":29.0,"key":"Bottled Flame"},{"floor":36,"key":"Thread and Needle"},{"floor":40,"key":"Happy Flower"},{"floor":43,"key":"Art of War"},{"floor":54,"key":"Bronze Scales"}],"event_choices":[{"damage_healed":0.0,"max_hp_gain":0.0,"max_hp_loss":0.0,"gold_gain":0.0,"event_name":"The Cleric","player_choice":"Leave","floor":7.0,"gold_loss":0.0,"damage_taken":0.0},{"cards_removed":["Strike_R"],"damage_healed":0.0,"max_hp_gain":0.0,"max_hp_loss":0.0,"gold_gain":0.0,"event_name":"Bonfire Elementals","player_choice":"Offered Basic","floor":13.0,"gold_loss":0.0,"damage_taken":0.0},{"damage_healed":0.0,"max_hp_gain":0.0,"max_hp_loss":0.0,"gold_gain":0.0,"event_name":"Cursed Tome","player_choice":"Obtained Book","floor":21.0,"gold_loss":0.0,"damage_taken":16.0},{"damage_healed":0.0,"max_hp_gain":0.0,"max_hp_loss":0.0,"gold_gain":100.0,"event_name":"Golden Shrine","player_choice":"Pray","floor":22.0,"gold_loss":0.0,"damage_taken":0.0},{"damage_healed":0.0,"max_hp_gain":0.0,"max_hp_loss":0.0,"gold_gain":0.0,"event_name":"Vampires","player_choice":"Ignored","floor":30.0,"gold_loss":0.0,"damage_taken":0.0},{"damage_healed":0,"gold_gain":0,"player_choice":"Fight","damage_taken":0,"max_hp_gain":0,"max_hp_loss":0,"event_name":"Mysterious Sphere","floor":36,"gold_loss":0},{"damage_healed":0,"gold_gain":0,"player_choice":"Got Potions","damage_taken":0,"max_hp_gain":0,"max_hp_loss":0,"event_name":"Lab","floor":39,"gold_loss":0}],"is_beta":false,"boss_relics":[{"not_picked":["Ectoplasm","Black Blood"],"picked":"Philosopher\u0027s Stone"},{"not_picked":["SlaversCollar","Sozu"],"picked":"Coffee Dripper"}],"items_purged_floors":[4,27,45,48],"is_endless":false,"potions_floor_spawned":[3,8,14,20,29,31,33,35,38,47],"killed_by":"The Heart","ascension_level":10}}