{"host":"lk85u298wfxhyupu","time":1609206783,"event":{"mods":["Act Like it!","BaseMod","Decade(???)","Hallownest","Minty Spire (QoL Compilation)","Small Relic Pack","Spicy Shops","StSLib","Td1madao Mod","The Servant 0.9.4","The Wild Card"],"gold_per_floor":[117,134,9,24,24,58,75,105,150,150,0,0,0,10,10,10,10],"floor_reached":16,"playtime":1505,"items_purged":[],"score":160,"play_id":"e3fbb563-2bff-4e39-b96b-9d5099fd54dc","local_time":"20201228205303","is_ascension_mode":false,"campfire_choices":[{"floor":10,"key":"REST"},{"floor":13,"key":"REST"},{"floor":15,"key":"REST"}],"circlet_count":0,"master_deck":["theWildCard:BasicStrike","theWildCard:BasicStrike","theWildCard:BasicStrike","theWildCard:BasicStrike","theWildCard:BasicDefend","theWildCard:BasicDefend","theWildCard:BasicDefend","theWildCard:BasicDefend","theWildCard:CallToAdventure","theWildCard:Arsene","theWildCard:ArcaneArts","theWildCard:ArcaneArts","theWildCard:TheArcanaUnleashed","theWildCard:SeveringSlash","theWildCard:PaleRider","theWildCard:ChangingDestiny","theWildCard:MagicMettle","theWildCard:Caesar","Jack Of All Trades","theWildCard:BladeOfGenerations","theWildCard:Salvation"],"relics":["theWildCard:VelvetContract","Shuriken","Frozen Egg 2","Hallownest:BankAccountRelic"],"acts_visited":["Hallownest:Greenpath"],"potions_floor_usage":[8,8],"damage_taken":[{"damage":6,"enemies":"Hallownest:2_Tiktiks_and_1_Crawlid","floor":1,"turns":2},{"damage":10,"enemies":"Hallownest:2_Baldur","floor":2,"turns":4},{"damage":3,"enemies":"Hallownest:2_MossCreeps","floor":4,"turns":4},{"damage":31,"enemies":"Hallownest:eliteMossKnight","floor":6,"turns":5},{"damage":8,"enemies":"Hallownest:Wandering_and_Horned","floor":7,"turns":4},{"damage":0,"enemies":"Hallownest:eliteVengeflyKing","floor":8,"turns":4},{"damage":5,"enemies":"Hallownest:1_Baldur_1_Crawlid_1_Warrior","floor":14,"turns":5},{"damage":65,"enemies":"Hallownest:BossBrokenVessel","floor":16,"turns":8}],"seed_played":"5457059703569250611","potions_obtained":[{"floor":4,"key":"PowerPotion"},{"floor":7,"key":"EssenceOfSteel"},{"floor":14,"key":"Swift Potion"}],"is_trial":false,"path_per_floor":["M","M","$","M","$","E","M","E","T","R","?","?","R","M","R","B"],"character_chosen":"THE_WILD_CARD","items_purchased":["theWildCard:TheArcanaUnleashed","theWildCard:SeveringSlash"],"campfire_rested":3,"item_purchase_floors":[3,3],"current_hp_per_floor":[60,50,50,47,47,16,8,8,8,27,27,27,46,41,60,0,0],"gold":10,"neow_bonus":"TEN_PERCENT_HP_BONUS","is_daily":false,"chose_seed":false,"campfire_upgraded":0,"win_rate":0.0,"timestamp":1609206783,"path_taken":["M","M","$","M","$","E","M","E","T","R","?","?","R","M","R","BOSS"],"items_purchased_type":["Card","Card"],"build_version":"2020-12-22","purchased_purges":0,"victory":false,"max_hp_per_floor":[66,66,66,66,66,66,66,66,66,66,66,66,66,66,66,66,66],"card_choices":[{"not_picked":["theWildCard:StalwartBlade","theWildCard:Unburden"],"picked":"theWildCard:ArcaneArts","floor":1},{"not_picked":["theWildCard:ArcanaArtistry","theWildCard:SeveringSlash"],"picked":"theWildCard:ArcaneArts","floor":2},{"not_picked":["theWildCard:EnergizedStroke","theWildCard:ArcaneArts"],"picked":"theWildCard:PaleRider","floor":4},{"not_picked":["theWildCard:Polydeuces","theWildCard:Loki"],"picked":"theWildCard:ChangingDestiny","floor":6},{"not_picked":["theWildCard:Attunement","theWildCard:PowerOfTheArcana"],"picked":"theWildCard:MagicMettle","floor":7},{"not_picked":["theWildCard:CryOfAgony","theWildCard:Loki"],"picked":"theWildCard:Caesar","floor":8},{"not_picked":["Finesse","Madness"],"picked":"Jack Of All Trades","floor":12},{"not_picked":["theWildCard:EnergizedStroke","theWildCard:StingingStrike"],"picked":"theWildCard:BladeOfGenerations","floor":12},{"not_picked":["theWildCard:Loki","theWildCard:ArcaneArts"],"picked":"theWildCard:Salvation","floor":14}],"player_experience":18362,"relics_obtained":[{"floor":6,"key":"Shuriken"},{"floor":8,"key":"Frozen Egg 2"}],"event_choices":[],"is_beta":false,"boss_relics":[],"items_purged_floors":[],"is_endless":false,"potions_floor_spawned":[4,7,14],"killed_by":"Hallownest:BossBrokenVessel","ascension_level":0}}