{"host":"pq168dofzzbbmuuf","time":1609243730,"event":{"mods":["BaseMod","Downfall","Friendly Minions","Minty Spire (QoL Compilation)","StSLib"],"gold_per_floor":[110,121,121,136,149,149,149,149,149,149,164,179,279,290,290,393,393,404,422,442,542,557,557,606,106,117,117,133,133,47,58,58,153,153,173,193,48,48,48,66,89,15,15,25,25,25,25,25],"floor_reached":49,"playtime":3035,"items_purged":[],"score":656,"play_id":"a0e9d722-d62b-4949-8b83-69f1618621cc","local_time":"20201229070850","is_ascension_mode":false,"campfire_choices":[{"floor":6,"key":"REST"},{"data":"Slimebound:SamplingLick","floor":8,"key":"SMITH"},{"floor":10,"key":"REST"},{"data":"Slimebound:Split","floor":15,"key":"SMITH"},{"data":"Sadistic Nature","floor":27,"key":"SMITH"},{"data":"Slimebound:LivingWall","floor":29,"key":"SMITH"},{"floor":32,"key":"REST"},{"data":"expansioncontent:DashGenerateEvil","floor":47,"key":"SMITH"}],"circlet_count":0,"master_deck":["Slimebound:Strike_Slimebound","Slimebound:Defend_Slimebound","Slimebound:Defend_Slimebound","Slimebound:Defend_Slimebound","Slimebound:Defend_Slimebound","Slimebound:Split+1","Slimebound:CorrosiveSpit","Slimebound:Equalize","Slimebound:SlimeSpikes","Slimebound:SamplingLick+1","Slimebound:LeechEnergy","Slimebound:Nibble","Slimebound:SlimeTap","Slimebound:SelfFormingGoo","Slimebound:Prepare","Slimebound:RejuvenatingLick+1","Slimebound:Grow","Slimebound:SplitLeeching+1","Sadistic Nature+1","Slimebound:SplitBruiser","Slimebound:LivingWall+1","Slimebound:SplitLeeching","Slimebound:RainOfGoop","Slimebound:Gluttony","Slimebound:Overexert","Slimebound:GoopSpray+1","Slimebound:LivingWall","Slimebound:DivideAndConquer","expansioncontent:DashGenerateEvil+1","Sadistic Nature+1","Slimebound:LevelUp","Finesse","Doubt","Decay","Slimebound:SplitAcid","Slimebound:SplitMire","Decay"],"relics":["SacredBark","Letter Opener","downfall:ShatteredFragment","Empty Cage","downfall:GremlinWheel","Vajra","Lee\u0027s Waffle","Cursed Key","DollysMirror","Lantern","Bottled Lightning","downfall:TeleportStone"],"acts_visited":["Exordium","TheCity","TheBeyond"],"potions_floor_usage":[11,19,21,21,22,33,35,35,36,37],"damage_taken":[{"damage":7,"enemies":"2 Louse","floor":1,"turns":2},{"damage":13,"enemies":"Jaw Worm","floor":2,"turns":4},{"damage":7,"enemies":"Cultist","floor":4,"turns":2},{"damage":14,"enemies":"3 Louse","floor":5,"turns":5},{"damage":4,"enemies":"Exordium Thugs","floor":11,"turns":3},{"damage":4,"enemies":"Red Slaver","floor":12,"turns":3},{"damage":14,"enemies":"Lots of Slimes","floor":14,"turns":3},{"damage":44,"enemies":"downfall:Silent","floor":16,"turns":12},{"damage":8,"enemies":"Chosen","floor":18,"turns":3},{"damage":14,"enemies":"Sentry and Sphere","floor":19,"turns":4},{"damage":20,"enemies":"Snake Plant","floor":20,"turns":4},{"damage":31,"enemies":"Snake Plant","floor":21,"turns":5},{"damage":16,"enemies":"Snecko","floor":22,"turns":5},{"damage":8,"enemies":"downfall:FleeingMerchant","floor":25,"turns":4},{"damage":20,"enemies":"Centurion and Healer","floor":26,"turns":4},{"damage":19,"enemies":"Snake Plant","floor":28,"turns":4},{"damage":20,"enemies":"downfall:FleeingMerchant","floor":30,"turns":4},{"damage":37,"enemies":"Snecko","floor":31,"turns":5},{"damage":55,"enemies":"downfall:Ironclad","floor":33,"turns":7},{"damage":26,"enemies":"3 Darklings","floor":35,"turns":3},{"damage":31,"enemies":"Orb Walker","floor":36,"turns":4},{"damage":17,"enemies":"downfall:FleeingMerchant","floor":37,"turns":4},{"damage":15,"enemies":"4 Shapes","floor":40,"turns":6},{"damage":28,"enemies":"Jaw Worm Horde","floor":44,"turns":4},{"damage":33,"enemies":"downfall:Defect","floor":48,"turns":5}],"seed_played":"-3915852789564004832","potions_obtained":[{"floor":4,"key":"Block Potion"},{"floor":11,"key":"Fruit Juice"},{"floor":16,"key":"LiquidBronze"},{"floor":20,"key":"EssenceOfSteel"},{"floor":21,"key":"DistilledChaos"},{"floor":28,"key":"EssenceOfSteel"},{"floor":31,"key":"Slimebound:SlimyTonguePotion"},{"floor":33,"key":"hexamod:EctoCoolerPotion"},{"floor":35,"key":"sneckomod:MuddlingPotion"},{"floor":36,"key":"SteroidPotion"},{"floor":44,"key":"Ancient Potion"}],"is_trial":false,"path_per_floor":["M","M","?","M","M","R","T","R","?","R","M","M","?","M","R","B",null,"M","M","M","?","M","?","T","$","M","R","M","R","$","M","R","B",null,"M","M","$","?","?","M","T","$","?","M","T","?","R","B",null],"character_chosen":"SLIMEBOUND","items_purchased":["Lee\u0027s Waffle","CultistPotion","Sadistic Nature","Slimebound:SplitBruiser","Slimebound:Gluttony","expansioncontent:DashGenerateEvil","DollysMirror","Slimebound:LevelUp","Finesse","Slimebound:SplitAcid","Slimebound:SplitMire"],"campfire_rested":3,"item_purchase_floors":[25,25,25,25,30,37,37,37,37,42,42],"current_hp_per_floor":[57,48,48,49,41,59,59,59,41,59,70,70,70,60,60,28,70,70,64,56,37,33,33,33,77,71,71,70,70,73,60,77,42,77,65,48,49,49,49,42,42,42,67,51,51,51,51,40],"gold":25,"neow_bonus":"BOSS_RELIC","is_daily":false,"chose_seed":false,"campfire_upgraded":5,"win_rate":0.0,"timestamp":1609243730,"path_taken":["M","M","?","M","M","R","T","R","?","R","M","M","?","M","R","BOSS","M","M","M","?","?","?","T","$","M","R","M","R","?","?","R","BOSS","M","M","?","?","?","M","T","$","?","M","?","?","R","BOSS"],"items_purchased_type":["Relic","Potion","Card","Card","Card","Card","Relic","Card","Card","Card","Card"],"build_version":"2020-12-22","purchased_purges":0,"victory":true,"max_hp_per_floor":[60,60,60,60,60,60,60,60,60,60,70,70,70,70,70,70,70,70,70,70,70,70,70,70,77,77,77,77,77,77,77,77,77,77,77,77,77,77,77,77,77,77,67,67,67,67,67,67],"card_choices":[{"not_picked":["Slimebound:DisruptingSlam","Slimebound:DivideAndConquer"],"picked":"Slimebound:LeechingTouch","floor":1},{"not_picked":["Slimebound:SlimeBarrage","Slimebound:FinishingTackle"],"picked":"Slimebound:Equalize","floor":2},{"not_picked":["Slimebound:SplitBruiser","Slimebound:GoopSpray"],"picked":"Slimebound:SlimeSpikes","floor":4},{"not_picked":["Slimebound:LeechEnergy","Slimebound:ComboTackle"],"picked":"Slimebound:SamplingLick","floor":5},{"not_picked":["Slimebound:ComboTackle","Slimebound:SplitMire"],"picked":"Slimebound:LeechEnergy","floor":11},{"not_picked":["Slimebound:LeechingTouch","Slimebound:GoopSpray"],"picked":"Slimebound:Nibble","floor":12},{"not_picked":["Slimebound:RejuvenatingLick","Slimebound:SplitLeeching"],"picked":"Slimebound:SlimeTap","floor":14},{"not_picked":["Slimebound:CheckThePlaybook","Slimebound:Recycling"],"picked":"Slimebound:SelfFormingGoo","floor":16},{"not_picked":["Slimebound:SlimeBarrage","Slimebound:SamplingLick","Slimebound:ComboTackle+1"],"picked":"SKIP","floor":18},{"not_picked":["Slimebound:PressTheAttack+1","Slimebound:Schlurp"],"picked":"Slimebound:Prepare","floor":19},{"not_picked":["Slimebound:SamplingLick","Slimebound:OozeBath"],"picked":"Slimebound:RejuvenatingLick+1","floor":20},{"not_picked":["Slimebound:SamplingLick","Slimebound:FirmFortitude"],"picked":"Slimebound:Grow","floor":22},{"not_picked":["Slimebound:DivideAndConquer","Slimebound:PressTheAttack"],"picked":"Slimebound:SplitLeeching+1","floor":25},{"not_picked":["Slimebound:SlimeBarrage","Slimebound:LeechingTouch+1"],"picked":"Slimebound:LivingWall","floor":26},{"not_picked":["Slimebound:ProtectTheBoss","Slimebound:ComboTackle"],"picked":"Slimebound:SplitLeeching","floor":28},{"not_picked":["Slimebound:GoopSpray","Slimebound:ComboTackle"],"picked":"Slimebound:RainOfGoop","floor":30},{"not_picked":["Slimebound:SplitLeeching+1","Slimebound:FinishingTackle+1","Slimebound:SlimeBarrage"],"picked":"SKIP","floor":31},{"not_picked":["Slimebound:MinionMaster","Slimebound:WasteNot"],"picked":"Slimebound:Overexert","floor":33},{"not_picked":["Slimebound:ViciousTackle+1","Slimebound:LeechingTouch"],"picked":"Slimebound:GoopSpray+1","floor":35},{"not_picked":["Slimebound:ComboTackle","Slimebound:DisruptingSlam+1"],"picked":"Slimebound:LivingWall","floor":36},{"not_picked":["Slimebound:FinishingTackle","Slimebound:GoopSpray"],"picked":"Slimebound:DivideAndConquer","floor":37},{"not_picked":["Slimebound:LeechEnergy","Slimebound:SamplingLick","Slimebound:ViciousTackle"],"picked":"SKIP","floor":40},{"not_picked":["Slimebound:HungryTackle","Slimebound:SplitBruiser+1","Slimebound:ViciousTackle"],"picked":"SKIP","floor":44}],"player_experience":572514,"relics_obtained":[{"floor":7,"key":"Letter Opener"},{"floor":21,"key":"downfall:GremlinWheel"},{"floor":24,"key":"Vajra"},{"floor":41,"key":"Lantern"},{"floor":45,"key":"Bottled Lightning"}],"event_choices":[{"cards_removed":["Slimebound:LeechingTouch"],"damage_healed":0,"gold_gain":0,"player_choice":"Removed Attack","damage_taken":0,"max_hp_gain":0,"max_hp_loss":0,"event_name":"Falling","floor":39,"gold_loss":0}],"is_beta":false,"boss_relics":[{"not_picked":["Pandora\u0027s Box","Coffee Dripper"],"picked":"Empty Cage"},{"not_picked":["Snecko Eye","Busted Crown"],"picked":"Cursed Key"}],"items_purged_floors":[],"is_endless":false,"potions_floor_spawned":[4,11,16,20,21,28,31,33,35,36,44],"ascension_level":0}}