{"host":"5fasz840ryq7obdf","time":1609271507,"event":{"mods":["AchievementEnabler","BaseMod","Bestiary","Better Altar","Better Skull","Better Third Choice","BetterRewards","Block Reminder","Colored Powertips","Curses Come First","Highlight Path","Minty Spire (QoL Compilation)","Quick Restart","Rare Cards Sparkle","Relic Sorter","Relic Stats","Shop Mod","Slay-I","Spicy Shops","StSLib","SuperFastMode"],"gold_per_floor":[116,116,10,160,175,210,210,245,268,299,309,17,37,92,92,166,166,186,216,216,216,236,264,264,43,70,70,99,111,143,12,12,84,84,104,120,2,17,112,144,160,175,199,228,13,33,33,63,63,63,63,63,63,9,36,36],"floor_reached":57,"playtime":5828,"items_purged":["Strike_P","Strike_P","Doubt","Injury","Defend_P","Clumsy","Defend_P"],"score":3232,"play_id":"bc9b41f5-d53a-44dd-aa56-4b540387c585","local_time":"20201229195147","is_ascension_mode":true,"campfire_choices":[{"floor":7.0,"key":"REST"},{"floor":15.0,"key":"REST"},{"data":"Adaptation","floor":24.0,"key":"SMITH"},{"data":"CrushJoints","floor":27.0,"key":"SMITH"},{"data":"TalkToTheHand","floor":32.0,"key":"SMITH"},{"floor":47.0,"key":"RECALL"},{"floor":49.0,"key":"REST"},{"data":"TalkToTheHand","floor":53.0,"key":"SMITH"}],"circlet_count":0,"master_deck":["AscendersBane","Defend_P+1","Defend_P+1","Eruption+1","Vigilance","DeceiveReality","ClearTheMind","ThirdEye","DevaForm+1","Wallop+1","Omniscience+1","Adaptation+1","Swivel","Wallop","EmptyFist","EmptyBody","Tantrum","LessonLearned+1","Indignation+1","Sanctity","TalkToTheHand+1","ConjureBlade","FlurryOfBlows+1","WaveOfTheHand+1","FlurryOfBlows","SpiritShield+1","ThirdEye","BattleHymn","FollowUp+1","CrushJoints+1","DeceiveReality","WheelKick","FlurryOfBlows","WreathOfFlame+1","Adaptation+1","Panache","Protect","SandsOfTime","Fasting2","Ragnarok","ReachHeaven","Fasting2","Fasting2","WheelKick","Prostrate+1","SashWhip+1","Collect+1","TalkToTheHand+1","Fasting2","Protect","Worship","Wish"],"relics":["HolyWater","Membership Card","Bag of Marbles","Orrery","PreservedInsect","The Courier","Gremlin Horn","TeardropLocket","Centennial Puzzle","Bronze Scales","MealTicket","HandDrill","Oddly Smooth Stone","Bottled Tornado","Art of War","Cursed Key","Red Mask","Blue Candle","Smiling Mask","Pantograph","Happy Flower","Potion Belt","Juzu Bracelet","Ancient Tea Set","Nunchaku","Bottled Lightning","Vajra","Bag of Preparation"],"acts_visited":["Exordium","TheCity","TheBeyond","TheEnding"],"potions_floor_usage":[56,56],"damage_taken":[{"damage":7.0,"enemies":"Cultist","floor":1.0,"turns":5.0},{"damage":0.0,"enemies":"Small Slimes","floor":5.0,"turns":5.0},{"damage":15.0,"enemies":"Lagavulin","floor":6.0,"turns":4.0},{"damage":3.0,"enemies":"Gremlin Nob","floor":8.0,"turns":3.0},{"damage":2.0,"enemies":"3 Sentries","floor":10.0,"turns":2.0},{"damage":0.0,"enemies":"Jaw Worm","floor":11.0,"turns":4.0},{"damage":12.0,"enemies":"Large Slime","floor":13.0,"turns":5.0},{"damage":4.0,"enemies":"3 Sentries","floor":14.0,"turns":4.0},{"damage":0.0,"enemies":"Hexaghost","floor":16.0,"turns":5.0},{"damage":3.0,"enemies":"Spheric Guardian","floor":18.0,"turns":4.0},{"damage":0.0,"enemies":"Masked Bandits","floor":19.0,"turns":3.0},{"damage":7.0,"enemies":"Shell Parasite","floor":22.0,"turns":2.0},{"damage":4.0,"enemies":"Book of Stabbing","floor":23.0,"turns":4.0},{"damage":0.0,"enemies":"Gremlin Leader","floor":28.0,"turns":5.0},{"damage":9.0,"enemies":"Snecko","floor":29.0,"turns":5.0},{"damage":0.0,"enemies":"Slavers","floor":30.0,"turns":3.0},{"damage":3.0,"enemies":"Champ","floor":33.0,"turns":8.0},{"damage":5.0,"enemies":"Orb Walker","floor":35.0,"turns":5.0},{"damage":11.0,"enemies":"3 Darklings","floor":36.0,"turns":7.0},{"damage":23.0,"enemies":"Transient","floor":38.0,"turns":6.0},{"damage":9.0,"enemies":"Giant Head","floor":40.0,"turns":4.0},{"damage":0.0,"enemies":"Spire Growth","floor":41.0,"turns":9.0},{"damage":2.0,"enemies":"3 Darklings","floor":42.0,"turns":5.0},{"damage":0.0,"enemies":"Nemesis","floor":44.0,"turns":5.0},{"damage":0.0,"enemies":"Transient","floor":46.0,"turns":6.0},{"damage":0.0,"enemies":"Reptomancer","floor":48.0,"turns":6.0},{"damage":4.0,"enemies":"Time Eater","floor":50.0,"turns":9.0},{"damage":4.0,"enemies":"Donu and Deca","floor":51.0,"turns":8.0},{"damage":14.0,"enemies":"Shield and Spear","floor":55.0,"turns":6.0},{"damage":59,"enemies":"The Heart","floor":56,"turns":8}],"seed_played":"3830629706666189271","potions_obtained":[{"floor":1.0,"key":"ColorlessPotion"},{"floor":6.0,"key":"Ancient Potion"},{"floor":8.0,"key":"Strength Potion"},{"floor":13.0,"key":"StancePotion"},{"floor":16.0,"key":"BlessingOfTheForge"},{"floor":33.0,"key":"Regen Potion"},{"floor":41.0,"key":"PowerPotion"},{"floor":42.0,"key":"LiquidMemories"},{"floor":44.0,"key":"Explosive Potion"},{"floor":55.0,"key":"SpeedPotion"}],"is_trial":false,"path_per_floor":["M","T","$","?","M","E","R","E","T","E","M","$","M","?","R","B",null,"M","?","?","?","M","E","R","$","T","R","E","M","E","$","R","B",null,"M","M","$","M","?","E","M","M","T","E","$","M","R","E","R","B","B",null,"R","$","E","B",null],"character_chosen":"WATCHER","items_purchased":["Membership Card","Bag of Marbles","Orrery","Omniscience","Adaptation","Swivel","Wallop","PreservedInsect","EmptyFist","Gremlin Horn","ConjureBlade","HandDrill","Oddly Smooth Stone","FlurryOfBlows","Bottled Tornado","WreathOfFlame","Adaptation","Panache","Fasting2","Fasting2","Fasting2","WheelKick","Bottled Lightning","BottledMiracle","SpeedPotion"],"campfire_rested":3,"item_purchase_floors":[0,0,0,0,0,0,0,0,0,3,12,12,12,12,12,25,25,25,31,37,37,37,45,54,54],"current_hp_per_floor":[23,23,23,23,23,8,28,25,25,23,23,38,26,22,42,42,62,59,59,59,59,52,48,48,63,63,63,63,54,54,68,68,65,67,62,51,66,58,17,8,8,6,6,6,21,21,21,21,41,62,64,67,67,68,54,9],"gold":36,"neow_bonus":"","is_daily":false,"chose_seed":false,"campfire_upgraded":4,"win_rate":0.0,"timestamp":1609271507,"path_taken":["M","?","$","?","M","E","R","E","T","E","M","?","M","?","R","BOSS","M","?","?","?","?","E","R","?","T","R","E","M","E","$","R","BOSS","M","M","$","M","?","E","M","M","T","E","$","M","R","E","R","BOSS","BOSS","R","$","E","BOSS"],"items_purchased_type":["Relic","Relic","Relic","Card","Card","Card","Card","Relic","Card","Relic","Card","Relic","Relic","Card","Relic","Card","Card","Card","Card","Card","Card","Card","Relic","Potion","Potion"],"build_version":"2020-12-22","purchased_purges":7,"victory":true,"max_hp_per_floor":[68,68,68,68,68,68,68,68,68,68,68,68,68,68,68,68,68,68,68,68,68,68,68,68,68,68,68,68,68,68,68,68,68,68,68,68,68,68,68,68,68,68,68,68,68,68,68,68,68,68,68,68,68,68,68,68],"relic_stats":{"Gremlin Horn":[33,33],"Happy Flower":[30],"counters":[103,501],"Blue Candle":[0],"PreservedInsect":562,"Juzu Bracelet":0,"Bag of Preparation":[2],"Cursed Key":2,"Smiling Mask":100,"Centennial Puzzle":[51],"Nunchaku":[9],"Bronze Scales":[421],"Pantograph":45,"MealTicket":75,"HandDrill":[38],"Art of War":[26],"obtain_stats":[{"Gremlin Horn":0,"CeramicFish":0,"Vajra":0,"Whetstone":55,"Bottled Tornado":28,"Boot":38,"Blood Vial":8,"Centennial Puzzle":8,"Prayer Wheel":42,"MealTicket":6,"VioletLotus":17,"HandDrill":0,"Kunai":22,"Happy Flower":42,"Blue Candle":23,"Oddly Smooth Stone":22,"Pen Nib":6,"Letter Opener":44,"Akabeko":41,"SlaversCollar":34,"OrangePellets":0,"Shuriken":0,"MutagenicStrength":22,"Bronze Scales":9,"Black Star":34,"StrikeDummy":10,"Meat on the Bone":23,"Darkstone Periapt":44,"Lantern":9,"Torii":17,"Incense Burner":22,"Juzu Bracelet":39,"Bag of Preparation":55,"TeardropLocket":0,"Smiling Mask":25,"Ancient Tea Set":17,"Cursed Key":17,"Dream Catcher":13,"Nunchaku":0,"Pantograph":28,"Red Mask":19,"Runic Pyramid":17,"Potion Belt":40,"Golden Idol":5,"Damaru":26,"The Courier":10,"PreservedInsect":25,"Omamori":48,"Frozen Egg 2":48,"Orichalcum":4,"Calling Bell":17,"Peace Pipe":21,"Strange Spoon":0,"Anchor":40,"Ornamental Fan":31,"Orrery":46,"HolyWater":34,"Turnip":30,"Bag of Marbles":0,"Art of War":25,"Membership Card":0,"Bottled Lightning":45,"PureWater":0,"Toy Ornithopter":6},{"Gremlin Horn":0,"CeramicFish":0,"Vajra":0,"Whetstone":55,"Bottled Tornado":44,"Boot":49,"Blood Vial":36,"Centennial Puzzle":77,"Prayer Wheel":26,"MealTicket":35,"VioletLotus":38,"HandDrill":32,"Kunai":14,"Happy Flower":26,"Blue Candle":86,"Oddly Smooth Stone":14,"Pen Nib":4,"Letter Opener":27,"Akabeko":50,"SlaversCollar":47,"OrangePellets":56,"Shuriken":56,"MutagenicStrength":40,"Bronze Scales":77,"Black Star":20,"StrikeDummy":6,"Meat on the Bone":41,"Darkstone Periapt":27,"Lantern":5,"Torii":65,"Incense Burner":14,"Juzu Bracelet":93,"Bag of Preparation":102,"TeardropLocket":32,"Smiling Mask":16,"Ancient Tea Set":65,"Cursed Key":82,"Dream Catcher":9,"Nunchaku":32,"Pantograph":87,"Red Mask":84,"Runic Pyramid":11,"Potion Belt":25,"Golden Idol":59,"Damaru":16,"The Courier":37,"PreservedInsect":68,"Omamori":30,"Frozen Egg 2":30,"Orichalcum":34,"Calling Bell":65,"Peace Pipe":66,"Strange Spoon":0,"Anchor":25,"Ornamental Fan":46,"Orrery":51,"HolyWater":90,"Turnip":18,"Bag of Marbles":0,"Art of War":68,"Membership Card":0,"Bottled Lightning":97,"PureWater":0,"Toy Ornithopter":60},{"Gremlin Horn":0,"CeramicFish":0,"Vajra":0,"Whetstone":255,"Bottled Tornado":196,"Boot":225,"Blood Vial":160,"Centennial Puzzle":363,"Prayer Wheel":103,"MealTicket":155,"VioletLotus":169,"HandDrill":142,"Kunai":41,"Happy Flower":103,"Blue Candle":396,"Oddly Smooth Stone":41,"Pen Nib":9,"Letter Opener":110,"Akabeko":231,"SlaversCollar":216,"OrangePellets":263,"Shuriken":263,"MutagenicStrength":179,"Bronze Scales":363,"Black Star":74,"StrikeDummy":15,"Meat on the Bone":184,"Darkstone Periapt":110,"Lantern":11,"Torii":303,"Incense Burner":41,"Juzu Bracelet":435,"Bag of Preparation":493,"TeardropLocket":142,"Smiling Mask":48,"Ancient Tea Set":303,"Cursed Key":383,"Dream Catcher":24,"Nunchaku":142,"Pantograph":401,"Red Mask":390,"Runic Pyramid":32,"Potion Belt":96,"Golden Idol":276,"Damaru":48,"The Courier":164,"PreservedInsect":317,"Omamori":126,"Frozen Egg 2":126,"Orichalcum":149,"Calling Bell":303,"Peace Pipe":307,"Strange Spoon":0,"Anchor":96,"Ornamental Fan":208,"Orrery":233,"HolyWater":417,"Turnip":59,"Bag of Marbles":0,"Art of War":317,"Membership Card":0,"Bottled Lightning":458,"PureWater":0,"Toy Ornithopter":284}]},"card_choices":[{"not_picked":["Vengeance","Meditate"],"picked":"DeceiveReality","floor":0.0},{"not_picked":["EmptyMind","JustLucky"],"picked":"ClearTheMind","floor":0.0},{"not_picked":["JustLucky","EmptyBody"],"picked":"ThirdEye","floor":0.0},{"not_picked":["PathToVictory","EmptyBody"],"picked":"DevaForm","floor":0.0},{"not_picked":["Conclude","Collect"],"picked":"Wallop","floor":0.0},{"not_picked":["Perseverance","Halt"],"picked":"EmptyBody","floor":1.0},{"not_picked":["FlurryOfBlows","Vengeance"],"picked":"Tantrum","floor":5.0},{"not_picked":["Adaptation","WheelKick"],"picked":"LessonLearned","floor":6.0},{"not_picked":["Vengeance","PathToVictory"],"picked":"Indignation","floor":8.0},{"not_picked":["Protect","JustLucky"],"picked":"Sanctity","floor":10.0},{"not_picked":["EmptyFist","Tantrum"],"picked":"TalkToTheHand","floor":11.0},{"not_picked":["Prostrate","Perseverance"],"picked":"WaveOfTheHand","floor":13.0},{"not_picked":["Consecrate","ClearTheMind"],"picked":"FlurryOfBlows","floor":14.0},{"not_picked":["Blasphemy","MasterReality"],"picked":"SpiritShield","floor":16.0},{"not_picked":["Swivel","BowlingBash"],"picked":"ThirdEye","floor":18.0},{"not_picked":["SandsOfTime","BowlingBash"],"picked":"BattleHymn","floor":19.0},{"not_picked":["Swivel","Indignation+1"],"picked":"WheelKick","floor":22.0},{"not_picked":["PathToVictory","Consecrate"],"picked":"FlurryOfBlows","floor":23.0},{"not_picked":["DevaForm","FlyingSleeves"],"picked":"Protect","floor":28.0},{"not_picked":["MentalFortress","FollowUp"],"picked":"SandsOfTime","floor":29.0},{"not_picked":["FlyingSleeves","Halt","Consecrate"],"picked":"SKIP","floor":30.0},{"not_picked":["Scrawl","Brilliance"],"picked":"Ragnarok","floor":33.0},{"not_picked":["FollowUp","CrushJoints","FlurryOfBlows"],"picked":"SKIP","floor":35.0},{"not_picked":["Adaptation","CrushJoints"],"picked":"ReachHeaven","floor":36.0},{"not_picked":["Crescendo","FollowUp"],"picked":"Prostrate+1","floor":38.0},{"not_picked":["EmptyBody","ReachHeaven"],"picked":"SashWhip+1","floor":40.0},{"not_picked":["JustLucky+1","EmptyBody"],"picked":"Collect+1","floor":41.0},{"not_picked":["CrushJoints","Establishment"],"picked":"TalkToTheHand","floor":42.0},{"not_picked":["EmptyBody","FearNoEvil"],"picked":"Fasting2","floor":44.0},{"not_picked":["EmptyBody+1","Collect"],"picked":"Protect","floor":46.0},{"not_picked":["PathToVictory","Pray"],"picked":"Worship","floor":48.0},{"not_picked":["ThirdEye","Vengeance+1"],"picked":"Wish","floor":55.0}],"player_experience":1262633,"relics_obtained":[{"floor":2.0,"key":"The Courier"},{"floor":6.0,"key":"TeardropLocket"},{"floor":8.0,"key":"Centennial Puzzle"},{"floor":9.0,"key":"Bronze Scales"},{"floor":10.0,"key":"MealTicket"},{"floor":14.0,"key":"Art of War"},{"floor":19.0,"key":"Red Mask"},{"floor":23.0,"key":"Blue Candle"},{"floor":26.0,"key":"Smiling Mask"},{"floor":28.0,"key":"Pantograph"},{"floor":30.0,"key":"Happy Flower"},{"floor":40.0,"key":"Ancient Tea Set"},{"floor":44.0,"key":"Nunchaku"},{"floor":48.0,"key":"Vajra"},{"floor":55.0,"key":"Bag of Preparation"}],"event_choices":[{"damage_healed":0.0,"max_hp_gain":0.0,"max_hp_loss":0.0,"gold_gain":150.0,"event_name":"betterThird:BetterSerpent","player_choice":"AGREE","floor":4.0,"gold_loss":0.0,"damage_taken":10.0},{"damage_healed":0.0,"max_hp_gain":0.0,"max_hp_loss":0.0,"gold_gain":0.0,"event_name":"Dead Adventurer","player_choice":"Searched \u00271\u0027 times","floor":14.0,"gold_loss":0.0,"damage_taken":0.0},{"damage_healed":0.0,"max_hp_gain":0.0,"max_hp_loss":0.0,"gold_gain":0.0,"event_name":"Masked Bandits","player_choice":"Fought Bandits","floor":19.0,"gold_loss":0.0,"damage_taken":0.0},{"damage_healed":0.0,"max_hp_gain":0.0,"max_hp_loss":0.0,"gold_gain":0.0,"cards_transformed":["Strike_P","Strike_P"],"event_name":"Drug Dealer","player_choice":"Became Test Subject","floor":20.0,"gold_loss":0.0,"damage_taken":0.0,"cards_obtained":["FollowUp","CrushJoints"]},{"damage_healed":0.0,"max_hp_gain":0.0,"max_hp_loss":0.0,"gold_gain":0.0,"event_name":"The Library","player_choice":"Read","floor":21.0,"gold_loss":0.0,"damage_taken":0.0,"cards_obtained":["DeceiveReality"]},{"damage_healed":0.0,"max_hp_gain":0.0,"max_hp_loss":0.0,"gold_gain":95.0,"event_name":"betterSkull:BetterSkull","player_choice":"RE RE GO ","floor":39.0,"gold_loss":0.0,"damage_taken":46.0,"cards_upgraded":[],"relics_obtained":["Potion Belt","Juzu Bracelet"]}],"is_beta":false,"boss_relics":[{"not_picked":["SlaversCollar","Snecko Eye"],"picked":"Cursed Key"},{"not_picked":["Busted Crown","SacredBark"],"picked":"HolyWater"}],"items_purged_floors":[0,0,25,31,31,45,45],"is_endless":false,"potions_floor_spawned":[1,6,8,13,14,16,19,23,33,41,42,44,55],"ascension_level":20}}