{"host":"56792r0r1tfnc9x9","time":1609218430,"event":{"mods":["2.2 Compatiblity","Abigail Mod","AchievementEnabler","Act Like it!","Aspiration","BaseMod","Better Note","Better Third Choice","Better Vampires","BetterRewards","Block Reminder","CapriCore","Colored Map","Colored Powertips","Conspire","Downfall","Elementarium","Emptier Cage","Energized Spire","GifTheSpireLib","Gremlin Mod","Halation","Hermit","Highlight Path","Hubris","Jedi Mod","JesterMod","Jorbs\u0027s Wanderer Trilogy","Marisa????????","Minty Spire (QoL Compilation)","Pale of the Ancients","Potionbrewer","Rare Cards Sparkle","Relic Stats","Replay The Spire","Robot Space Explorer","SacredBarkPlus","Shade Mod","Spicy Shops","StSLib","Stuff the Spire","Synergy Search","The Construct","The Jungle","The Marked","The Runesmith","Waifu the Spire","Wandering Minibosses"],"gold_per_floor":[116,116,116,166,2,21,21,21,72,72,94,118,137,171,171,312,312,338,18,18,209,229,229,255,353,353,357,357,357],"floor_reached":27,"playtime":2576,"items_purged":["champ:Strike","champ:Defend","champ:Strike","champ:Strike","jedi:BattleThirst"],"score":207,"play_id":"27702b5f-9c5f-4267-b15f-7ca1badf868a","local_time":"20201228230710","is_ascension_mode":false,"campfire_choices":[{"floor":7,"key":"REST"},{"floor":10,"key":"REST"},{"data":"Amnesia","floor":15,"key":"PURGE"},{"floor":23,"key":"REST"}],"circlet_count":0,"master_deck":["champ:Strike","champ:Defend","champ:Defend","champ:Execute","champ:Taunt","Crow Ritual","champ:RisingSlash+1","champ:GladiatorsShout","champ:IronFortress","champ:FocusedGladiator","champ:CrownThrow","Secret Technique","Parasite","Regret","Replay:Sluggish"],"relics":["champ:ChampionCrown","Bronze Scales","StuffTheSpire:Nightcore","Membership Card","Golden Idol","Ring of Greed","The Courier","halation:IllGainedPizza","Ring of Fury","Mirror","StuffTheSpire:OldFever","energizedSpire:CursedPentagram","jedi:gremlinknob","Bottled Tornado","jesterMod:MirrorMask","Eternal Feather"],"acts_visited":["Exordium","TheCity"],"potions_floor_usage":[11,11,13,14,14,18,27],"damage_taken":[{"damage":0.0,"enemies":"conspire:RoseBush","floor":1.0,"turns":2.0},{"damage":0,"enemies":"Small Slimes","floor":6,"turns":2},{"damage":0,"enemies":"Jaw Worm","floor":11,"turns":2},{"damage":19,"enemies":"Exordium Wildlife","floor":12,"turns":2},{"damage":25,"enemies":"Looter","floor":13,"turns":3},{"damage":11,"enemies":"conspire:2 RoseBushes","floor":14,"turns":4},{"damage":23,"enemies":"Hexaghost","floor":16,"turns":7},{"damage":16,"enemies":"conspire:FuzzyDice","floor":18,"turns":3},{"damage":11,"enemies":"Chosen","floor":21,"turns":5},{"damage":48,"enemies":"conspire:HollyBat","floor":22,"turns":5},{"damage":26,"enemies":"Snake Plant","floor":24,"turns":3},{"damage":33,"enemies":"Snecko","floor":25,"turns":5},{"damage":20,"enemies":"Book of Stabbing","floor":27,"turns":2}],"seed_played":"5994131056605221879","potions_obtained":[{"floor":12,"key":"SpeedPotion"},{"floor":13,"key":"Regen Potion"},{"floor":14,"key":"champ:OpenerPotion"},{"floor":18,"key":"Explosive Potion"}],"is_trial":false,"path_per_floor":["M","?","?","?","$","M","R","T","T","R","M","M","M","M","R_BF","B",null,"M","$","?","M","M","R","M","M","T","E"],"character_chosen":"THE_CHAMP","items_purchased":["Crow Ritual","Bronze Scales","Membership Card","Dexterity Potion","Adrenaline Potion","Energy Potion","Secret Technique","jedi:gremlinknob","Bottled Tornado","jesterMod:MirrorMask"],"campfire_rested":3,"item_purchase_floors":[0,0,0,0,5,5,19,19,19,19],"current_hp_per_floor":[49,49,27,27,27,27,54,54,54,81,81,67,47,53,53,35,90,82,82,82,76,33,60,37,19,19,0,0,0],"gold":357,"neow_bonus":"","is_daily":false,"chose_seed":false,"campfire_upgraded":0,"win_rate":0.0,"timestamp":1609218430,"path_taken":["M","?","?","?","$","M","R","?","T","R","M","M","M","M","R_BF","BOSS","M","$","?","M","M","R","M","M","T","E"],"items_purchased_type":["Card","Relic","Relic","Potion","Potion","Potion","Card","Relic","Relic","Relic"],"build_version":"2020-12-22","purchased_purges":5,"victory":false,"max_hp_per_floor":[90,90,90,90,90,90,90,90,90,90,90,90,90,90,90,90,90,90,90,90,90,90,90,90,90,90,90,90,90],"relic_stats":{"counters":[219,1012],"Golden Idol":65,"Bronze Scales":[86],"Eternal Feather":0,"obtain_stats":[{"CeramicFish":33,"Runesmith:Locket":0,"potionbrewer:SalesContract":31,"StuffTheSpire:BottledEssence":35,"Bottled Tornado":19,"Old Coin":46,"StuffTheSpire:SapphireSignet":33,"Sozu":34,"potionbrewer:RamsHorn":13,"Centennial Puzzle":23,"HornCleat":0,"FaceOfCleric":30,"MealTicket":14,"aspiration:ArtOfWarUpgrade":23,"Fusion Hammer":17,"Kunai":8,"Toxic Egg 2":0,"hubris:TinFlute":31,"hexamod:SpiritBrand":0,"wanderingMiniBosses:ThiefScarf":30,"halation:QuantumPhysicsTextbook":0,"Oddly Smooth Stone":7,"hexamod:TheBrokenSeal":37,"potionbrewer:MortarAndPestle":25,"Eternal Feather":26,"conspire:Boomerang":0,"Letter Opener":28,"aspiration:SeaSaltIceCream":42,"potionbrewer:ToyAutogyro":0,"aspiration:FrozenJewel":43,"Du-Vu Doll":6,"Replay:Baseball":42,"wanderingMiniBosses:Blackblade":35,"ReplayTheSpireMod:Shallot":45,"Bronze Scales":0,"hubris:PeanutButter":0,"aspiration:SilentSkillbook":34,"Mirror":8,"StuffTheSpire:OldFever":9,"aspiration:Lifesprig":0,"Torii":17,"Blue Doll":7,"conspire:SpecialSausage":17,"champ:ChampionCrown":0,"StuffTheSpire:GrapeVine":27,"jedi:Pinwheel":39,"Empty Cage":34,"jesterMod:MirrorMask":19,"SsserpentHead":7,"StuffTheSpire:Gunfinga":39,"Matryoshka":11,"hubris:Backtick":17,"hubris:Icosahedron":12,"energizedSpire:CursedPentagram":17,"Mummified Hand":11,"SlimeboundClassic:AbsorbEndCombat":0,"Pantograph":24,"hubris:CuriousFeather":0,"StuffTheSpire:Nightcore":36,"InkBottle":32,"Gremlin Food":9,"Lee\u0027s Waffle":0,"halation:BottledLove":25,"Golden Idol":3,"StuffTheSpire:Saxophone":35,"halation:IllGainedPizza":4,"jedi:gremlinknob":19,"Replay:WaspNest":9,"The Courier":26,"jedi:crownofsimplicity":0,"Ring of Greed":4,"hubris:Towel":2,"halation:SelfBoilingWater":9,"Strange Spoon":0,"StuffTheSpire:Mouthbags":6,"Ornamental Fan":9,"halation:EternalFortune":19,"aspiration:KaomsHeart":36,"Ring of Fury":4,"StuffTheSpire:RubySignet":9,"Bag of Marbles":13,"Art of War":0,"StuffTheSpire:Kangaroo":17,"Membership Card":0,"halation:LostSnail":0,"halation:PinkSoulGem":15,"hubris:OldNail":0},{"CeramicFish":144,"Runesmith:Locket":178,"potionbrewer:SalesContract":143,"StuffTheSpire:BottledEssence":145,"Bottled Tornado":214,"Old Coin":172,"StuffTheSpire:SapphireSignet":144,"Sozu":145,"potionbrewer:RamsHorn":123,"Centennial Puzzle":163,"HornCleat":126,"FaceOfCleric":165,"MealTicket":159,"aspiration:ArtOfWarUpgrade":190,"Fusion Hammer":160,"Kunai":131,"Toxic Egg 2":154,"hubris:TinFlute":143,"hexamod:SpiritBrand":0,"wanderingMiniBosses:ThiefScarf":143,"halation:QuantumPhysicsTextbook":154,"Oddly Smooth Stone":182,"hexamod:TheBrokenSeal":198,"potionbrewer:MortarAndPestle":140,"Eternal Feather":218,"conspire:Boomerang":175,"Letter Opener":192,"aspiration:SeaSaltIceCream":201,"potionbrewer:ToyAutogyro":178,"aspiration:FrozenJewel":201,"Du-Vu Doll":130,"Replay:Baseball":201,"wanderingMiniBosses:Blackblade":168,"ReplayTheSpireMod:Shallot":203,"Bronze Scales":206,"hubris:PeanutButter":175,"aspiration:SilentSkillbook":195,"Mirror":208,"StuffTheSpire:OldFever":208,"aspiration:Lifesprig":175,"Torii":117,"Blue Doll":122,"conspire:SpecialSausage":134,"champ:ChampionCrown":0,"StuffTheSpire:GrapeVine":164,"jedi:Pinwheel":199,"Empty Cage":167,"jesterMod:MirrorMask":214,"SsserpentHead":113,"StuffTheSpire:Gunfinga":199,"Matryoshka":114,"hubris:Backtick":117,"hubris:Icosahedron":132,"energizedSpire:CursedPentagram":213,"Mummified Hand":183,"SlimeboundClassic:AbsorbEndCombat":0,"Pantograph":164,"hubris:CuriousFeather":154,"StuffTheSpire:Nightcore":168,"InkBottle":194,"Gremlin Food":113,"Lee\u0027s Waffle":178,"halation:BottledLove":191,"Golden Idol":207,"StuffTheSpire:Saxophone":145,"halation:IllGainedPizza":207,"jedi:gremlinknob":214,"Replay:WaspNest":182,"The Courier":191,"jedi:crownofsimplicity":119,"Ring of Greed":207,"hubris:Towel":176,"halation:SelfBoilingWater":122,"Strange Spoon":154,"StuffTheSpire:Mouthbags":113,"Ornamental Fan":157,"halation:EternalFortune":118,"aspiration:KaomsHeart":146,"Ring of Fury":207,"StuffTheSpire:RubySignet":131,"Bag of Marbles":133,"Art of War":178,"StuffTheSpire:Kangaroo":187,"Membership Card":206,"halation:LostSnail":178,"halation:PinkSoulGem":133,"hubris:OldNail":175},{"CeramicFish":679,"Runesmith:Locket":847,"potionbrewer:SalesContract":674,"StuffTheSpire:BottledEssence":685,"Bottled Tornado":992,"Old Coin":819,"StuffTheSpire:SapphireSignet":679,"Sozu":685,"potionbrewer:RamsHorn":567,"Centennial Puzzle":785,"HornCleat":581,"FaceOfCleric":793,"MealTicket":761,"aspiration:ArtOfWarUpgrade":905,"Fusion Hammer":768,"Kunai":605,"Toxic Egg 2":739,"hubris:TinFlute":674,"hexamod:SpiritBrand":0,"wanderingMiniBosses:ThiefScarf":674,"halation:QuantumPhysicsTextbook":739,"Oddly Smooth Stone":863,"hexamod:TheBrokenSeal":942,"potionbrewer:MortarAndPestle":658,"Eternal Feather":1010,"conspire:Boomerang":837,"Letter Opener":916,"aspiration:SeaSaltIceCream":954,"potionbrewer:ToyAutogyro":847,"aspiration:FrozenJewel":954,"Du-Vu Doll":601,"Replay:Baseball":954,"wanderingMiniBosses:Blackblade":808,"ReplayTheSpireMod:Shallot":961,"Bronze Scales":969,"hubris:PeanutButter":837,"aspiration:SilentSkillbook":932,"Mirror":972,"StuffTheSpire:OldFever":972,"aspiration:Lifesprig":837,"Torii":535,"Blue Doll":558,"conspire:SpecialSausage":629,"champ:ChampionCrown":0,"StuffTheSpire:GrapeVine":789,"jedi:Pinwheel":946,"Empty Cage":803,"jesterMod:MirrorMask":992,"SsserpentHead":506,"StuffTheSpire:Gunfinga":946,"Matryoshka":510,"hubris:Backtick":535,"hubris:Icosahedron":610,"energizedSpire:CursedPentagram":989,"Mummified Hand":869,"SlimeboundClassic:AbsorbEndCombat":0,"Pantograph":789,"hubris:CuriousFeather":739,"StuffTheSpire:Nightcore":808,"InkBottle":924,"Gremlin Food":506,"Lee\u0027s Waffle":847,"halation:BottledLove":911,"Golden Idol":971,"StuffTheSpire:Saxophone":685,"halation:IllGainedPizza":971,"jedi:gremlinknob":992,"Replay:WaspNest":863,"The Courier":911,"jedi:crownofsimplicity":549,"Ring of Greed":971,"hubris:Towel":841,"halation:SelfBoilingWater":558,"Strange Spoon":739,"StuffTheSpire:Mouthbags":506,"Ornamental Fan":749,"halation:EternalFortune":544,"aspiration:KaomsHeart":689,"Ring of Fury":971,"StuffTheSpire:RubySignet":605,"Bag of Marbles":616,"Art of War":847,"StuffTheSpire:Kangaroo":893,"Membership Card":969,"halation:LostSnail":847,"halation:PinkSoulGem":616,"hubris:OldNail":837}]},"card_choices":[{"not_picked":["champ:BringItOn","champ:TornadoPunch","champ:FocusedBerserking"],"picked":"SKIP","floor":1.0},{"not_picked":["champ:TornadoPunch","champ:DefensiveShout"],"picked":"champ:GladiatorsShout","floor":6},{"not_picked":["champ:FanOfKnives","champ:PerfectedStrike","champ:Encircle"],"picked":"SKIP","floor":11},{"not_picked":["champ:PerfectedStrike","champ:FlashCut"],"picked":"champ:IronFortress","floor":12},{"not_picked":["champ:Backstep","champ:AdrenalArmor"],"picked":"champ:FocusedGladiator","floor":13},{"not_picked":["champ:RapidStrikes","champ:SkillfulDodge","champ:HeartStrike"],"picked":"SKIP","floor":14},{"not_picked":["champ:HoldFirm","champ:PerfectForm"],"picked":"champ:CrownThrow","floor":16},{"not_picked":["champ:Haymaker","champ:RecklessLeap+1","champ:FanOfKnives"],"picked":"SKIP","floor":18},{"not_picked":["champ:RisingSlash","champ:AdrenalArmor","champ:EnGarde"],"picked":"SKIP","floor":21},{"not_picked":["champ:SkillfulDodge","champ:BerserkerStyle","champ:PerfectedStrike"],"picked":"SKIP","floor":22},{"not_picked":["champ:PreciseThrust+1","champ:TornadoPunch+1","champ:GutPunch"],"picked":"SKIP","floor":24},{"not_picked":["champ:FocusedDefense","champ:BladeFlurry","champ:ShieldWall+1"],"picked":"SKIP","floor":25}],"player_experience":917583,"relics_obtained":[{"floor":4,"key":"Ring of Greed"},{"floor":4,"key":"The Courier"},{"floor":4,"key":"halation:IllGainedPizza"},{"floor":4,"key":"Ring of Fury"},{"floor":8,"key":"Mirror"},{"floor":9,"key":"StuffTheSpire:OldFever"},{"floor":26,"key":"Eternal Feather"}],"event_choices":[{"damage_healed":0,"gold_gain":0,"player_choice":"Take Damage","damage_taken":22,"relics_obtained":["Golden Idol"],"max_hp_gain":0,"max_hp_loss":0,"event_name":"Golden Idol","floor":3,"gold_loss":0},{"cards_removed":["champ:Strike"],"damage_healed":0,"gold_gain":0,"player_choice":"Give","damage_taken":0,"max_hp_gain":0,"max_hp_loss":0,"event_name":"betterNote:BetterNote","floor":20,"gold_loss":0,"cards_obtained":["hexamod:Defend"]}],"is_beta":false,"boss_relics":[{"not_picked":["hubris:GrandSneckoEye","jedi:battlestandard"],"picked":"energizedSpire:CursedPentagram"}],"items_purged_floors":[0,0,5,5,19],"is_endless":false,"potions_floor_spawned":[12,13,14,18],"killed_by":"Book of Stabbing","ascension_level":0}}