{"host":"ij91kspbsf1i6fsu","time":1609223406,"event":{"mods":["AchievementEnabler","BaseMod","BetterRewards","Colored Map","Minty Spire (QoL Compilation)","MostiFishMod","Rare Cards Sparkle","StSLib","everything is the same but u backflip on backflip","¡¼?Úª?ø«¡½REMEMod"],"gold_per_floor":[115,134,149,160,172,172,202,277,277,296,118,128,147,147,147,251,251,266,280,280,293,293,293,327,339,339,372,372,372,372,390,390,486,486,498,326,326,338,183,183,215,215,263,223,286,321,135,166,166,190,190,190,18,71,110],"floor_reached":56,"playtime":3251,"items_purged":[],"score":1554,"play_id":"68cfb591-8b3c-4adc-8bbe-2393492e0f73","local_time":"20201228233006","is_ascension_mode":false,"campfire_choices":[{"floor":6,"key":"RECALL"},{"floor":15,"key":"REST"},{"data":"Juggernaut","floor":23,"key":"SMITH"},{"data":"Berserk","floor":30,"key":"SMITH"},{"data":"Brutality","floor":32,"key":"SMITH"},{"data":"Chrysalis","floor":40,"key":"SMITH"},{"data":"Chrysalis","floor":42,"key":"SMITH"},{"data":"MostiFishMod:OneDayCity","floor":49,"key":"SMITH"},{"data":"MostiFishMod:Mania","floor":52,"key":"SMITH"}],"circlet_count":0,"master_deck":["Strike_R","Strike_R+1","Strike_R","Strike_R","Strike_R","Defend_R","Defend_R","Defend_R","Defend_R","Bash","Flex","Metallicize","MostiFishMod:Mania+1","Anger","Corpse Explosion+1","Combust","Berserk+1","Clothesline","REME_SingleHolding","Thunderclap","Infernal Blade","Juggernaut+1","Pommel Strike+1","Sword Boomerang","Twin Strike+1","MostiFishMod:#F4004+1","Shrug It Off+1","Entrench+1","Brutality+1","MostiFishMod:PerfectStrikeMKII","Pommel Strike+1","Chrysalis+1","Chrysalis+1","Body Slam","Infernal Blade+1","Twin Strike+1","Corruption","MostiFishMod:OneDayCity+1","Perfected Strike+1","Mayhem","Rupture+1"],"relics":["REME_ComplimentaryCards","DaveBox","RhineSuit","SynthV:TestCard","HollowDreamFlower","REME_HandOfSuture","Pear","REME_PuzzleBoxRelic","PatriotShield","REME_LimitBreaker","ArrowTower","Red Mask","REME_ChargedStone","Ying","REME_ArchaeologicalTools","Boot","Happy Flower","Charon\u0027s Ashes"],"acts_visited":["Exordium","TheCity","TheBeyond","TheEnding"],"potions_floor_usage":[13,13,14,55,55,55],"damage_taken":[{"damage":0,"enemies":"Small Slimes","floor":1,"turns":2},{"damage":11,"enemies":"Jaw Worm","floor":2,"turns":2},{"damage":3,"enemies":"Cultist","floor":3,"turns":3},{"damage":27,"enemies":"Exordium Thugs","floor":4,"turns":3},{"damage":8,"enemies":"Large Slime","floor":5,"turns":4},{"damage":10,"enemies":"Lagavulin","floor":7,"turns":6},{"damage":2,"enemies":"Blue Slaver","floor":10,"turns":2},{"damage":13,"enemies":"Red Slaver","floor":12,"turns":4},{"damage":24,"enemies":"Exordium Thugs","floor":13,"turns":3},{"damage":0,"enemies":"Slime Boss","floor":16,"turns":4},{"damage":0,"enemies":"Shell Parasite","floor":18,"turns":3},{"damage":0,"enemies":"Spheric Guardian","floor":19,"turns":1},{"damage":0,"enemies":"Snecko","floor":21,"turns":3},{"damage":0,"enemies":"REME_1_Revenger","floor":24,"turns":2},{"damage":1,"enemies":"Centurion and Healer","floor":25,"turns":2},{"damage":0,"enemies":"Masked Bandits","floor":27,"turns":2},{"damage":0,"enemies":"Snake Plant","floor":31,"turns":1},{"damage":3,"enemies":"Collector","floor":33,"turns":4},{"damage":4,"enemies":"Orb Walker","floor":35,"turns":3},{"damage":7,"enemies":"3 Darklings","floor":38,"turns":3},{"damage":31,"enemies":"Nemesis","floor":41,"turns":3},{"damage":0,"enemies":"Giant Head","floor":45,"turns":1},{"damage":0,"enemies":"Jaw Worm Horde","floor":46,"turns":1},{"damage":8,"enemies":"Sphere and 2 Shapes","floor":48,"turns":1},{"damage":1,"enemies":"Time Eater","floor":50,"turns":2},{"damage":1,"enemies":"Shield and Spear","floor":54,"turns":2},{"damage":60,"enemies":"The Heart","floor":55,"turns":4}],"seed_played":"7015557477316960784","potions_obtained":[{"floor":3,"key":"Ancient Potion"},{"floor":5,"key":"GamblersBrew"},{"floor":7,"key":"Fruit Juice"},{"floor":13,"key":"BloodPotion"},{"floor":19,"key":"GamblersBrew"},{"floor":20,"key":"LiquidBronze"},{"floor":33,"key":"ColorlessPotion"},{"floor":41,"key":"LiquidBronze"}],"is_trial":false,"path_per_floor":["M","M","M","M","M","R","E","?","T","M","$","M","M","?","R","B",null,"M","M","?","M","T","R","E","M","T","?","?","?","R","M","R","B",null,"M","$","?","M","$","R","E","R","T","?","E","M","$","M","R","B",null,"R","$","E","B",null],"character_chosen":"IRONCLAD","items_purchased":["REME_PuzzleBoxRelic","REME_SingleHolding","Chrysalis","Ying","MostiFishMod:OneDayCity","Mayhem"],"campfire_rested":1,"item_purchase_floors":[11,11,36,39,47,53],"current_hp_per_floor":[80,69,66,39,31,31,25,14,24,26,26,17,2,21,49,53,95,95,95,95,95,95,95,95,94,94,95,95,95,95,95,95,92,95,91,91,91,88,88,88,63,63,63,63,67,71,71,67,67,70,97,97,97,96,37],"gold":110,"neow_bonus":"BOSS_RELIC","is_daily":false,"chose_seed":false,"campfire_upgraded":7,"win_rate":0.0,"timestamp":1609223406,"path_taken":["M","M","M","M","M","R","E","?","T","M","$","M","M","?","R","BOSS","M","M","?","?","?","R","E","M","T","?","?","?","R","M","R","BOSS","M","$","?","M","?","R","E","R","T","?","E","M","$","M","R","BOSS","R","$","E","BOSS"],"items_purchased_type":["Relic","Card","Card","Relic","Card","Card"],"build_version":"2020-12-22","purchased_purges":0,"victory":true,"max_hp_per_floor":[80,80,80,80,80,80,80,80,90,90,90,90,95,95,95,95,95,95,95,95,95,95,95,95,95,95,95,95,95,95,95,95,95,95,95,95,95,95,95,95,97,97,97,97,97,97,97,97,97,97,97,97,97,97,97],"card_choices":[{"not_picked":["Pommel Strike","Thunderclap"],"picked":"Flex","floor":1},{"not_picked":["Thunderclap","Clothesline","Shrug It Off","Second Wind"],"picked":"Metallicize","floor":2},{"not_picked":["Body Slam","Seeing Red","Metallicize","True Grit"],"picked":"MostiFishMod:Mania","floor":3},{"not_picked":["Perfected Strike","True Grit","Flex","Thunderclap"],"picked":"Anger","floor":4},{"not_picked":["Ghostly Armor","True Grit","Battle Trance","Carnage"],"picked":"Combust","floor":5},{"not_picked":["Sword Boomerang","Flex","Headbutt","Combust"],"picked":"Berserk","floor":7},{"not_picked":["Blood for Blood","Power Through","Anger","Clash"],"picked":"Clothesline","floor":10},{"not_picked":["Pommel Strike","MostiFishMod:BrandingRite","Metallicize","Anger"],"picked":"Thunderclap","floor":12},{"not_picked":["Hemokinesis","Flex","Combust","REME_SingleHolding"],"picked":"Infernal Blade","floor":13},{"not_picked":["Berserk","Bludgeon","Offering","REME_TheLastStrike"],"picked":"Juggernaut","floor":16},{"not_picked":["Thunderclap","Blood for Blood+1","Pummel","Battle Trance"],"picked":"Pommel Strike+1","floor":18},{"not_picked":["MostiFishMod:BrandingRite","Hemokinesis","Combust","Pummel"],"picked":"Sword Boomerang","floor":19},{"not_picked":["Rampage","Perfected Strike","Clash+1","Ghostly Armor+1"],"picked":"Twin Strike+1","floor":21},{"not_picked":["Sword Boomerang","Cleave+1","Clash","Uppercut"],"picked":"MostiFishMod:#F4004+1","floor":24},{"not_picked":["Second Wind","Thunderclap","Clash","Combust"],"picked":"Shrug It Off+1","floor":25},{"not_picked":["True Grit","Shrug It Off+1","Armaments","MostiFishMod:BrandingRite+1"],"picked":"Entrench+1","floor":27},{"not_picked":["True Grit","Flex","Anger+1","Pommel Strike"],"picked":"Brutality","floor":31},{"not_picked":["MostiFishMod:HellRitual","MostiFishMod:UltimateDefense","MostiFishMod:CullingBlade","Berserk"],"picked":"MostiFishMod:PerfectStrikeMKII","floor":33},{"not_picked":["Entrench","Thunderclap","Cleave+1","Shrug It Off"],"picked":"Pommel Strike+1","floor":35},{"not_picked":["Rampage+1","Warcry+1","REME_SingleHolding","Flex+1"],"picked":"Body Slam","floor":38},{"not_picked":["Body Slam+1","REME_Cut+1","Rupture+1","Warcry+1"],"picked":"Infernal Blade+1","floor":41},{"not_picked":["Carnage","Infernal Blade","MostiFishMod:BrandingRite","Disarm+1"],"picked":"Twin Strike+1","floor":45},{"not_picked":["Body Slam+1","Clash+1","Perfected Strike+1","Iron Wave+1"],"picked":"Corruption","floor":46},{"not_picked":["Thunderclap+1","Twin Strike+1","Shrug It Off+1","Second Wind+1"],"picked":"Perfected Strike+1","floor":48},{"not_picked":["Sword Boomerang+1","Sever Soul","Clothesline+1","MostiFishMod:Chiaki","MostiFishMod:RacingGame"],"picked":"Rupture+1","floor":54}],"player_experience":22076,"relics_obtained":[{"floor":1,"key":"SynthV:TestCard"},{"floor":7,"key":"REME_HandOfSuture"},{"floor":9,"key":"Pear"},{"floor":22,"key":"REME_LimitBreaker"},{"floor":24,"key":"ArrowTower"},{"floor":27,"key":"Red Mask"},{"floor":41,"key":"REME_ArchaeologicalTools"},{"floor":43,"key":"Boot"},{"floor":45,"key":"Happy Flower"},{"floor":54,"key":"Charon\u0027s Ashes"}],"event_choices":[{"damage_healed":0,"gold_gain":75,"player_choice":"Gather Gold","damage_taken":11,"max_hp_gain":0,"max_hp_loss":0,"event_name":"World of Goop","floor":8,"gold_loss":0},{"damage_healed":0,"gold_gain":0,"player_choice":"Ignored","damage_taken":0,"max_hp_gain":0,"max_hp_loss":0,"event_name":"Shining Light","floor":14,"gold_loss":0},{"damage_healed":0,"gold_gain":0,"player_choice":"Got Potions","damage_taken":0,"max_hp_gain":0,"max_hp_loss":0,"event_name":"Lab","floor":20,"gold_loss":0},{"damage_healed":0,"gold_gain":0,"player_choice":"Fought Bandits","damage_taken":0,"max_hp_gain":0,"max_hp_loss":0,"event_name":"Masked Bandits","floor":27,"gold_loss":0},{"damage_healed":0,"gold_gain":0,"player_choice":"Ignored","damage_taken":0,"max_hp_gain":0,"max_hp_loss":0,"event_name":"The Mausoleum","floor":28,"gold_loss":0},{"damage_healed":0,"gold_gain":0,"player_choice":"Bought 0 Potions","damage_taken":0,"max_hp_gain":0,"max_hp_loss":0,"event_name":"The Woman in Blue","floor":29,"gold_loss":0},{"damage_healed":0,"gold_gain":0,"player_choice":"Copied","damage_taken":0,"max_hp_gain":0,"max_hp_loss":0,"event_name":"Duplicator","floor":37,"gold_loss":0,"cards_obtained":["Chrysalis"]},{"damage_healed":0,"gold_gain":0,"player_choice":"Upgraded Two","damage_taken":0,"max_hp_gain":0,"max_hp_loss":0,"event_name":"Designer","floor":44,"gold_loss":40,"cards_upgraded":["Corpse Explosion","Strike_R"]}],"is_beta":false,"boss_relics":[{"not_picked":["Velvet Choker","NightmareShop"],"picked":"PatriotShield"},{"not_picked":["MoonlightInvasionPlan","OneHitWonderSystem"],"picked":"REME_ChargedStone"}],"items_purged_floors":[],"is_endless":false,"potions_floor_spawned":[3,5,7,13,19,21,33,41,46],"ascension_level":0}}