{"host":"msa0wxqjs3jv1k3j","time":1609246637,"event":{"mods":["BaseMod","BetterRewards","Colored Map","Highlight Path","KOR Keyword Fix","Keyboard Shortcuts","Minty Spire (QoL Compilation)","Quick Restart","SuperFastMode","everything is the same but u backflip on backflip"],"gold_per_floor":[109,109,109,119,136,163,163,191,217,142,142,142,157,107,107,107,107],"floor_reached":16,"playtime":610,"items_purged":["Strike_R"],"score":108,"play_id":"07d7337e-a45c-4c48-8abf-599811d17d7a","local_time":"20201229215717","is_ascension_mode":false,"campfire_choices":[{"data":"Ghostly Armor","floor":7,"key":"SMITH"},{"floor":11,"key":"REST"},{"data":"Bash","floor":15,"key":"SMITH"}],"circlet_count":0,"master_deck":["Strike_R","Strike_R","Strike_R","Strike_R","Defend_R","Defend_R","Defend_R","Bash+1","Ghostly Armor+1","True Grit","Bash","Shrug It Off","Battle Trance","Dual Wield","Rupture","Thunderclap"],"relics":["Burning Blood","NeowsBlessing","Ancient Tea Set","Orichalcum","Potion Belt"],"acts_visited":["Exordium"],"potions_floor_usage":[8,8,8],"damage_taken":[{"damage":0,"enemies":"Jaw Worm","floor":1,"turns":1},{"damage":0,"enemies":"2 Louse","floor":4,"turns":1},{"damage":0,"enemies":"Cultist","floor":5,"turns":1},{"damage":34,"enemies":"3 Sentries","floor":6,"turns":15},{"damage":28,"enemies":"Gremlin Nob","floor":8,"turns":5},{"damage":6,"enemies":"Looter","floor":13,"turns":5},{"damage":71,"enemies":"The Guardian","floor":16,"turns":8}],"seed_played":"6998692023684161031","potions_obtained":[{"floor":1,"key":"DuplicationPotion"},{"floor":4,"key":"AttackPotion"},{"floor":6,"key":"Strength Potion"},{"floor":8,"key":"Energy Potion"}],"is_trial":false,"path_per_floor":["M","?","?","M","M","E","R","E","T","$","R","$","M","?","R","B"],"character_chosen":"IRONCLAD","items_purchased":[],"campfire_rested":1,"item_purchase_floors":[],"current_hp_per_floor":[80,85,85,85,85,57,57,35,35,35,60,60,60,60,60,0,0],"gold":107,"neow_bonus":"THREE_ENEMY_KILL","is_daily":false,"chose_seed":false,"campfire_upgraded":2,"win_rate":0.0,"timestamp":1609246637,"path_taken":["M","?","?","M","?","E","R","E","T","$","R","$","M","?","R","BOSS"],"items_purchased_type":[],"build_version":"2020-12-22","purchased_purges":1,"victory":false,"max_hp_per_floor":[80,85,85,85,85,85,85,85,85,85,85,85,85,85,85,85,85],"card_choices":[{"not_picked":["Pommel Strike","Blood for Blood"],"picked":"Ghostly Armor","floor":1},{"not_picked":["Heavy Blade","Pummel"],"picked":"Shrug It Off","floor":4},{"not_picked":["Fire Breathing","Anger"],"picked":"Battle Trance","floor":5},{"not_picked":["Shrug It Off","Inflame"],"picked":"Dual Wield","floor":6},{"not_picked":["True Grit","Uppercut"],"picked":"Rupture","floor":8},{"not_picked":["Iron Wave","Searing Blow"],"picked":"Thunderclap","floor":13}],"player_experience":11645,"relics_obtained":[{"floor":6,"key":"Ancient Tea Set"},{"floor":8,"key":"Orichalcum"},{"floor":9,"key":"Potion Belt"}],"event_choices":[{"damage_healed":0,"gold_gain":0,"player_choice":"Donut","damage_taken":0,"max_hp_gain":5,"max_hp_loss":0,"event_name":"Big Fish","floor":2,"gold_loss":0},{"damage_healed":0,"gold_gain":0,"player_choice":"2 cards matched","damage_taken":0,"max_hp_gain":0,"max_hp_loss":0,"event_name":"Match and Keep!","floor":3,"gold_loss":0,"cards_obtained":["True Grit","Bash"]},{"cards_removed":["Defend_R"],"damage_healed":0,"gold_gain":0,"player_choice":"Card Removal","damage_taken":0,"max_hp_gain":0,"max_hp_loss":0,"event_name":"The Cleric","floor":14,"gold_loss":50}],"is_beta":false,"boss_relics":[],"items_purged_floors":[10],"is_endless":false,"potions_floor_spawned":[1,4,6,8],"killed_by":"The Guardian","ascension_level":0}}