{"host":"no7tmdlkog7hsozz","time":1609268960,"event":{"mods":["Arknights The Spire","BaseMod","Better Sensory Stone","Challenge The Spire","Colored Map","Conspire","Downfall","Duelist Mod","GungeonMod","Halation","Hermit","Hubris","Hunter ??","Infinite Spire","Minty Spire (QoL Compilation)","Replay The Spire","Robot Space Explorer","Shade Mod","Shop Mod","StSLib","The Forsaken","The Servant 0.9.4","thorton","vexMod"],"gold_per_floor":[117,132,132,132,132,165,199,199,199,214,226,294,179,179,179,277,277,302,314,414,414,414,414,431,431,431,431,446,459,478,496,511,511,516,516],"floor_reached":34,"playtime":2263,"items_purged":[],"score":304,"play_id":"518fee5f-55ee-4952-a454-9e96601932da","local_time":"20201229140919","is_ascension_mode":false,"campfire_choices":[{"data":"DemoMod:ShadowBullets","floor":8,"key":"SMITH"},{"data":"DemoMod:AWP","floor":15,"key":"SMITH"},{"floor":23,"key":"REST"},{"data":"DemoMod:PotionOfGunFriendShip","floor":25,"key":"SMITH"},{"data":"DemoMod:TableSutra","floor":27,"key":"SMITH"},{"floor":33,"key":"REST"}],"circlet_count":0,"master_deck":["DemoMod:Strike_Huntress","DemoMod:Strike_Huntress","DemoMod:Strike_Huntress","DemoMod:Defend_Huntress","DemoMod:Defend_Huntress","DemoMod:Defend_Huntress","DemoMod:Defend_Huntress","DemoMod:Roll+1","DemoMod:ManualReload+1","DemoMod:RustySidearm","DemoMod:CrossBow","DemoMod:TableSutra+1","DemoMod:ProbeStrike","hubris:Ssssneak+1","DemoMod:Unmoved","DemoMod:ShadowBullets+1","DemoMod:Camera","DemoMod:AWP+1","DemoMod:DirectionalPad","DemoMod:BulletBore","DemoMod:DirectionalPad","DemoMod:PotionOfGunFriendShip+1","DemoMod:AC15","Pain","DemoMod:GunShield","DemoMod:HuntsMan+1","DemoMod:FastSwitch+1","DemoMod:FortunesFavor+1","DemoMod:BoxingGlove+1","DemoMod:TripleGun+1","DemoMod:GunstockTap"],"relics":["DemoMod:Dog","halation:EternalFortune","ats:Originium","vexMod:BarristanHead","Gremlin Food","vexMod:ScavengeHelm","Mercury Hourglass","vexMod:MysteryBossChallenge","conspire:SlowCooker","Lantern","War Paint"],"acts_visited":["Exordium","TheCity","DemoMod:Maze"],"potions_floor_usage":[16,16,34,34],"damage_taken":[{"damage":10,"enemies":"Jaw Worm","floor":1,"turns":6},{"damage":10,"enemies":"conspire:RoseBush","floor":2,"turns":3},{"damage":0,"enemies":"Replay:BlueRogue","floor":6,"turns":7},{"damage":0,"enemies":"conspire:MimicChest","floor":7,"turns":5},{"damage":0,"enemies":"2 Louse","floor":10,"turns":4},{"damage":8,"enemies":"Large Slime","floor":11,"turns":5},{"damage":38,"enemies":"The Guardian","floor":16,"turns":9},{"damage":7,"enemies":"Chosen","floor":18,"turns":4},{"damage":10,"enemies":"Spheric Guardian","floor":19,"turns":4},{"damage":29,"enemies":"Shelled Parasite and Fungi","floor":24,"turns":5},{"damage":4,"enemies":"DemoMod:Veteran_shot_gun_kin_and_bullet_kin","floor":28,"turns":2},{"damage":6,"enemies":"DemoMod:2_Veteran_bullet_kins_and_red_shotgun_kin","floor":29,"turns":2},{"damage":23,"enemies":"DemoMod:Veteran_shot_gun_kin_and_blue_shotgun_kin","floor":30,"turns":3},{"damage":34,"enemies":"DemoMod:Veteran_shot_gun_kin_and_blue_shotgun_kin_with_gunsinger","floor":31,"turns":3},{"damage":3,"enemies":"DemoMod:2_Mousers","floor":32,"turns":3},{"damage":58,"enemies":"DemoMod:ResourcefulRat","floor":34,"turns":6}],"seed_played":"1255360536453843808","potions_obtained":[{"floor":10,"key":"SkillPotion"},{"floor":11,"key":"DistilledChaos"},{"floor":19,"key":"Strength Potion"},{"floor":29,"key":"LiquidBronze"},{"floor":30,"key":"sneckomod:MuddlingPotion"},{"floor":31,"key":"Milkshake"}],"is_trial":false,"path_per_floor":["M","M","?","?","?","E","?","R","T","M","M","T","$","?","R","B",null,"M","M","?","$","?","R","M","R","T","R","M","M","M","M","M","R","B"],"character_chosen":"HUNTRESS","items_purchased":["DemoMod:GnawedKey","Lantern"],"campfire_rested":2,"item_purchase_floors":[13,21],"current_hp_per_floor":[67,57,57,60,65,65,65,65,65,65,57,57,57,57,57,19,85,78,68,68,58,58,83,57,57,88,88,84,78,55,24,21,48,0,0],"gold":516,"neow_bonus":"TEN_PERCENT_HP_BONUS","is_daily":false,"chose_seed":false,"campfire_upgraded":4,"win_rate":0.0,"timestamp":1609268959,"path_taken":["M","M","?","?","?","E","?","R","T","?","M","?","?","?","R","BOSS","M","M","?","?","?","R","?","R","T","R","M","M","M","M","M","R","BOSS"],"items_purchased_type":["Relic","Relic"],"build_version":"2020-12-22","purchased_purges":0,"victory":false,"max_hp_per_floor":[77,77,77,80,85,85,85,85,85,85,85,85,85,85,85,85,85,85,85,85,85,85,85,88,88,88,88,88,88,88,91,91,91,91,91],"card_choices":[{"not_picked":["DemoMod:CursedBullets","DemoMod:BattleInHaste"],"picked":"DemoMod:TableSutra","floor":1},{"not_picked":["DemoMod:Ejector","DemoMod:GunstockTap"],"picked":"DemoMod:ProbeStrike","floor":2},{"not_picked":["Panacea","ReplayTheSpireMod:Uncanny Aura"],"picked":"hubris:Ssssneak","floor":3},{"not_picked":["DemoMod:DoubleVision","DemoMod:EasyReloadBullets"],"picked":"DemoMod:Unmoved","floor":6},{"not_picked":["DemoMod:ChanceBullets","DemoMod:GunstockTap"],"picked":"DemoMod:ShadowBullets","floor":7},{"not_picked":["DemoMod:AC15","DemoMod:MachoBrace"],"picked":"DemoMod:Camera","floor":10},{"not_picked":["DemoMod:SAA","DemoMod:PracticeMakesPerfect"],"picked":"DemoMod:AWP","floor":11},{"not_picked":["DemoMod:FastSwitch","DemoMod:PotionOfGunFriendShip"],"picked":"DemoMod:DirectionalPad","floor":11},{"not_picked":["DemoMod:ChanceBullets","DemoMod:DoubleSwitch"],"picked":"DemoMod:PotionOfGunFriendShip","floor":18},{"not_picked":["DemoMod:ChanceBullets","DemoMod:DirectionalPad"],"picked":"DemoMod:AC15","floor":19},{"not_picked":["DemoMod:LifeOrb","DemoMod:TableSutra"],"picked":"DemoMod:GunShield","floor":24},{"not_picked":["DemoMod:GunShield","DemoMod:FastSwitch+1"],"picked":"DemoMod:HuntsMan+1","floor":28},{"not_picked":["DemoMod:DirectionalPad+1","DemoMod:FeignSurrender+1"],"picked":"DemoMod:FastSwitch+1","floor":29},{"not_picked":["DemoMod:GunShield","DemoMod:FeignSurrender"],"picked":"DemoMod:FortunesFavor+1","floor":29},{"not_picked":["DemoMod:BulletBore","DemoMod:PotionOfGunFriendShip"],"picked":"DemoMod:BoxingGlove+1","floor":30},{"not_picked":["DemoMod:Unmoved+1","DemoMod:ConditionalReflex+1"],"picked":"DemoMod:TripleGun","floor":31},{"not_picked":["DemoMod:DirectionalPad+1","DemoMod:RadGun"],"picked":"DemoMod:GunstockTap","floor":32}],"player_experience":570807,"relics_obtained":[{"floor":6,"key":"ats:Originium"},{"floor":6,"key":"vexMod:BarristanHead"},{"floor":7,"key":"Gremlin Food"},{"floor":9,"key":"vexMod:ScavengeHelm"},{"floor":12,"key":"Mercury Hourglass"},{"floor":24,"key":"halation:EternalFortune"},{"floor":31,"key":"halation:EternalFortune"}],"event_choices":[{"damage_healed":0,"gold_gain":1,"player_choice":"1","damage_taken":0,"max_hp_gain":0,"max_hp_loss":0,"event_name":"betterStone:BetterStone","floor":3,"gold_loss":0},{"damage_healed":0,"gold_gain":0,"player_choice":"Donut","damage_taken":0,"max_hp_gain":5,"max_hp_loss":0,"event_name":"Big Fish","floor":5,"gold_loss":0},{"damage_healed":0,"gold_gain":0,"player_choice":"2 cards matched","damage_taken":0,"max_hp_gain":0,"max_hp_loss":0,"event_name":"Match and Keep!","floor":14,"gold_loss":0,"cards_obtained":["DemoMod:BulletBore","DemoMod:DirectionalPad"]},{"damage_healed":0,"gold_gain":100,"player_choice":"Pray","damage_taken":0,"max_hp_gain":0,"max_hp_loss":0,"event_name":"Golden Shrine","floor":20,"gold_loss":0}],"is_beta":false,"boss_relics":[{"not_picked":["Tiny House","conspire:SpecialSausage"],"picked":"vexMod:MysteryBossChallenge"}],"items_purged_floors":[],"is_endless":false,"potions_floor_spawned":[10,11,19,29,30,31],"killed_by":"DemoMod:ResourcefulRat","ascension_level":0}}