{"host":"ypphcgdomtfqpc2w","time":1609247882,"event":{"mods":["BaseMod","Minty Spire (QoL Compilation)","StSLib"],"gold_per_floor":[116,136,411,421,421,421,25,25,50,66,66,66,98,109,109,180,180,195,195,210,210,260,260,107,134,159,159,172,172,187,215,215,293,293,309,324,337,110,120,146,161,188,188,188,222,579,591,603,615,627,639,639],"floor_reached":51,"playtime":3007,"items_purged":["Regret","Strike_R"],"score":1571,"play_id":"7379d703-d4cc-44e9-8102-2b2eba24ffa8","local_time":"20201229221802","is_ascension_mode":true,"campfire_choices":[{"data":"Searing Blow","floor":6.0,"key":"SMITH"},{"data":"Fire Breathing","floor":11.0,"key":"SMITH"},{"data":"Searing Blow+1","floor":15.0,"key":"SMITH"},{"floor":23.0,"key":"REST"},{"data":"Battle Trance","floor":29.0,"key":"SMITH"},{"data":"Armaments","floor":32.0,"key":"SMITH"},{"floor":44.0,"key":"REST"},{"floor":47.0,"key":"RECALL"},{"floor":49.0,"key":"REST"}],"circlet_count":0,"master_deck":["AscendersBane","Strike_R","Strike_R","Strike_R","Defend_R","Defend_R","Defend_R","Defend_R","Power Through","Fire Breathing+1","Searing Blow+2","Shrug It Off","Shrug It Off+1","Brutality","Ghostly Armor+1","Shockwave","Demon Form","Battle Trance+1","Metallicize","Armaments+1","Fiend Fire","Second Wind","Blood for Blood","Warcry+1","Evolve","Fire Breathing+1","Pommel Strike+1","Power Through+1","Fire Breathing+1"],"relics":["Burning Blood","Ancient Tea Set","ClockworkSouvenir","Art of War","Bronze Scales","Red Skull","PreservedInsect","Black Star","Gambling Chip","Gremlin Horn","Lantern","Happy Flower","Juzu Bracelet","Runic Dome","Sling","Anchor","Toy Ornithopter","Akabeko","War Paint","Mercury Hourglass","MawBank","StrikeDummy","Old Coin"],"acts_visited":["Exordium","TheCity","TheBeyond"],"potions_floor_usage":[],"damage_taken":[{"damage":7.0,"enemies":"Cultist","floor":1.0,"turns":4.0},{"damage":3.0,"enemies":"Small Slimes","floor":2.0,"turns":4.0},{"damage":4.0,"enemies":"Jaw Worm","floor":4.0,"turns":4.0},{"damage":11.0,"enemies":"Looter","floor":10.0,"turns":3.0},{"damage":10.0,"enemies":"3 Sentries","floor":13.0,"turns":4.0},{"damage":1.0,"enemies":"Lots of Slimes","floor":14.0,"turns":3.0},{"damage":12.0,"enemies":"Slime Boss","floor":16.0,"turns":8.0},{"damage":22.0,"enemies":"Chosen","floor":18.0,"turns":6.0},{"damage":27.0,"enemies":"2 Thieves","floor":20.0,"turns":4.0},{"damage":12.0,"enemies":"Slavers","floor":25.0,"turns":4.0},{"damage":3.0,"enemies":"Centurion and Healer","floor":28.0,"turns":8.0},{"damage":10.0,"enemies":"Snake Plant","floor":30.0,"turns":3.0},{"damage":8.0,"enemies":"Book of Stabbing","floor":31.0,"turns":5.0},{"damage":45.0,"enemies":"Collector","floor":33.0,"turns":10.0},{"damage":10.0,"enemies":"Orb Walker","floor":35.0,"turns":3.0},{"damage":0.0,"enemies":"3 Shapes","floor":36.0,"turns":7.0},{"damage":13.0,"enemies":"Transient","floor":37.0,"turns":6.0},{"damage":25.0,"enemies":"Spire Growth","floor":39.0,"turns":8.0},{"damage":5.0,"enemies":"Giant Head","floor":40.0,"turns":7.0},{"damage":10.0,"enemies":"Maw","floor":41.0,"turns":5.0},{"damage":19.0,"enemies":"Nemesis","floor":42.0,"turns":5.0},{"damage":15.0,"enemies":"Giant Head","floor":45.0,"turns":6.0},{"damage":23.0,"enemies":"2 Orb Walkers","floor":46.0,"turns":3.0},{"damage":65.0,"enemies":"Time Eater","floor":50.0,"turns":9.0},{"damage":20,"enemies":"Donu and Deca","floor":51,"turns":3}],"seed_played":"5422576946118161787","potions_obtained":[{"floor":1.0,"key":"Fruit Juice"},{"floor":4.0,"key":"Energy Potion"},{"floor":14.0,"key":"ElixirPotion"},{"floor":28.0,"key":"FearPotion"},{"floor":30.0,"key":"SkillPotion"},{"floor":40.0,"key":"AttackPotion"},{"floor":45.0,"key":"Fire Potion"}],"is_trial":false,"path_per_floor":["M","M","?","M","?","R","$","T","T","M","R","?","E","M","R","B",null,"M","$","M","?","?","R","$","E","T","?","M","R","M","E","R","B",null,"M","M","M","$","M","E","M","E","T","R","E","?","R","?","R","B","B"],"character_chosen":"IRONCLAD","items_purchased":["ClockworkSouvenir","Art of War","Block Potion","Sling","PowerPotion"],"campfire_rested":3,"item_purchase_floors":[7,7,24,38,38],"current_hp_per_floor":[74,77,77,79,68,68,68,68,68,63,63,63,59,64,64,58,76,60,60,39,39,39,70,70,64,64,64,67,67,63,61,61,22,71,67,73,66,66,47,48,44,36,36,62,58,41,41,41,67,13,0,0],"gold":639,"neow_bonus":"TEN_PERCENT_HP_BONUS","is_daily":false,"chose_seed":false,"campfire_upgraded":5,"win_rate":0.0,"timestamp":1609247882,"path_taken":["M","M","?","?","?","R","$","?","T","M","R","?","E","?","R","BOSS","M","$","M","?","?","R","$","E","T","?","?","R","M","E","R","BOSS","M","M","M","$","M","E","M","E","T","R","E","?","R","?","R","BOSS","BOSS"],"items_purchased_type":["Relic","Relic","Potion","Relic","Potion"],"build_version":"2020-12-22","purchased_purges":2,"victory":false,"max_hp_per_floor":[82,82,82,82,82,82,82,82,82,82,82,82,82,82,82,82,82,82,82,82,82,82,87,87,87,87,87,87,87,87,87,87,87,87,87,87,87,87,87,87,87,87,87,87,87,87,87,87,87,87,87,87],"card_choices":[{"not_picked":["Havoc","Perfected Strike"],"picked":"Power Through","floor":1.0},{"not_picked":["Heavy Blade","Feel No Pain"],"picked":"Fire Breathing","floor":2.0},{"not_picked":["Clothesline","Clash"],"picked":"Searing Blow","floor":4.0},{"not_picked":["Sentinel","Havoc","Iron Wave"],"picked":"SKIP","floor":10.0},{"not_picked":["Thunderclap","Reckless Charge"],"picked":"Shrug It Off","floor":13.0},{"not_picked":["Headbutt","Clothesline"],"picked":"Shrug It Off","floor":14.0},{"not_picked":["Double Tap","Limit Break"],"picked":"Brutality","floor":16.0},{"not_picked":["Perfected Strike","Pummel","Sword Boomerang"],"picked":"SKIP","floor":18.0},{"not_picked":["Ghostly Armor","Carnage","Cleave"],"picked":"SKIP","floor":20.0},{"not_picked":["Carnage","Cleave"],"picked":"Ghostly Armor","floor":20.0},{"not_picked":["Combust","Clothesline"],"picked":"Battle Trance","floor":25.0},{"not_picked":["Flex","Clash","Limit Break"],"picked":"SKIP","floor":28.0},{"not_picked":["Flame Barrier","Body Slam"],"picked":"Metallicize","floor":30.0},{"not_picked":["Sentinel","Sword Boomerang"],"picked":"Armaments","floor":31.0},{"not_picked":["Limit Break","Corruption"],"picked":"Fiend Fire","floor":33.0},{"not_picked":["Wild Strike","Fire Breathing"],"picked":"Second Wind","floor":35.0},{"not_picked":["Iron Wave","Blood for Blood","Perfected Strike"],"picked":"SKIP","floor":36.0},{"not_picked":["Iron Wave","Perfected Strike"],"picked":"Blood for Blood","floor":36.0},{"not_picked":["Thunderclap","Perfected Strike"],"picked":"Warcry+1","floor":37.0},{"not_picked":["Inflame","Iron Wave","Cleave"],"picked":"SKIP","floor":39.0},{"not_picked":["Inflame","Dual Wield","Immolate"],"picked":"SKIP","floor":40.0},{"not_picked":["Burning Pact+1","Anger"],"picked":"Evolve","floor":41.0},{"not_picked":["Clash+1","Armaments"],"picked":"Fire Breathing+1","floor":42.0},{"not_picked":["Shrug It Off","Spot Weakness"],"picked":"Pommel Strike+1","floor":45.0},{"not_picked":["Dropkick","Perfected Strike"],"picked":"Power Through+1","floor":46.0}],"player_experience":1961029,"relics_obtained":[{"floor":9.0,"key":"Bronze Scales"},{"floor":13.0,"key":"PreservedInsect"},{"floor":25.0,"key":"Gambling Chip"},{"floor":25.0,"key":"Gremlin Horn"},{"floor":26.0,"key":"Lantern"},{"floor":31.0,"key":"Happy Flower"},{"floor":31.0,"key":"Juzu Bracelet"},{"floor":40.0,"key":"Anchor"},{"floor":40.0,"key":"Toy Ornithopter"},{"floor":42.0,"key":"Akabeko"},{"floor":42.0,"key":"War Paint"},{"floor":43.0,"key":"Mercury Hourglass"},{"floor":45.0,"key":"MawBank"},{"floor":45.0,"key":"StrikeDummy"},{"floor":46.0,"key":"Old Coin"}],"event_choices":[{"damage_healed":0.0,"max_hp_gain":0.0,"max_hp_loss":0.0,"gold_gain":275.0,"event_name":"Golden Shrine","player_choice":"Desecrate","floor":3.0,"gold_loss":0.0,"damage_taken":0.0,"cards_obtained":["Regret"]},{"damage_healed":0.0,"max_hp_gain":0.0,"max_hp_loss":0.0,"gold_gain":0.0,"event_name":"Scrap Ooze","player_choice":"Success","floor":5.0,"gold_loss":0.0,"damage_taken":11.0,"relics_obtained":["Ancient Tea Set"]},{"damage_healed":0.0,"max_hp_gain":0.0,"max_hp_loss":0.0,"gold_gain":0.0,"event_name":"WeMeetAgain","player_choice":"Gave Potion","floor":12.0,"gold_loss":0.0,"damage_taken":0.0,"relics_obtained":["Red Skull"]},{"damage_healed":0.0,"max_hp_gain":0.0,"max_hp_loss":0.0,"gold_gain":0.0,"cards_transformed":["Strike_R","Bash"],"event_name":"Drug Dealer","player_choice":"Became Test Subject","floor":21.0,"gold_loss":0.0,"damage_taken":0.0,"cards_obtained":["Shockwave","Demon Form"]},{"damage_healed":0.0,"max_hp_gain":0.0,"max_hp_loss":0.0,"gold_gain":50.0,"event_name":"Nest","player_choice":"Stole From Cult","floor":22.0,"gold_loss":0.0,"damage_taken":0.0},{"damage_healed":0.0,"max_hp_gain":0.0,"max_hp_loss":0.0,"gold_gain":0.0,"event_name":"N\u0027loth","player_choice":"Ignored","floor":27.0,"gold_loss":0.0,"damage_taken":0.0},{"damage_healed":0.0,"max_hp_gain":0.0,"max_hp_loss":0.0,"gold_gain":0.0,"event_name":"Mysterious Sphere","player_choice":"Fight","floor":46.0,"gold_loss":0.0,"damage_taken":0.0},{"damage_healed":0.0,"max_hp_gain":0.0,"max_hp_loss":0.0,"gold_gain":0.0,"event_name":"Duplicator","player_choice":"Copied","floor":48.0,"gold_loss":0.0,"damage_taken":0.0,"cards_obtained":["Fire Breathing"]}],"is_beta":false,"boss_relics":[{"not_picked":["Black Blood","Runic Pyramid"],"picked":"Black Star"},{"not_picked":["Tiny House","SacredBark"],"picked":"Runic Dome"}],"items_purged_floors":[7,24],"is_endless":false,"potions_floor_spawned":[1,4,14,28,30,31,35,40,45],"killed_by":"Donu and Deca","ascension_level":20}}