{"host":"f5uumzf5hfexzk8l","time":1609218643,"event":{"mods":["BaseMod","Colored Map","Googly Eyes","Highlight Path","Minty Spire (QoL Compilation)","Permanent Neow","StSLib","SuperFastMode","Unceasing Turn Reminder"],"gold_per_floor":[113,133,149,162,182,182,211,227,254,254,270,283,309,319,319,396,396,406,253,253,273,173,173,205,217,229,241,285,317,339,365,377,461,473,499,138,138,149,149,0,20,20,20],"floor_reached":42,"playtime":1957,"items_purged":["Strike_G","Defend_G","Defend_G+1","Strike_G+1"],"score":958,"play_id":"9fb4cd7b-cc0b-4e30-82db-82611c9e041d","local_time":"20201228211043","is_ascension_mode":true,"campfire_choices":[{"data":"Neutralize","floor":6,"key":"SMITH"},{"floor":10,"key":"REST"},{"floor":15,"key":"REST"},{"data":"Wraith Form v2","floor":23,"key":"SMITH"},{"floor":25,"key":"REST"},{"floor":32,"key":"REST"}],"circlet_count":0,"master_deck":["AscendersBane","Strike_G+1","Strike_G+1","Defend_G+1","Defend_G+1","Survivor","Neutralize+1","Dash","Wraith Form v2+1","Deadly Poison","Adrenaline","Dagger Spray","Night Terror","Concentrate","Calculated Gamble","Crippling Poison","Noxious Fumes","Madness","Madness"],"relics":["Philosopher\u0027s Stone","Boot","Nunchaku","Sundial","Runic Pyramid","White Beast Statue","MawBank","Calipers","Bag of Marbles","SacredBark","TwistedFunnel"],"acts_visited":["Exordium","TheCity","TheBeyond"],"potions_floor_usage":[7,8,16,28,29,33],"damage_taken":[{"damage":0,"enemies":"Cultist","floor":1,"turns":5},{"damage":5,"enemies":"2 Louse","floor":2,"turns":3},{"damage":15,"enemies":"Jaw Worm","floor":3,"turns":7},{"damage":22,"enemies":"Red Slaver","floor":4,"turns":5},{"damage":0,"enemies":"Looter","floor":5,"turns":4},{"damage":11,"enemies":"Lagavulin","floor":7,"turns":13},{"damage":0,"enemies":"Large Slime","floor":8,"turns":6},{"damage":27,"enemies":"Gremlin Gang","floor":11,"turns":7},{"damage":2,"enemies":"Blue Slaver","floor":12,"turns":4},{"damage":30,"enemies":"3 Sentries","floor":13,"turns":11},{"damage":1,"enemies":"Exordium Thugs","floor":14,"turns":6},{"damage":32,"enemies":"Slime Boss","floor":16,"turns":15},{"damage":1,"enemies":"Chosen","floor":18,"turns":7},{"damage":8,"enemies":"Spheric Guardian","floor":21,"turns":9},{"damage":33,"enemies":"Gremlin Leader","floor":24,"turns":3},{"damage":3,"enemies":"Slavers","floor":28,"turns":9},{"damage":1,"enemies":"Cultist and Chosen","floor":29,"turns":8},{"damage":16,"enemies":"Centurion and Healer","floor":30,"turns":13},{"damage":17,"enemies":"Shelled Parasite and Fungi","floor":31,"turns":8},{"damage":9,"enemies":"Champ","floor":33,"turns":15},{"damage":2,"enemies":"Orb Walker","floor":35,"turns":5},{"damage":20,"enemies":"3 Darklings","floor":38,"turns":5},{"damage":0,"enemies":"4 Shapes","floor":41,"turns":1},{"damage":21,"enemies":"Transient","floor":42,"turns":1}],"seed_played":"-7511242829323726131","potions_obtained":[{"floor":2,"key":"Block Potion"},{"floor":4,"key":"Ancient Potion"},{"floor":13,"key":"Dexterity Potion"},{"floor":21,"key":"Dexterity Potion"},{"floor":24,"key":"SneckoOil"},{"floor":28,"key":"AttackPotion"},{"floor":29,"key":"SpeedPotion"},{"floor":30,"key":"PowerPotion"},{"floor":33,"key":"Swift Potion"},{"floor":38,"key":"Poison Potion"},{"floor":41,"key":"BlessingOfTheForge"}],"is_trial":false,"path_per_floor":["M","M","M","M","M","R","E","M","T","R","M","M","E","M","R","B",null,"M","$","T","M","$","R","E","R","T","?","E","M","M","M","R","B",null,"M","$","?","M","?","$","M","M"],"character_chosen":"THE_SILENT","items_purchased":["Calculated Gamble","Noxious Fumes","TwistedFunnel"],"campfire_rested":4,"item_purchase_floors":[19,36,36],"current_hp_per_floor":[59,54,39,17,17,17,6,6,6,25,28,26,10,9,28,4,51,50,50,50,42,42,42,9,28,28,28,25,24,8,7,26,17,54,52,52,40,20,20,20,20,0,0],"gold":20,"neow_bonus":"BOSS_RELIC","is_daily":false,"chose_seed":false,"campfire_upgraded":2,"win_rate":0.0,"timestamp":1609218643,"path_taken":["M","M","M","M","M","R","E","M","T","R","M","M","E","M","R","BOSS","M","$","?","M","$","R","E","R","T","?","E","?","M","M","R","BOSS","M","$","?","M","?","$","M","M"],"items_purchased_type":["Card","Card","Relic"],"build_version":"2020-12-22","purchased_purges":4,"victory":false,"max_hp_per_floor":[66,66,66,66,66,66,66,66,66,66,66,66,66,66,66,66,66,66,66,66,66,66,66,66,66,66,66,66,66,66,66,66,66,66,66,66,66,66,66,66,66,66,66],"card_choices":[{"not_picked":["Underhanded Strike","Tactician","Acrobatics"],"picked":"SKIP","floor":1},{"not_picked":["Heel Hook","Backflip","Bane"],"picked":"SKIP","floor":2},{"not_picked":["Deadly Poison","Sucker Punch"],"picked":"Dash","floor":3},{"not_picked":["Poisoned Stab","Flying Knee","Cloak And Dagger"],"picked":"SKIP","floor":4},{"not_picked":["Deflect","Expertise","Caltrops"],"picked":"SKIP","floor":5},{"not_picked":["Cloak And Dagger","Deflect"],"picked":"Wraith Form v2","floor":7},{"not_picked":["Sucker Punch","Acrobatics","Accuracy"],"picked":"SKIP","floor":8},{"not_picked":["Expertise","Acrobatics"],"picked":"Deadly Poison","floor":11},{"not_picked":["Caltrops","Tactician","Deadly Poison"],"picked":"SKIP","floor":12},{"not_picked":["Accuracy","Dodge and Roll"],"picked":"Adrenaline","floor":13},{"not_picked":["Heel Hook","Prepared"],"picked":"Dagger Spray","floor":14},{"not_picked":["Grand Finale","Die Die Die"],"picked":"Night Terror","floor":16},{"not_picked":["Acrobatics","Flying Knee"],"picked":"Concentrate","floor":18},{"not_picked":["Flying Knee","Cloak And Dagger","Dagger Throw"],"picked":"SKIP","floor":21},{"not_picked":["Calculated Gamble+1","Catalyst","Setup"],"picked":"SKIP","floor":24},{"not_picked":["Eviscerate","Slice","Underhanded Strike"],"picked":"SKIP","floor":28},{"not_picked":["Terror","Footwork","Poisoned Stab"],"picked":"SKIP","floor":29},{"not_picked":["Dagger Throw","Underhanded Strike+1"],"picked":"Crippling Poison","floor":30},{"not_picked":["Glass Knife","Acrobatics","Dagger Throw"],"picked":"SKIP","floor":31},{"not_picked":["Backflip","Flying Knee","Outmaneuver"],"picked":"SKIP","floor":35},{"not_picked":["Expertise","Dash","Outmaneuver+1"],"picked":"SKIP","floor":38},{"not_picked":["Expertise","Dash","Outmaneuver+1"],"picked":"SKIP","floor":38},{"not_picked":["Dagger Spray","Poisoned Stab","Backflip"],"picked":"SKIP","floor":41}],"player_experience":328027,"relics_obtained":[{"floor":7,"key":"Boot"},{"floor":9,"key":"Nunchaku"},{"floor":13,"key":"Sundial"},{"floor":20,"key":"White Beast Statue"},{"floor":24,"key":"MawBank"},{"floor":26,"key":"Calipers"},{"floor":28,"key":"Bag of Marbles"}],"event_choices":[{"damage_healed":0,"gold_gain":0,"player_choice":"Simplicity","damage_taken":0,"max_hp_gain":0,"max_hp_loss":0,"event_name":"Back to Basics","floor":27,"gold_loss":0,"cards_upgraded":["Strike_G","Strike_G","Strike_G","Strike_G","Defend_G","Defend_G","Defend_G","Defend_G"]},{"damage_healed":0,"gold_gain":0,"player_choice":"Embrace Madness","damage_taken":12,"max_hp_gain":0,"max_hp_loss":0,"event_name":"Winding Halls","floor":37,"gold_loss":0,"cards_obtained":["Madness","Madness"]},{"damage_healed":0,"gold_gain":0,"player_choice":"Ignored","damage_taken":0,"max_hp_gain":0,"max_hp_loss":0,"event_name":"Tomb of Lord Red Mask","floor":39,"gold_loss":0}],"is_beta":false,"boss_relics":[{"not_picked":["Astrolabe","Coffee Dripper"],"picked":"Runic Pyramid"},{"not_picked":["Tiny House","Busted Crown"],"picked":"SacredBark"}],"items_purged_floors":[19,22,36,40],"is_endless":false,"potions_floor_spawned":[2,4,5,11,13,21,24,28,29,30,31,33,35,38,41],"killed_by":"Transient","ascension_level":20}}