{"host":"2xqcnyceei4ojw3j","time":1609278035,"event":{"mods":["2.2 Compatiblity","AchievementEnabler","AlwaysNeverKeys","BaseMod","Better Note","BetterRewards","Card Forge","Custom Start","Jedi Mod","Minty Spire (QoL Compilation)","Quick Restart","Rare Cards Sparkle","Spicy Shops","StSLib","The Alterego"],"gold_per_floor":[118,130,140,140,140,140,168,343,343,358,376,376,392,410,410,514,514,529,529,469,72,72,72],"floor_reached":22,"playtime":1258,"items_purged":[],"score":211,"play_id":"a9be9c1a-3e6c-4e0e-bc9d-ac1777ff3ee1","local_time":"20201229194035","is_ascension_mode":false,"campfire_choices":[{"data":"alterego_mod:Palingenesis+1","floor":6,"key":"SMITH"},{"floor":12,"key":"REST"},{"floor":15,"key":"REST"}],"circlet_count":0,"master_deck":["alterego_mod:Strike+1","alterego_mod:Strike+1","alterego_mod:Strike+1","alterego_mod:Strike+1","alterego_mod:Defend+1","alterego_mod:Defend+1","alterego_mod:Defend+1","alterego_mod:Defend+1","alterego_mod:BigMeatyClaws+1","alterego_mod:BrynhildrsRune+1","alterego_mod:Valentines+1","alterego_mod:Palingenesis+3","alterego_mod:Vow+1","alterego_mod:BreastValley+1","alterego_mod:Nekomimi+1","alterego_mod:Cushion+1","alterego_mod:Rake+1","alterego_mod:Nekomimi+1","alterego_mod:1TonWallop+1","alterego_mod:Rake+1"],"relics":["alterego_mod:MasochisticConstitution","Hammer of Thor","Seething Fire","Anvil of the Gods","NeowsBlessing","Nunchaku","Blue Candle","Letter Opener","SacredBark","jedi:heavyjacket","DollysMirror"],"acts_visited":["Exordium","TheCity"],"potions_floor_usage":[7,16,16],"damage_taken":[{"damage":0,"enemies":"Cultist","floor":1,"turns":1},{"damage":0,"enemies":"Jaw Worm","floor":2,"turns":1},{"damage":0,"enemies":"Small Slimes","floor":3,"turns":1},{"damage":28,"enemies":"Lagavulin","floor":7,"turns":9},{"damage":2,"enemies":"Looter","floor":10,"turns":3},{"damage":4,"enemies":"Large Slime","floor":11,"turns":6},{"damage":17,"enemies":"Red Slaver","floor":13,"turns":2},{"damage":14,"enemies":"3 Louse","floor":14,"turns":5},{"damage":36,"enemies":"The Guardian","floor":16,"turns":18},{"damage":24,"enemies":"Chosen","floor":18,"turns":6},{"damage":35,"enemies":"2 Thieves","floor":20,"turns":4},{"damage":21,"enemies":"3 Cultists","floor":22,"turns":3}],"seed_played":"-386766212623750641","potions_obtained":[{"floor":2,"key":"Energy Potion"},{"floor":10,"key":"LiquidMemories"},{"floor":11,"key":"LiquidBronze"}],"is_trial":false,"path_per_floor":["M","M","M","?","T","R","E","?","T","M","M","R","M","M","R","B",null,"M","?","M","$","M"],"character_chosen":"The_Alterego","items_purchased":["jedi:heavyjacket","DollysMirror"],"campfire_rested":2,"item_purchase_floors":[21,21],"current_hp_per_floor":[70,70,70,70,70,70,50,50,50,49,46,67,51,38,60,32,76,53,53,19,19,0,0],"gold":72,"neow_bonus":"THREE_ENEMY_KILL","is_daily":false,"chose_seed":false,"campfire_upgraded":1,"win_rate":0.0,"timestamp":1609278035,"path_taken":["M","M","M","?","?","R","E","?","T","?","M","R","M","M","R","BOSS","M","?","M","$","?"],"items_purchased_type":["Relic","Relic"],"build_version":"2020-12-22","purchased_purges":0,"victory":false,"max_hp_per_floor":[70,70,70,70,70,70,71,71,71,72,73,73,74,75,75,76,76,77,77,78,78,78,78],"card_choices":[{"not_picked":["alterego_mod:Complex","alterego_mod:Punishment"],"picked":"alterego_mod:Valentines","floor":1},{"not_picked":["alterego_mod:Undulate","alterego_mod:BeGentle","alterego_mod:Maid"],"picked":"SKIP","floor":2},{"not_picked":["alterego_mod:Rip","alterego_mod:HighServant","alterego_mod:Skirt"],"picked":"SKIP","floor":3},{"not_picked":["alterego_mod:BoobPocket","alterego_mod:Cycle"],"picked":"alterego_mod:Belle","floor":7},{"not_picked":["alterego_mod:DeftHands","alterego_mod:Complex"],"picked":"alterego_mod:Vow","floor":10},{"not_picked":["alterego_mod:BiFurious","alterego_mod:DiscoLights"],"picked":"alterego_mod:BreastValley","floor":11},{"not_picked":["alterego_mod:DiscoLights","alterego_mod:Jiggle"],"picked":"alterego_mod:Nekomimi","floor":13},{"not_picked":["alterego_mod:Bounce","alterego_mod:MagicResistance"],"picked":"alterego_mod:Cushion","floor":14},{"not_picked":["alterego_mod:Venus","alterego_mod:IdEs"],"picked":"alterego_mod:Rake","floor":16},{"not_picked":["alterego_mod:Swimsuit+1","alterego_mod:DiscoLights+1"],"picked":"alterego_mod:Nekomimi+1","floor":18},{"not_picked":["alterego_mod:RocketPunch+1","alterego_mod:IndependentAction"],"picked":"alterego_mod:1TonWallop","floor":20}],"player_experience":99430,"relics_obtained":[{"floor":5,"key":"Nunchaku"},{"floor":7,"key":"Blue Candle"},{"floor":9,"key":"Letter Opener"}],"event_choices":[{"damage_healed":0,"gold_gain":0,"cards_transformed":["alterego_mod:Impale"],"player_choice":"Change","damage_taken":0,"max_hp_gain":0,"max_hp_loss":0,"event_name":"Living Wall","floor":4,"gold_loss":0,"cards_obtained":["alterego_mod:Palingenesis"]},{"damage_healed":0,"gold_gain":175,"player_choice":"AGREE","damage_taken":0,"max_hp_gain":0,"max_hp_loss":0,"event_name":"Liars Game","floor":8,"gold_loss":0,"cards_obtained":["Doubt"]},{"damage_healed":0,"gold_gain":0,"player_choice":"Upgraded","damage_taken":0,"max_hp_gain":0,"max_hp_loss":0,"event_name":"Upgrade Shrine","floor":19,"gold_loss":0,"cards_upgraded":["alterego_mod:Palingenesis"]}],"is_beta":false,"boss_relics":[{"not_picked":["Tiny House","Velvet Choker"],"picked":"SacredBark"}],"items_purged_floors":[],"is_endless":false,"potions_floor_spawned":[2,10,11],"killed_by":"3 Cultists","ascension_level":0}}