{"host":"2e5gbsni44p3458r","time":1609245438,"event":{"mods":["BaseMod","Downfall","Hermit","Hubris","Minty Spire (QoL Compilation)","Replay The Spire","StSLib","The Cursed"],"gold_per_floor":[99,99,99,117,142,180,180,180,192,117,148,157,7,36,50,155,155,155,165,182,182,182,182,251,351,362,389,105,205,205,205,219,320,320,320,332,389,407,419,433,433,464,482,510,521,51,51,76,88,88,88,116,116,116,116],"floor_reached":56,"playtime":4392,"items_purged":["hubris:Greed","hexamod:Haunted","Shame","Guardian:Strike_Guardian","Guardian:Strike_Guardian"],"score":1730,"play_id":"77de0372-9e96-41da-bc7e-afa79b4bb6af","local_time":"20201229213718","is_ascension_mode":true,"campfire_choices":[{"data":"Guardian:CompilePackage","floor":1.0,"key":"SMITH"},{"floor":10.0,"key":"RECALL"},{"data":"Guardian:FloatingOrbs","floor":13.0,"key":"SMITH"},{"data":"expansioncontent:QuickStudy","floor":30,"key":"SMITH"},{"data":"Guardian:SentryBeam","floor":35,"key":"SMITH"},{"data":"Guardian:PiercingHide","floor":47,"key":"SMITH"},{"data":"Guardian:Clone","floor":54,"key":"SMITH"}],"circlet_count":0,"master_deck":["Guardian:Defend_Guardian","Guardian:Defend_Guardian","Guardian:Defend_Guardian","Guardian:Defend_Guardian","Guardian:CurlUp","Guardian:TwinSlam","Guardian:CompilePackage+1","Guardian:TemporalStrike","Guardian:TemporalShield","Guardian:FloatingOrbs+1","Guardian:PiercingHide+1","Guardian:StasisStrike","Guardian:CrystalBeam","Guardian:ExploitGems","expansioncontent:QuickStudy+1","Guardian:SentryBeam+1","Guardian:Clone+1","Guardian:Gem_Cyan","Guardian:EvasiveProtocol+1","Panache","Guardian:EvasiveProtocol+1","Guardian:Gem_Crimson"],"relics":["Guardian:ModeShifter","hubris:EvacipatedBox","Ice Cream","downfall:HeartBlessingBlue","Art of War","ReplayTheSpireMod:CursedCoin","downfall:HeartBlessingRed","downfall:HeartBlessingGreen","HornCleat","hubris:Backtick","Shuriken","hubris:Reverence","hubris:SphereOfDissonance","ReplayTheSpireMod:Ninjato","Turnip","Snack Pack","Pondfish Scales","SacredBark","Medical Kit","FossilizedHelix","hubris:CrystalStatue","Replay:Baseball","hubris:DeckOfHolding","Unceasing Top"],"acts_visited":["Exordium","TheCity","TheBeyond","TheEnding"],"potions_floor_usage":[33,55,55,55],"damage_taken":[{"damage":0.0,"enemies":"Cultist","floor":4.0,"turns":2.0},{"damage":0.0,"enemies":"Jaw Worm","floor":5.0,"turns":2.0},{"damage":3.0,"enemies":"Gremlin Nob","floor":6.0,"turns":3.0},{"damage":2.0,"enemies":"2 Louse","floor":9.0,"turns":2.0},{"damage":11.0,"enemies":"Lagavulin","floor":11.0,"turns":6.0},{"damage":10.0,"enemies":"downfall:FleeingMerchant","floor":12.0,"turns":4.0},{"damage":4.0,"enemies":"3 Sentries","floor":14.0,"turns":3.0},{"damage":0.0,"enemies":"Large Slime","floor":15.0,"turns":3.0},{"damage":0.0,"enemies":"downfall:Defect","floor":16.0,"turns":4.0},{"damage":2,"enemies":"Shell Parasite","floor":19,"turns":4},{"damage":0,"enemies":"Chosen","floor":20,"turns":3},{"damage":0,"enemies":"Snake Plant","floor":26,"turns":2},{"damage":1,"enemies":"Book of Stabbing","floor":27,"turns":4},{"damage":0,"enemies":"downfall:FleeingMerchant","floor":28,"turns":4},{"damage":0,"enemies":"downfall:Silent","floor":29,"turns":3},{"damage":0,"enemies":"Snecko","floor":32,"turns":4},{"damage":1,"enemies":"downfall:Watcher","floor":33,"turns":5},{"damage":5,"enemies":"3 Darklings","floor":36,"turns":3},{"damage":0,"enemies":"downfall:FleeingMerchant","floor":37,"turns":4},{"damage":2,"enemies":"3 Shapes","floor":38,"turns":3},{"damage":0,"enemies":"Jaw Worm Horde","floor":39,"turns":3},{"damage":10,"enemies":"4 Shapes","floor":40,"turns":3},{"damage":0,"enemies":"R_Hoarder","floor":42,"turns":6},{"damage":0,"enemies":"Writhing Mass","floor":43,"turns":3},{"damage":0,"enemies":"Giant Head","floor":44,"turns":3},{"damage":0,"enemies":"Sphere and 2 Shapes","floor":45,"turns":3},{"damage":0,"enemies":"Reptomancer","floor":48,"turns":3},{"damage":0,"enemies":"Transient","floor":49,"turns":5},{"damage":0,"enemies":"downfall:Ironclad","floor":50,"turns":4},{"damage":0,"enemies":"downfall:CharBossMerchant","floor":52,"turns":5},{"damage":0,"enemies":"downfall:NeowBoss","floor":55,"turns":12}],"seed_played":"-8377504512067532017","potions_obtained":[{"floor":3.0,"key":"downfall:CursedFountainPotion"},{"floor":9.0,"key":"Explosive Potion"},{"floor":14.0,"key":"Weak Potion"},{"floor":16.0,"key":"FairyPotion"},{"floor":26,"key":"Elixir"},{"floor":27,"key":"Regen Potion"},{"floor":38,"key":"SteroidPotion"},{"floor":39,"key":"Swift Potion"},{"floor":42,"key":"AttackPotion"},{"floor":44,"key":"Reflective Coating"},{"floor":45,"key":"CultistPotion"},{"floor":48,"key":"CultistPotion"}],"is_trial":false,"path_per_floor":["R","?","?","M","M","E","T","$","M","R","E","$","R","E","M","B",null,"R","M","M","?","?","?","T","?","M","E","$","?","R","T","M","B",null,"R","M","$","M","M","M","T","E","M","E","M","$","R","E","M","B",null,"E","$","R","B",null],"character_chosen":"GUARDIAN","items_purchased":["hubris:EvacipatedBox","Ice Cream","SteroidPotion","ReplayTheSpireMod:CursedCoin","expansioncontent:QuickStudy","Medical Kit","Panache","Replay:Baseball"],"campfire_rested":0,"item_purchase_floors":[8,8,12,12,28,37,46,46],"current_hp_per_floor":[80,80,80,80,80,77,77,33,31,41,30,20,20,16,16,16,90,90,88,88,88,88,70,70,70,70,69,69,69,69,69,71,92,95,95,94,95,95,95,85,85,91,95,95,95,95,95,95,95,95,95,95,95,95,95],"gold":116,"neow_bonus":"THREE_RARE_CARDS","is_daily":false,"chose_seed":false,"campfire_upgraded":6,"win_rate":0.0,"timestamp":1609245438,"path_taken":["R","?","?","M","?","E","T","?","M","R","E","$","R","E","M","BOSS","R","M","M","?","?","?","T","?","?","E","$","?","R","?","M","BOSS","R","M","$","M","?","M","T","E","M","E","?","?","R","E","M","BOSS","E","$","R","BOSS"],"items_purchased_type":["Relic","Relic","Potion","Relic","Card","Relic","Card","Relic"],"build_version":"2020-12-22","purchased_purges":5,"victory":true,"max_hp_per_floor":[80,80,80,80,80,80,80,80,80,90,90,90,90,90,90,90,90,90,90,90,90,90,95,95,95,95,95,95,95,95,95,95,95,95,95,95,95,95,95,95,95,95,95,95,95,95,95,95,95,95,95,95,95,95,95],"card_choices":[{"not_picked":["Guardian:ConstructionForm","Guardian:BaubleBeam"],"picked":"Guardian:CompilePackage","floor":0.0},{"not_picked":["Guardian:Gem_Red","Guardian:Gem_Green"],"picked":"Guardian:Gem_Blue","floor":4.0},{"not_picked":["Guardian:PiercingHide","Guardian:DonusPower"],"picked":"Guardian:TemporalShield","floor":5.0},{"not_picked":["Guardian:ShieldCharger","Guardian:PiercingHide","Guardian:RollAttack"],"picked":"SKIP","floor":6.0},{"not_picked":["Guardian:Gem_Lightblue","Guardian:PiercingHide"],"picked":"Guardian:Gem_Synthetic","floor":9.0},{"not_picked":["Guardian:Gem_Green","Guardian:DonusPower"],"picked":"Guardian:Gem_Crimson","floor":11.0},{"not_picked":["Guardian:TemporalStrike","Guardian:Gem_Green"],"picked":"Guardian:FloatingOrbs","floor":12.0},{"not_picked":["Guardian:ArmoredProtocol","Guardian:ShieldCharger"],"picked":"Guardian:PiercingHide","floor":14.0},{"not_picked":["Guardian:TemporalStrike","Guardian:Harden","Guardian:RefractedBeam"],"picked":"SKIP","floor":15.0},{"not_picked":["Guardian:AncientConstruct","Guardian:RevengeProtocol"],"picked":"Guardian:StasisStrike","floor":16.0},{"not_picked":["Guardian:TemporalShield+1","Guardian:Planning","Guardian:Preprogram+1"],"picked":"SKIP","floor":19},{"not_picked":["Guardian:TemporalStrike","Guardian:TemporalShield","Guardian:PrimingBeam"],"picked":"SKIP","floor":20},{"not_picked":["Guardian:ShieldCharger+1","Guardian:PiercingHide","Guardian:SpikerProtocol"],"picked":"SKIP","floor":26},{"not_picked":["Guardian:ShieldCharger","Guardian:FastForward"],"picked":"Guardian:ExploitGems","floor":27},{"not_picked":["Guardian:Planning","Guardian:SpikerProtocol+1","Guardian:ChargeCore"],"picked":"SKIP","floor":28},{"not_picked":["Guardian:DecasProtection","Guardian:WalkerClaw"],"picked":"Guardian:Gem_White","floor":29},{"not_picked":["Guardian:Gem_Lightblue","Guardian:DecasProtection+1"],"picked":"Guardian:SentryBeam","floor":32},{"not_picked":["Guardian:HyperBeam_Guardian","Guardian:ConstructionForm"],"picked":"Guardian:Gem_Synthetic","floor":33},{"not_picked":["Guardian:TemporalStrike","Guardian:WalkerClaw","Guardian:Gem_Lightblue"],"picked":"SKIP","floor":36},{"not_picked":["Guardian:ChargeCore+1","Guardian:Gem_Fragmented"],"picked":"Guardian:Clone","floor":37},{"not_picked":["Guardian:RollAttack","Guardian:TemporalStrike+1","Guardian:Gem_Green"],"picked":"SKIP","floor":38},{"not_picked":["Guardian:Gem_Purple","Guardian:Gem_Lightblue","Guardian:VentSteam"],"picked":"SKIP","floor":39},{"not_picked":["Guardian:HyperBeam_Guardian","Guardian:Incinerate"],"picked":"Guardian:Gem_Cyan","floor":40},{"not_picked":["Guardian:HyperBeam_Guardian","Guardian:Repulse"],"picked":"Guardian:Gem_Cyan","floor":42},{"not_picked":["Guardian:Recover+1","Guardian:FuturePlans+1"],"picked":"Guardian:EvasiveProtocol+1","floor":43},{"not_picked":["Guardian:PrismaticBeam","Guardian:Planning","Guardian:Recover+1"],"picked":"SKIP","floor":44},{"not_picked":["Guardian:TemporalStrike+1","Guardian:TemporalShield","Guardian:Planning"],"picked":"SKIP","floor":45},{"not_picked":["Guardian:HyperBeam_Guardian","Guardian:PiercingHide+1","Guardian:Gem_Lightblue"],"picked":"SKIP","floor":48},{"not_picked":["Guardian:PrismaticBarrier+1","Guardian:ShieldSpikes"],"picked":"Guardian:EvasiveProtocol+1","floor":49},{"not_picked":["Guardian:HyperBeam_Guardian","Guardian:ShieldSpikes"],"picked":"Guardian:Gem_Crimson","floor":52}],"player_experience":713624,"relics_obtained":[{"floor":11.0,"key":"Art of War"},{"floor":14.0,"key":"HornCleat"},{"floor":24,"key":"hubris:SphereOfDissonance"},{"floor":27,"key":"ReplayTheSpireMod:Ninjato"},{"floor":29,"key":"Turnip"},{"floor":29,"key":"Snack Pack"},{"floor":31,"key":"Pondfish Scales"},{"floor":41,"key":"FossilizedHelix"},{"floor":42,"key":"hubris:CrystalStatue"},{"floor":48,"key":"hubris:DeckOfHolding"},{"floor":52,"key":"Unceasing Top"}],"event_choices":[{"damage_healed":0,"gold_gain":0,"player_choice":"Stole Relic","damage_taken":0,"relics_obtained":["hubris:Reverence"],"max_hp_gain":0,"max_hp_loss":0,"event_name":"Addict","floor":22,"gold_loss":0,"cards_obtained":["Shame"]}],"is_beta":false,"boss_relics":[{"not_picked":["Pandora\u0027s Box","downfall:Hecktoplasm","Busted Crown"],"picked":"hubris:Backtick"},{"not_picked":["hubris:CrackedHourglass","hubris:HollowSoul","hubris:ScarierMask"],"picked":"SacredBark"}],"items_purged_floors":[8,12,28,37,46],"is_endless":false,"potions_floor_spawned":[9,14,16,19,26,27,38,39,42,44,45,48],"ascension_level":2}}