{"host":"f5uumzf5hfexzk8l","time":1609272615,"event":{"mods":["AchievementEnabler","BaseMod","Colored Map","Googly Eyes","Highlight Path","Minty Spire (QoL Compilation)","Permanent Neow","StSLib","SuperFastMode","Unceasing Turn Reminder","everything is the same but u backflip on backflip"],"gold_per_floor":[113,113,113,133,149,168,196,212,212,212,212,239,239,253,253,273,291,291,394,394,407,417,436,447,447,462,480,493,369,369,401,556,556,588,614,644,644,445,445,445,462,482,482,584,584,604,604,621,671,687,909,938,967,983,1013,1013,1013,1026,1037,1057,1112,1132,1158,1158,1158,1158,1158,543,575,575],"floor_reached":71,"playtime":1729,"items_purged":[],"score":2287,"play_id":"8c466aff-f039-44e4-82aa-add7f774e7bc","local_time":"20201229121015","is_ascension_mode":true,"campfire_choices":[{"floor":13,"key":"RECALL"},{"data":"Shockwave","floor":15,"key":"SMITH"},{"floor":18,"key":"REST"},{"data":"1","floor":30,"key":"LIFT"},{"data":"2","floor":33,"key":"LIFT"},{"data":"3","floor":37,"key":"LIFT"},{"floor":40,"key":"REST"},{"floor":43,"key":"REST"},{"floor":57,"key":"REST"},{"floor":64,"key":"REST"},{"floor":67,"key":"REST"}],"circlet_count":0,"master_deck":["Dropkick+1","Dropkick+1","Shockwave+1","Rage+1","Corruption+1","Limit Break+1","Limit Break+1"],"relics":["Burning Blood","PreservedInsect","Philosopher\u0027s Stone","Matryoshka","Bag of Marbles","Paper Frog","Champion Belt","Red Mask","Blood Vial","Orichalcum","The Courier","Smiling Mask","SacredBark","CultistMask","Vajra","Shuriken","Girya","Sling","Question Card","TungstenRod","Eternal Feather","CeramicFish","Mummified Hand","Singing Bowl","Fusion Hammer","Charon\u0027s Ashes","Bag of Preparation","Nunchaku","Boot","StrikeDummy","Thread and Needle","Akabeko","Membership Card","Pantograph"],"acts_visited":["Exordium","TheCity","TheBeyond","TheEnding"],"potions_floor_usage":[18,62,65,65,70,70,70,70,70,70,70,70],"damage_taken":[{"damage":0,"enemies":"Jaw Worm","floor":1,"turns":2},{"damage":0,"enemies":"Small Slimes","floor":4,"turns":1},{"damage":0,"enemies":"2 Louse","floor":5,"turns":1},{"damage":0,"enemies":"Exordium Wildlife","floor":6,"turns":1},{"damage":0,"enemies":"Gremlin Nob","floor":7,"turns":1},{"damage":0,"enemies":"Gremlin Gang","floor":8,"turns":1},{"damage":0,"enemies":"3 Sentries","floor":9,"turns":1},{"damage":0,"enemies":"Lagavulin","floor":12,"turns":1},{"damage":0,"enemies":"Large Slime","floor":14,"turns":1},{"damage":0,"enemies":"Red Slaver","floor":16,"turns":1},{"damage":0,"enemies":"3 Louse","floor":17,"turns":1},{"damage":0,"enemies":"The Guardian","floor":19,"turns":1},{"damage":0,"enemies":"Shell Parasite","floor":21,"turns":1},{"damage":0,"enemies":"3 Byrds","floor":22,"turns":1},{"damage":0,"enemies":"Shelled Parasite and Fungi","floor":23,"turns":1},{"damage":0,"enemies":"Sentry and Sphere","floor":24,"turns":1},{"damage":0,"enemies":"Snake Plant","floor":26,"turns":1},{"damage":0,"enemies":"Shelled Parasite and Fungi","floor":27,"turns":1},{"damage":0,"enemies":"Chosen and Byrds","floor":28,"turns":1},{"damage":0,"enemies":"Gremlin Leader","floor":31,"turns":1},{"damage":0,"enemies":"Slavers","floor":34,"turns":1},{"damage":0,"enemies":"Gremlin Leader","floor":36,"turns":1},{"damage":0,"enemies":"Cultist and Chosen","floor":41,"turns":1},{"damage":0,"enemies":"Snake Plant","floor":42,"turns":1},{"damage":0,"enemies":"Collector","floor":44,"turns":1},{"damage":0,"enemies":"Orb Walker","floor":46,"turns":1},{"damage":0,"enemies":"3 Darklings","floor":48,"turns":1},{"damage":0,"enemies":"Mind Bloom Boss Battle","floor":49,"turns":1},{"damage":0,"enemies":"4 Shapes","floor":50,"turns":1},{"damage":0,"enemies":"Transient","floor":52,"turns":1},{"damage":0,"enemies":"Giant Head","floor":53,"turns":1},{"damage":0,"enemies":"Maw","floor":54,"turns":1},{"damage":0,"enemies":"Reptomancer","floor":55,"turns":1},{"damage":0,"enemies":"Jaw Worm Horde","floor":58,"turns":1},{"damage":0,"enemies":"Sphere and 2 Shapes","floor":59,"turns":1},{"damage":0,"enemies":"Writhing Mass","floor":60,"turns":1},{"damage":0,"enemies":"2 Orb Walkers","floor":61,"turns":1},{"damage":0,"enemies":"Spire Growth","floor":62,"turns":1},{"damage":0,"enemies":"Giant Head","floor":63,"turns":1},{"damage":0,"enemies":"Awakened One","floor":65,"turns":2},{"damage":0,"enemies":"Shield and Spear","floor":69,"turns":1},{"damage":13,"enemies":"The Heart","floor":70,"turns":3}],"seed_played":"-6513124493703021816","potions_obtained":[{"floor":16,"key":"Fruit Juice"},{"floor":21,"key":"Energy Potion"},{"floor":26,"key":"Block Potion"},{"floor":28,"key":"LiquidBronze"},{"floor":42,"key":"CultistPotion"},{"floor":62,"key":"Fruit Juice"}],"is_trial":false,"path_per_floor":["M","?","$","M","M","M","E","M","?","T","?","E","R","M","R","M","M","R","B",null,"M","M","M","M","?","M","M","M","$","R","E","$","R","E","T","E","R","$","?","R","M","M","R","B",null,"M","?","M","?","M","?","M","E","M","E","T","R","M","M","M","?","M","E","R","B",null,"R","$","E","B",null],"character_chosen":"IRONCLAD","items_purchased":["Sling","TungstenRod","Singing Bowl","Ancient Potion","SkillPotion","Block Potion","Weak Potion","DuplicationPotion","Membership Card","SkillPotion","BloodPotion","EssenceOfSteel","PowerPotion","HeartOfIron","Weak Potion","Swift Potion","Ancient Potion","Block Potion","SkillPotion","FearPotion"],"campfire_rested":6,"item_purchase_floors":[29,32,38,68,68,68,68,68,68,68,68,68,68,68,68,68,68,68,68,68],"current_hp_per_floor":[80,80,80,80,80,80,80,80,80,80,85,85,85,85,85,85,85,90,90,90,90,90,90,90,90,90,90,90,90,90,90,90,90,90,90,90,90,90,90,90,92,94,94,96,96,98,93,95,97,99,99,101,103,105,107,107,107,109,111,113,115,127,129,129,129,129,129,129,131,124],"gold":575,"neow_bonus":"RANDOM_COMMON_RELIC","is_daily":false,"chose_seed":false,"campfire_upgraded":1,"win_rate":0.0,"timestamp":1609272615,"path_taken":["M","?","$","M","M","M","E","M","?","T","?","E","R","M","R","M","?","R","BOSS","M","?","M","M","?","?","M","M","$","R","E","$","R","E","T","E","R","?","?","R","?","M","R","BOSS","M","?","M","?","M","?","M","E","M","E","T","R","M","M","M","?","M","E","R","BOSS","R","$","E","BOSS"],"items_purchased_type":["Relic","Relic","Relic","Potion","Potion","Potion","Potion","Potion","Relic","Potion","Potion","Potion","Potion","Potion","Potion","Potion","Potion","Potion","Potion","Potion"],"build_version":"2020-12-22","purchased_purges":0,"victory":true,"max_hp_per_floor":[80,80,80,80,80,80,80,80,80,80,85,85,85,85,85,85,85,90,90,90,90,90,90,90,90,90,90,90,90,90,90,90,90,90,90,90,90,90,90,90,92,94,94,96,96,98,93,95,97,99,99,101,103,105,107,107,107,109,111,113,115,127,129,129,129,129,129,129,131,131],"card_choices":[{"not_picked":["Twin Strike","Clothesline","Flame Barrier"],"picked":"SKIP","floor":1},{"not_picked":["Dual Wield","Wild Strike","Armaments"],"picked":"SKIP","floor":4},{"not_picked":["Wild Strike","Clothesline","Havoc"],"picked":"SKIP","floor":5},{"not_picked":["Thunderclap","Ghostly Armor","Impervious"],"picked":"SKIP","floor":6},{"not_picked":["Havoc","Fiend Fire","Iron Wave"],"picked":"SKIP","floor":7},{"not_picked":["Rupture","Infernal Blade","Second Wind"],"picked":"SKIP","floor":8},{"not_picked":["Rupture","Infernal Blade","Second Wind"],"picked":"SKIP","floor":8},{"not_picked":["Spot Weakness","Pommel Strike","Anger"],"picked":"SKIP","floor":12},{"not_picked":["Sword Boomerang","Warcry","Evolve"],"picked":"SKIP","floor":14},{"not_picked":["Barricade","Feel No Pain","Shockwave"],"picked":"SKIP","floor":16},{"not_picked":["Battle Trance","Seeing Red","Clothesline"],"picked":"SKIP","floor":17},{"not_picked":["Perfected Strike+1","Clash+1","Sword Boomerang"],"picked":"SKIP","floor":21},{"not_picked":["Armaments","Sentinel+1","Warcry"],"picked":"SKIP","floor":22},{"not_picked":["Armaments","Havoc","Immolate"],"picked":"SKIP","floor":23},{"not_picked":["Pommel Strike","Burning Pact","Sword Boomerang"],"picked":"SKIP","floor":24},{"not_picked":["Havoc","Flex","Rupture"],"picked":"SKIP","floor":26},{"not_picked":["Wild Strike","Evolve","Flex"],"picked":"SKIP","floor":27},{"not_picked":["Fire Breathing","Flame Barrier","Heavy Blade"],"picked":"SKIP","floor":28},{"not_picked":["Rage","Entrench","Hemokinesis+1"],"picked":"SKIP","floor":31},{"not_picked":["Cleave","Perfected Strike","Sever Soul","Impervious"],"picked":"SKIP","floor":34},{"not_picked":["Feel No Pain","Armaments","Headbutt+1","Bloodletting"],"picked":"SKIP","floor":36},{"not_picked":["Cleave","Flex","Twin Strike","Headbutt+1"],"picked":"Singing Bowl","floor":41},{"not_picked":["Sword Boomerang","Clothesline","Twin Strike","Metallicize"],"picked":"Singing Bowl","floor":42},{"not_picked":["Exhume","Juggernaut","Fiend Fire","Reaper"],"picked":"Singing Bowl","floor":44},{"not_picked":["Body Slam","Clothesline+1","Perfected Strike","Combust+1"],"picked":"Singing Bowl","floor":46},{"not_picked":["Pommel Strike+1","Heavy Blade+1","Clothesline","Thunderclap+1"],"picked":"Singing Bowl","floor":48},{"not_picked":["Twin Strike+1","Cleave","Juggernaut","Shrug It Off"],"picked":"Singing Bowl","floor":49},{"not_picked":["Anger+1","Feel No Pain+1","Rage+1","Armaments"],"picked":"Singing Bowl","floor":50},{"not_picked":["Shrug It Off+1","Wild Strike","Evolve+1","Twin Strike"],"picked":"Singing Bowl","floor":52},{"not_picked":["Infernal Blade","Power Through","Rupture+1","Uppercut"],"picked":"Singing Bowl","floor":53},{"not_picked":["Intimidate","Thunderclap","Iron Wave","Headbutt"],"picked":"Singing Bowl","floor":54},{"not_picked":["Rampage","Reaper","Havoc","Flex+1"],"picked":"Singing Bowl","floor":55},{"not_picked":["Blood for Blood+1","Clothesline+1","Heavy Blade+1","Clash"],"picked":"Singing Bowl","floor":58},{"not_picked":["Combust","Cleave","Clothesline","Anger"],"picked":"Singing Bowl","floor":59},{"not_picked":["Power Through","Clash","Wild Strike","Thunderclap+1"],"picked":"Singing Bowl","floor":60},{"not_picked":["Feed","Whirlwind+1","Bloodletting+1","Havoc"],"picked":"Singing Bowl","floor":61},{"not_picked":["Ghostly Armor+1","Thunderclap","Headbutt","Clash"],"picked":"Singing Bowl","floor":62},{"not_picked":["Reckless Charge","Headbutt+1","Disarm+1","Hemokinesis"],"picked":"Singing Bowl","floor":63},{"not_picked":["Heavy Blade","True Grit+1","Power Through","Headbutt"],"picked":"Singing Bowl","floor":69}],"player_experience":332876,"relics_obtained":[{"floor":7,"key":"Matryoshka"},{"floor":9,"key":"Blood Vial"},{"floor":10,"key":"Orichalcum"},{"floor":10,"key":"The Courier"},{"floor":12,"key":"Smiling Mask"},{"floor":31,"key":"Question Card"},{"floor":34,"key":"Eternal Feather"},{"floor":35,"key":"CeramicFish"},{"floor":36,"key":"Mummified Hand"},{"floor":49,"key":"Charon\u0027s Ashes"},{"floor":53,"key":"Nunchaku"},{"floor":55,"key":"Boot"},{"floor":56,"key":"StrikeDummy"},{"floor":61,"key":"Thread and Needle"},{"floor":63,"key":"Akabeko"},{"floor":69,"key":"Pantograph"}],"event_choices":[{"damage_healed":0,"gold_gain":0,"player_choice":"Ignored","damage_taken":0,"max_hp_gain":0,"max_hp_loss":0,"event_name":"Golden Idol","floor":2,"gold_loss":0},{"damage_healed":0,"gold_gain":0,"player_choice":"Searched \u00272\u0027 times","damage_taken":0,"max_hp_gain":0,"max_hp_loss":0,"event_name":"Dead Adventurer","floor":9,"gold_loss":0},{"damage_healed":0,"gold_gain":0,"player_choice":"Donut","damage_taken":0,"max_hp_gain":5,"max_hp_loss":0,"event_name":"Big Fish","floor":11,"gold_loss":0},{"damage_healed":0,"gold_gain":0,"player_choice":"Trade","damage_taken":0,"relics_obtained":["CultistMask"],"max_hp_gain":0,"max_hp_loss":0,"event_name":"FaceTrader","floor":25,"gold_loss":0},{"damage_healed":0,"gold_gain":0,"player_choice":"0 cards matched","damage_taken":0,"max_hp_gain":0,"max_hp_loss":0,"event_name":"Match and Keep!","floor":39,"gold_loss":0,"cards_obtained":[]},{"damage_healed":0,"gold_gain":0,"player_choice":"Max HP","damage_taken":0,"max_hp_gain":0,"max_hp_loss":5,"event_name":"Winding Halls","floor":47,"gold_loss":0},{"damage_healed":0,"gold_gain":0,"player_choice":"Fight","damage_taken":0,"max_hp_gain":0,"max_hp_loss":0,"event_name":"MindBloom","floor":49,"gold_loss":0},{"damage_healed":0,"gold_gain":222,"player_choice":"Wore Mask","damage_taken":0,"max_hp_gain":0,"max_hp_loss":0,"event_name":"Tomb of Lord Red Mask","floor":51,"gold_loss":0},{"damage_healed":0,"gold_gain":0,"player_choice":"Fight","damage_taken":0,"max_hp_gain":0,"max_hp_loss":0,"event_name":"Mysterious Sphere","floor":61,"gold_loss":0}],"is_beta":false,"boss_relics":[{"not_picked":["Tiny House","Empty Cage"],"picked":"SacredBark"},{"not_picked":["Runic Dome","Astrolabe"],"picked":"Fusion Hammer"}],"items_purged_floors":[],"is_endless":false,"potions_floor_spawned":[5,8,9,12,16,21,26,28,36,41,42,44,46,53,54,58,60,62],"ascension_level":4}}