{"host":"6b00v7211em4ihns","time":1609263148,"event":{"mods":["BaseMod","Bestiary","Better Match","Minty Spire (QoL Compilation)","Relic Stats","Spicy Shops","StSLib"],"gold_per_floor":[111,123,134,146,157,185,200,232,232,258,258,268,268,280,280,357,357,375,375,300,311,311,344,359,359,359,378,378,378,167,167,167,244,244,263,263,263,276,287,312,312,339,407,407,425,66,66,85,85,85,85],"floor_reached":52,"playtime":6185,"items_purged":["Flex","Bash"],"score":1983,"play_id":"9f7291a5-90c1-492f-ac0e-aee296ff4caa","local_time":"20201229173228","daily_mods":["Green Cards"],"is_ascension_mode":true,"campfire_choices":[{"floor":11,"key":"REST"},{"data":"Disarm","floor":13,"key":"SMITH"},{"data":"Leg Sweep","floor":15,"key":"SMITH"},{"floor":25,"key":"REST"},{"data":"Limit Break","floor":32,"key":"SMITH"},{"floor":41,"key":"REST"},{"data":"Adrenaline","floor":44,"key":"SMITH"},{"data":"Limit Break","floor":47,"key":"SMITH"},{"floor":49,"key":"REST"}],"circlet_count":0,"master_deck":["AscendersBane","Pummel","Bludgeon","Whirlwind","Backstab","All Out Attack","Warcry","Disarm+1","Ghostly Armor","Leg Sweep+1","Dark Embrace","Adrenaline+1","Infernal Blade","Endless Agony","Pummel","Limit Break+1","Footwork","Caltrops","Feel No Pain","Disarm","Footwork","Adrenaline","Dodge and Roll","PiercingWail","Calculated Gamble","Demon Form","Feel No Pain","PiercingWail+1","Madness","Madness","Concentrate","Feel No Pain","Feel No Pain","Disarm","Acrobatics","Calculated Gamble","Limit Break+1","Disarm","Shockwave","PiercingWail"],"relics":["Burning Blood","Prayer Wheel","Question Card","Pantograph","Charon\u0027s Ashes","Pandora\u0027s Box","Gremlin Horn","FossilizedHelix","Cauldron","Runic Pyramid","Bottled Tornado","Shuriken","Membership Card"],"acts_visited":["Exordium","TheCity","TheBeyond"],"potions_floor_usage":[4,10,10,21,23,30,33,33,42,42,48],"damage_taken":[{"damage":7,"enemies":"Cultist","floor":1,"turns":4},{"damage":2,"enemies":"Jaw Worm","floor":2,"turns":3},{"damage":5,"enemies":"2 Louse","floor":3,"turns":4},{"damage":20,"enemies":"Exordium Wildlife","floor":4,"turns":5},{"damage":10,"enemies":"2 Fungi Beasts","floor":5,"turns":3},{"damage":8,"enemies":"Gremlin Nob","floor":6,"turns":3},{"damage":0,"enemies":"Gremlin Gang","floor":7,"turns":2},{"damage":35,"enemies":"3 Sentries","floor":8,"turns":8},{"damage":15,"enemies":"Lagavulin","floor":10,"turns":5},{"damage":0,"enemies":"Large Slime","floor":12,"turns":3},{"damage":0,"enemies":"2 Fungi Beasts","floor":14,"turns":2},{"damage":34,"enemies":"The Guardian","floor":16,"turns":16},{"damage":2,"enemies":"3 Byrds","floor":18,"turns":3},{"damage":0,"enemies":"Spheric Guardian","floor":21,"turns":3},{"damage":51,"enemies":"Book of Stabbing","floor":23,"turns":5},{"damage":8,"enemies":"Chosen and Byrds","floor":24,"turns":3},{"damage":0,"enemies":"Snake Plant","floor":27,"turns":4},{"damage":65,"enemies":"Automaton","floor":33,"turns":16},{"damage":0,"enemies":"3 Shapes","floor":35,"turns":6},{"damage":1,"enemies":"Orb Walker","floor":38,"turns":4},{"damage":0,"enemies":"Maw","floor":39,"turns":6},{"damage":62,"enemies":"Nemesis","floor":40,"turns":13},{"damage":0,"enemies":"Reptomancer","floor":42,"turns":5},{"damage":0,"enemies":"Sphere and 2 Shapes","floor":45,"turns":5},{"damage":25,"enemies":"Transient","floor":48,"turns":6},{"damage":25,"enemies":"Donu and Deca","floor":50,"turns":9},{"damage":46,"enemies":"Awakened One","floor":51,"turns":9}],"seed_played":"-267027021878178901","potions_obtained":[{"floor":3,"key":"Block Potion"},{"floor":6,"key":"FearPotion"},{"floor":8,"key":"CultistPotion"},{"floor":16,"key":"ElixirPotion"},{"floor":18,"key":"Swift Potion"},{"floor":23,"key":"EntropicBrew"},{"floor":30,"key":"BloodPotion"},{"floor":30,"key":"Block Potion"},{"floor":33,"key":"Fire Potion"},{"floor":38,"key":"ElixirPotion"},{"floor":42,"key":"LiquidMemories"}],"is_trial":true,"path_per_floor":["M","M","M","M","M","E","M","E","T","E","R","M","R","M","R","B",null,"M","?","?","M","?","E","M","R","T","M","?","?","$","?","R","B",null,"M","?","?","M","M","E","R","E","T","R","M","$","R","M","R","B","B",null],"character_chosen":"IRONCLAD","items_purchased":["SteroidPotion","Cauldron","Membership Card","Limit Break","Disarm","CultistPotion"],"campfire_rested":4,"item_purchase_floors":[30,30,46,46,46,46],"current_hp_per_floor":[67,71,72,58,54,52,58,29,29,20,42,48,48,54,54,47,68,72,72,72,75,75,30,28,50,50,56,35,35,51,90,90,31,75,81,65,65,70,76,20,47,53,53,53,59,59,59,40,67,71,50],"gold":85,"neow_bonus":"","is_daily":false,"chose_seed":false,"campfire_upgraded":5,"win_rate":0.0,"timestamp":1609263148,"path_taken":["M","M","M","?","M","E","M","E","T","E","R","M","R","M","R","BOSS","M","?","?","?","?","E","?","R","T","M","?","?","$","?","R","BOSS","M","?","?","M","M","E","R","E","T","R","?","$","R","M","R","BOSS","BOSS"],"items_purchased_type":["Potion","Relic","Relic","Card","Card","Potion"],"build_version":"2020-12-22","purchased_purges":2,"victory":true,"max_hp_per_floor":[75,75,75,75,75,75,75,75,75,75,75,75,75,75,75,75,75,75,75,75,75,75,75,75,75,75,75,80,80,80,90,90,90,90,90,90,90,90,90,90,90,90,90,90,90,90,90,90,90,90,90],"relic_stats":{"Gremlin Horn":[16,16],"counters":[27,155],"Shuriken":[3],"Pantograph":63,"Prayer Wheel":12,"Pandora\u0027s Box":["Anger","Infernal Blade","Endless Agony","Flex","Pummel","Limit Break","Footwork","Caltrops","Searing Blow"],"Charon\u0027s Ashes":[828],"Question Card":29,"obtain_stats":[{"Gremlin Horn":23,"Charon\u0027s Ashes":10,"Bottled Tornado":40,"Question Card":8,"Burning Blood":0,"Cauldron":30,"Shuriken":42,"Pantograph":9,"Prayer Wheel":6,"Pandora\u0027s Box":17,"Membership Card":46,"FossilizedHelix":26,"Runic Pyramid":34},{"Gremlin Horn":15,"Charon\u0027s Ashes":9,"Bottled Tornado":22,"Question Card":8,"Burning Blood":0,"Cauldron":17,"Shuriken":23,"Pantograph":8,"Prayer Wheel":6,"Pandora\u0027s Box":12,"Membership Card":24,"FossilizedHelix":16,"Runic Pyramid":18},{"Gremlin Horn":69,"Charon\u0027s Ashes":37,"Bottled Tornado":121,"Question Card":32,"Burning Blood":0,"Cauldron":76,"Shuriken":126,"Pantograph":32,"Prayer Wheel":22,"Pandora\u0027s Box":58,"Membership Card":131,"FossilizedHelix":72,"Runic Pyramid":92}],"Burning Blood":159},"card_choices":[{"not_picked":["Heavy Blade","Thunderclap"],"picked":"Pummel","floor":1},{"not_picked":["Backflip","Underhanded Strike","Choke"],"picked":"SKIP","floor":2},{"not_picked":["Twin Strike","Blade Dance"],"picked":"Bludgeon","floor":3},{"not_picked":["Well Laid Plans","Uppercut"],"picked":"Whirlwind","floor":4},{"not_picked":["Bane","Pummel"],"picked":"Backstab","floor":5},{"not_picked":["Prepared","Dodge and Roll"],"picked":"Unload","floor":6},{"not_picked":["Prepared","Iron Wave","Pommel Strike"],"picked":"SKIP","floor":7},{"not_picked":["Body Slam","Blade Dance","Pommel Strike"],"picked":"SKIP","floor":7},{"not_picked":["Body Slam","Perfected Strike"],"picked":"All Out Attack","floor":8},{"not_picked":["Unload","Prepared","Combust"],"picked":"Warcry","floor":10},{"not_picked":["Twin Strike","Bane","Quick Slash"],"picked":"Disarm","floor":12},{"not_picked":["Headbutt","Sucker Punch","Havoc"],"picked":"Ghostly Armor","floor":12},{"not_picked":["Distraction","Backflip","Metallicize"],"picked":"Leg Sweep","floor":14},{"not_picked":["PiercingWail","Accuracy","Heel Hook"],"picked":"Dark Embrace","floor":14},{"not_picked":["Bullet Time","A Thousand Cuts","Envenom"],"picked":"Adrenaline","floor":16},{"not_picked":["Underhanded Strike","Anger+1","Clash+1"],"picked":"Feel No Pain","floor":18},{"not_picked":["Wild Strike","Choke","Rampage","Catalyst"],"picked":"SKIP","floor":18},{"not_picked":["Wild Strike","Cloak And Dagger","Heavy Blade+1"],"picked":"Disarm","floor":21},{"not_picked":["Bouncing Flask","Clothesline","Exhume"],"picked":"Footwork","floor":21},{"not_picked":["Hemokinesis+1","Berserk","Crippling Poison"],"picked":"Dodge and Roll","floor":23},{"not_picked":["Dagger Spray","Bouncing Flask","Armaments","Outmaneuver"],"picked":"SKIP","floor":24},{"not_picked":["Intimidate","Prepared","Bludgeon","Perfected Strike"],"picked":"SKIP","floor":24},{"not_picked":["Reflex","Fire Breathing","Clash"],"picked":"PiercingWail","floor":27},{"not_picked":["True Grit","Blade Dance","Inflame","Deadly Poison"],"picked":"SKIP","floor":27},{"not_picked":["Reaper","Fiend Fire","Exhume"],"picked":"Demon Form","floor":33},{"not_picked":["Heel Hook","Clash","Dagger Throw"],"picked":"Feel No Pain","floor":35},{"not_picked":["Bouncing Flask","Sucker Punch+1","Blood for Blood"],"picked":"PiercingWail+1","floor":35},{"not_picked":["Masterful Stab","Armaments","Crippling Poison"],"picked":"Concentrate","floor":38},{"not_picked":["Dagger Spray+1","Setup","Body Slam"],"picked":"Feel No Pain","floor":38},{"not_picked":["Anger+1","Doppelganger","Rage"],"picked":"Feel No Pain","floor":39},{"not_picked":["Acrobatics","Blade Dance","Deflect"],"picked":"Disarm","floor":39},{"not_picked":["Setup","Heavy Blade","Shockwave+1"],"picked":"Acrobatics","floor":40},{"not_picked":["Grand Finale","Perfected Strike","Blur+1","Cleave+1"],"picked":"SKIP","floor":42},{"not_picked":["Dodge and Roll","Evolve+1","Armaments"],"picked":"Calculated Gamble","floor":45},{"not_picked":["Carnage+1","Dodge and Roll","Sucker Punch+1","Bane"],"picked":"SKIP","floor":45},{"not_picked":["Battle Trance+1","Venomology","Poisoned Stab"],"picked":"Shockwave","floor":48},{"not_picked":["Endless Agony","Havoc","Sucker Punch"],"picked":"PiercingWail","floor":48}],"player_experience":2453458,"relics_obtained":[{"floor":6,"key":"Prayer Wheel"},{"floor":8,"key":"Question Card"},{"floor":9,"key":"Pantograph"},{"floor":10,"key":"Charon\u0027s Ashes"},{"floor":23,"key":"Gremlin Horn"},{"floor":26,"key":"FossilizedHelix"},{"floor":40,"key":"Bottled Tornado"},{"floor":42,"key":"Shuriken"}],"event_choices":[{"cards_removed":["Searing Blow"],"damage_healed":0,"gold_gain":0,"player_choice":"Elegance","damage_taken":0,"max_hp_gain":0,"max_hp_loss":0,"event_name":"Back to Basics","floor":19,"gold_loss":0},{"cards_removed":["Anger"],"damage_healed":0,"gold_gain":0,"player_choice":"Gave Gold","damage_taken":0,"max_hp_gain":0,"max_hp_loss":0,"event_name":"Beggar","floor":20,"gold_loss":75},{"damage_healed":0,"gold_gain":0,"player_choice":"Copied","damage_taken":0,"max_hp_gain":0,"max_hp_loss":0,"event_name":"Duplicator","floor":22,"gold_loss":0,"cards_obtained":["Adrenaline"]},{"damage_healed":0,"gold_gain":0,"player_choice":"Shed Blood","damage_taken":26,"max_hp_gain":5,"max_hp_loss":0,"event_name":"Forgotten Altar","floor":28,"gold_loss":0},{"damage_healed":0,"gold_gain":0,"player_choice":"Read","damage_taken":0,"max_hp_gain":0,"max_hp_loss":0,"event_name":"The Library","floor":29,"gold_loss":0,"cards_obtained":["Calculated Gamble"]},{"cards_removed":["Unload"],"damage_healed":29,"gold_gain":0,"player_choice":"Offered Rare","damage_taken":0,"max_hp_gain":10,"max_hp_loss":0,"event_name":"Bonfire Elementals","floor":31,"gold_loss":0},{"damage_healed":0,"gold_gain":0,"player_choice":"Embrace Madness","damage_taken":16,"max_hp_gain":0,"max_hp_loss":0,"event_name":"Winding Halls","floor":36,"gold_loss":0,"cards_obtained":["Madness","Madness"]},{"damage_healed":0,"gold_gain":0,"player_choice":"Ignored","damage_taken":0,"max_hp_gain":0,"max_hp_loss":0,"event_name":"SecretPortal","floor":37,"gold_loss":0}],"is_beta":false,"boss_relics":[{"not_picked":["Black Blood","Empty Cage"],"picked":"Pandora\u0027s Box"},{"not_picked":["Calling Bell","Tiny House"],"picked":"Runic Pyramid"}],"items_purged_floors":[30,46],"is_endless":false,"potions_floor_spawned":[3,6,8,16,18,23,33,38,42],"ascension_level":20}}