{"host":"fbjkyf8096sobcph","time":1609210997,"event":{"mods":["2.2 Compatiblity","AchievementEnabler","Aspiration","BaseMod","Better Altar","Better Match","Better Note","Better Sensory Stone","Better Skull","Better Third Choice","BetterRewards","CCEM","Clawfect","Colored Map","Conspire","Downfall","GifTheSpireLib","Halation","Highlight Path","Hubris","Mimic Mod","Minty Spire (QoL Compilation)","Permanent Neow","Replay The Spire","Shop Mod","Spicy Shops","StSLib","Stuff the Spire","Unceasing Turn Reminder","Waifu the Spire","everything is the same but u backflip on backflip","slay the spire mod where everything is the same but ironclad has a cowboy hat"],"gold_per_floor":[349,365,375,550,567,492,540,465,479,511,511,527,541,575,587,587,587,587],"floor_reached":16,"playtime":1203,"items_purged":[],"score":94,"play_id":"cff6089f-0657-4283-95a8-c76b9c9d27fb","local_time":"20201229040317","is_ascension_mode":false,"campfire_choices":[{"floor":1,"key":"RECALL"},{"data":"hexamod:EmpoweredFlame","floor":6,"key":"SMITH"},{"data":"hexamod:ThermalTransfer","floor":8,"key":"SMITH"},{"data":"hexamod:SpectersWail","floor":11,"key":"SMITH"}],"circlet_count":0,"master_deck":["hexamod:Strike","hexamod:Strike","hexamod:Strike","hexamod:Strike","hexamod:Defend","hexamod:Defend","hexamod:Defend","hexamod:Defend","hexamod:Sear","hexamod:Float","Spreading Infection","hexamod:ThermalTransfer+1","hexamod:EmpoweredFlame+1","Doubt","hexamod:SpectersWail+1","hexamod:Hexaguard","hexamod:FirstSeal","hexamod:ExtraCrispy","hexamod:HeatShield","hexamod:GhostOfSpirePast","hexamod:FirstSeal"],"relics":["hexamod:SpiritBrand","downfall:HeartBlessingRed","downfall:HeartBlessingBlue","Lantern","ReplayTheSpireMod:TigerMarble"],"acts_visited":["Exordium"],"potions_floor_usage":[],"damage_taken":[{"damage":0,"enemies":"Cultist","floor":2,"turns":3},{"damage":5,"enemies":"Jaw Worm","floor":3,"turns":3},{"damage":0,"enemies":"Small Slimes","floor":5,"turns":3},{"damage":12,"enemies":"Exordium Thugs","floor":9,"turns":4},{"damage":5,"enemies":"2 Fungi Beasts","floor":10,"turns":8},{"damage":5,"enemies":"2 Fungi Beasts","floor":12,"turns":3},{"damage":0,"enemies":"3 Louse","floor":13,"turns":3},{"damage":6,"enemies":"Exordium Wildlife","floor":14,"turns":8},{"damage":5,"enemies":"Exordium Wildlife","floor":15,"turns":5},{"damage":78,"enemies":"downfall:Ironclad","floor":16,"turns":9}],"seed_played":"8421267945693510656","potions_obtained":[{"floor":2,"key":"SteroidPotion"},{"floor":9,"key":"Regen Potion"},{"floor":15,"key":"Dexterity Potion"}],"is_trial":false,"path_per_floor":["R","M","M","?","M","R","T","R","M","MIM","R","M","M","MIM","M","B"],"character_chosen":"THE_SPIRIT","items_purchased":[],"campfire_rested":0,"item_purchase_floors":[],"current_hp_per_floor":[70,70,65,65,65,65,65,75,63,58,58,60,67,68,70,0,0,0],"gold":587,"neow_bonus":"TWO_FIFTY_GOLD","is_daily":false,"chose_seed":false,"campfire_upgraded":3,"win_rate":0.0,"timestamp":1609210997,"path_taken":["R","M","?","?","M","R","T","R","M","?","R","M","?","?","M","BOSS"],"items_purchased_type":[],"build_version":"2020-12-22","purchased_purges":0,"victory":false,"max_hp_per_floor":[70,70,70,70,70,70,70,80,80,80,80,80,80,80,80,80,80,80],"card_choices":[{"not_picked":["hexamod:GhostLash","hexamod:SwordOfDarkness"],"picked":"hexamod:ThermalTransfer","floor":2},{"not_picked":["hexamod:PowerFromBeyond","hexamod:GhostShield"],"picked":"hexamod:EmpoweredFlame","floor":3},{"not_picked":["hexamod:AdvancingGuard","hexamod:BurningTouch"],"picked":"hexamod:SpectersWail","floor":5},{"not_picked":["hexamod:GhostShield","hexamod:Incineration"],"picked":"hexamod:Hexaguard","floor":9},{"not_picked":["hexamod:Firestarter","hexamod:PowerFromBeyond"],"picked":"hexamod:FirstSeal","floor":10},{"not_picked":["hexamod:GhostShield","hexamod:CrushingStance"],"picked":"hexamod:ExtraCrispy","floor":12},{"not_picked":["hexamod:ShieldOfDarkness","hexamod:NightmareStrike"],"picked":"hexamod:HeatShield","floor":13},{"not_picked":["hexamod:Hexaguard","hexamod:BurningTouch"],"picked":"hexamod:GhostOfSpirePast","floor":14},{"not_picked":["hexamod:HeatShield","hexamod:InspiringFlames"],"picked":"hexamod:FirstSeal","floor":15}],"player_experience":257962,"relics_obtained":[{"floor":10,"key":"Lantern"},{"floor":14,"key":"ReplayTheSpireMod:TigerMarble"}],"event_choices":[],"is_beta":false,"boss_relics":[],"items_purged_floors":[],"is_endless":false,"potions_floor_spawned":[2,9,15],"killed_by":"downfall:Ironclad","ascension_level":0}}