{"host":"a5zr8hf2yymwt50u","time":1609253660,"event":{"mods":["BaseMod","Colored Map","Minty Spire (QoL Compilation)","StSLib","The Bug Knight"],"gold_per_floor":[113,38,58,72,72,107,107,121,146,174,185,203,213,231,231,331,331,349,364,391,409,427,462,73,73,73,105,134,134,134,146,146,146,146],"floor_reached":33,"playtime":2005,"items_purged":["HollowMod:QuickDashStart","HollowMod:QuickDashStart"],"score":326,"play_id":"b0ba3dab-963d-4387-96e2-0f8af0c0605f","local_time":"20201229235420","is_ascension_mode":false,"campfire_choices":[{"data":"HollowMod:Weaversong","floor":7,"key":"SMITH"},{"data":"HollowMod:ZotesMagnificence","floor":15,"key":"SMITH"},{"data":"HollowMod:SlysStrikes","floor":25,"key":"SMITH"},{"data":"HollowMod:QuirrelsAssistance","floor":32,"key":"SMITH"}],"circlet_count":0,"master_deck":["HollowMod:NailStrikeStart","HollowMod:NailStrikeStart","HollowMod:NailStrikeStart","HollowMod:NailStrikeStart","HollowMod:QuickDashStart","HollowMod:FocusHealStart","HollowMod:PogoStrike","HollowMod:DoubleDash","HollowMod:CoiledNail","HollowMod:Weaversong+1","HollowMod:CycloneSlash","HollowMod:CloakDash","HollowMod:SharpenedNail","HollowMod:ZotesMagnificence+1","HollowMod:SlysStrikes+1","HollowMod:QuirrelsAssistance+1","HollowMod:MantisMark","HollowMod:FallenFury+1","HollowMod:PerfectDash","HollowMod:SharpenedNail+1"],"relics":["HollowMod:VesselMask","Orichalcum","Lantern","PreservedInsect","Incense Burner","SlaversCollar","HollowMod:GreatKnightMask","Art of War","Happy Flower","Medical Kit","Ornamental Fan","Juzu Bracelet","Red Mask","MutagenicStrength"],"acts_visited":["Exordium","TheCity"],"potions_floor_usage":[6,12,14,18,18,20,22,23,31,33],"damage_taken":[{"damage":5,"enemies":"Jaw Worm","floor":1,"turns":5},{"damage":0,"enemies":"Cultist","floor":3,"turns":4},{"damage":0,"enemies":"Small Slimes","floor":4,"turns":3},{"damage":10,"enemies":"Gremlin Nob","floor":6,"turns":4},{"damage":0,"enemies":"Looter","floor":8,"turns":3},{"damage":12,"enemies":"Lagavulin","floor":10,"turns":3},{"damage":7,"enemies":"2 Fungi Beasts","floor":11,"turns":2},{"damage":6,"enemies":"Large Slime","floor":12,"turns":3},{"damage":2,"enemies":"Blue Slaver","floor":13,"turns":3},{"damage":9,"enemies":"Exordium Wildlife","floor":14,"turns":4},{"damage":10,"enemies":"Slime Boss","floor":16,"turns":6},{"damage":4,"enemies":"2 Thieves","floor":18,"turns":2},{"damage":0,"enemies":"Chosen","floor":19,"turns":3},{"damage":0,"enemies":"HollowMod:Zote","floor":20,"turns":2},{"damage":20,"enemies":"Centurion and Healer","floor":21,"turns":5},{"damage":18,"enemies":"3 Cultists","floor":22,"turns":4},{"damage":15,"enemies":"Book of Stabbing","floor":23,"turns":4},{"damage":23,"enemies":"Slavers","floor":27,"turns":4},{"damage":10,"enemies":"Masked Bandits","floor":28,"turns":4},{"damage":0,"enemies":"Snake Plant","floor":31,"turns":3},{"damage":58,"enemies":"Automaton","floor":33,"turns":6}],"seed_played":"-1355235760542905648","potions_obtained":[{"floor":1,"key":"DuplicationPotion"},{"floor":3,"key":"Explosive Potion"},{"floor":11,"key":"ColorlessPotion"},{"floor":12,"key":"SpeedPotion"},{"floor":13,"key":"SteroidPotion"},{"floor":14,"key":"FearPotion"},{"floor":18,"key":"BlessingOfTheForge"},{"floor":20,"key":"Fruit Juice"},{"floor":21,"key":"DistilledChaos"},{"floor":27,"key":"ColorlessPotion"},{"floor":31,"key":"Weak Potion"}],"is_trial":false,"path_per_floor":["M","$","M","M","?","E","R","M","T","E","M","M","M","M","R","B",null,"M","M","?","M","M","E","$","R","T","E","?","?","?","M","R","B"],"character_chosen":"THE_BUGKNIGHT","items_purchased":["Happy Flower","Medical Kit"],"campfire_rested":0,"item_purchase_floors":[24,24],"current_hp_per_floor":[82,82,82,82,82,78,78,82,82,70,69,69,67,64,64,60,82,78,78,83,69,57,52,52,52,52,29,19,19,19,19,19,0,0],"gold":146,"neow_bonus":"TEN_PERCENT_HP_BONUS","is_daily":false,"chose_seed":false,"campfire_upgraded":4,"win_rate":0.0,"timestamp":1609253660,"path_taken":["M","$","M","M","?","E","R","?","T","E","M","M","M","M","R","BOSS","M","M","?","M","M","E","$","R","T","E","?","?","?","M","R","BOSS"],"items_purchased_type":["Relic","Relic"],"build_version":"2020-12-22","purchased_purges":2,"victory":false,"max_hp_per_floor":[82,82,82,82,82,82,82,82,82,82,82,82,82,82,82,82,82,82,82,87,87,87,87,87,87,87,87,87,87,87,87,87,87,87],"card_choices":[{"not_picked":["HollowMod:BaldurShell","HollowMod:SoulStrike"],"picked":"HollowMod:DoubleDash","floor":1},{"not_picked":["HollowMod:DescendingDark","HollowMod:NewJinnsSoul"],"picked":"HollowMod:SoulStrike","floor":3},{"not_picked":["HollowMod:PerfectDash","HollowMod:BrokenVessel"],"picked":"HollowMod:CoiledNail","floor":4},{"not_picked":["HollowMod:FallenFury","HollowMod:InfectedAttack"],"picked":"HollowMod:Weaversong","floor":6},{"not_picked":["HollowMod:GrimmsGift","HollowMod:HeavyBlow"],"picked":"HollowMod:CycloneSlash","floor":8},{"not_picked":["HollowMod:BlackTendrils","HollowMod:ShadowDash"],"picked":"HollowMod:CloakDash","floor":10},{"not_picked":["HollowMod:SiblingsShadow","HollowMod:DesolateDive"],"picked":"HollowMod:SharpenedNail","floor":11},{"not_picked":["HollowMod:InfectedCysts","HollowMod:SiblingsSouls","HollowMod:CloakDash"],"picked":"SKIP","floor":12},{"not_picked":["HollowMod:InfectedCysts","HollowMod:SiblingsSouls","HollowMod:CloakDash"],"picked":"SKIP","floor":12},{"not_picked":["HollowMod:GoodIntentions","HollowMod:InfectedAttack","HollowMod:SoulVessel"],"picked":"SKIP","floor":13},{"not_picked":["HollowMod:SiblingsSouls","HollowMod:InfectionAssault"],"picked":"HollowMod:ZotesMagnificence","floor":14},{"not_picked":["HollowMod:VoidDash","HollowMod:Hiveblood"],"picked":"HollowMod:SlysStrikes","floor":16},{"not_picked":["HollowMod:DesolateDive","HollowMod:MawleksShell+1"],"picked":"HollowMod:QuirrelsAssistance","floor":18},{"not_picked":["HollowMod:CrystalDash","HollowMod:DesolateDive","HollowMod:ShapeofUnn"],"picked":"SKIP","floor":19},{"not_picked":["HollowMod:HowlingWraiths+1","HollowMod:InfectedCysts"],"picked":"HollowMod:MantisMark","floor":21},{"not_picked":["HollowMod:DashSlash","HollowMod:RecoilStrike","HollowMod:InfectionAssault"],"picked":"SKIP","floor":22},{"not_picked":["HollowMod:VengefulVoid+1","HollowMod:HowlingWraiths","HollowMod:ShadowDash"],"picked":"SKIP","floor":23},{"not_picked":["HollowMod:TaintedHusks","HollowMod:LifebloodCore"],"picked":"HollowMod:FallenFury+1","floor":27},{"not_picked":["HollowMod:CloakDash","HollowMod:ShadowDash"],"picked":"HollowMod:PerfectDash","floor":28},{"not_picked":["HollowMod:MothsMistake","HollowMod:NewJinnsSoul"],"picked":"HollowMod:SharpenedNail+1","floor":31}],"player_experience":218807,"relics_obtained":[{"floor":6,"key":"Lantern"},{"floor":9,"key":"PreservedInsect"},{"floor":10,"key":"Incense Burner"},{"floor":20,"key":"HollowMod:GreatKnightMask"},{"floor":23,"key":"Art of War"},{"floor":26,"key":"Ornamental Fan"},{"floor":27,"key":"Juzu Bracelet"},{"floor":28,"key":"Red Mask"}],"event_choices":[{"cards_removed":["HollowMod:SoulStrike"],"damage_healed":0,"gold_gain":0,"player_choice":"Gave Card","damage_taken":0,"relics_obtained":["Orichalcum"],"max_hp_gain":0,"max_hp_loss":0,"event_name":"WeMeetAgain","floor":5,"gold_loss":0},{"damage_healed":0,"gold_gain":0,"player_choice":"Fought Bandits","damage_taken":0,"max_hp_gain":0,"max_hp_loss":0,"event_name":"Masked Bandits","floor":28,"gold_loss":0},{"damage_healed":0,"gold_gain":0,"player_choice":"Inject Mutagens","damage_taken":0,"relics_obtained":["MutagenicStrength"],"max_hp_gain":0,"max_hp_loss":0,"event_name":"Drug Dealer","floor":29,"gold_loss":0}],"is_beta":false,"boss_relics":[{"not_picked":["Velvet Choker","Sozu"],"picked":"SlaversCollar"}],"items_purged_floors":[2,24],"is_endless":false,"potions_floor_spawned":[1,3,11,12,13,14,18,20,21,27,31],"killed_by":"Automaton","ascension_level":0}}