{"host":"kh1j1cf337zr4nij","time":1609228740,"event":{"mods":["2.2 Compatiblity","AchievementEnabler","Act Like it!","Aspiration","BaseMod","Beaked The Cultist","Bestiary","CCEM","Colored Map","Colored Powertips","Conspire","Downfall","Energized Spire","Fireblade Mod","Friendly Minions","FruityMod","GifTheSpireLib","Glutton Mod","Halation","Hermit","Highlight Path","Hubris","Jedi Mod","JesterMod","Mad Scientist","Marisa????????","Melee Mod","Minty Spire (QoL Compilation)","Quick Restart","Random Character Button","Relic Stats","Replay The Spire","Shade Mod","Slumbering Mod","Spikes Relics","StSLib","Stuff the Spire","SuperFastMode","Synergy Search","The Blackbeard","The Clintock","The Construct","The Cursed","The Disciple","The Druid","The Forsaken","The Hierophant","The Judge","The Juggle","The Mystic","The Necromancer","The Runesmith","The Servant 0.9.4","The Spell Scribe","The Valiant","TheFirefly","Trackpad","vexMod"],"gold_per_floor":[99,114,129,148,148,148,173,183,183,195,210,210,210],"floor_reached":12,"playtime":728,"items_purged":[],"score":122,"play_id":"721028ff-e4b0-41b0-a383-40ca2cca1ee1","local_time":"20201229025900","is_ascension_mode":false,"campfire_choices":[{"floor":1,"key":"RECALL"}],"circlet_count":0,"master_deck":["conspire:GhostlyStrike","conspire:GhostlyStrike","conspire:GhostlyStrike","conspire:GhostlyStrike","conspire:GhostlyDefend","conspire:GhostlyDefend","conspire:GhostlyDefend","conspire:GhostlyDefend","clintock:BaseSynthesis","clintock:ATPReserves","clintock:Obstruct","clintock:BaseSynthesis","clintock:BiolelePrime","clintock:DealersLuck","clintock:Ketosis"],"relics":["clintock:BiomoleculePool","trackpad:SappingStone"],"acts_visited":["Exordium"],"potions_floor_usage":[],"damage_taken":[{"damage":0,"enemies":"Small Slimes","floor":2,"turns":3},{"damage":2,"enemies":"2 Louse","floor":3,"turns":4},{"damage":0,"enemies":"conspire:RoseBush","floor":4,"turns":5},{"damage":0,"enemies":"Exordium Wildlife","floor":8,"turns":5},{"damage":16,"enemies":"Blue Slaver","floor":10,"turns":6},{"damage":10,"enemies":"3 Louse","floor":11,"turns":5},{"damage":12,"enemies":"Gremlin Nob","floor":12,"turns":3}],"seed_played":"-8095192404781752065","potions_obtained":[{"floor":3,"key":"Energy Potion"},{"floor":8,"key":"Elixir"},{"floor":10,"key":"LifebloodPotion"}],"is_trial":false,"path_per_floor":["R","M","M","M","?","?","T","M","?","M","M","E"],"character_chosen":"CLINTOCK_CLASS","items_purchased":[],"campfire_rested":0,"item_purchase_floors":[],"current_hp_per_floor":[88,88,86,86,86,86,86,86,86,70,60,48,48],"gold":210,"neow_bonus":"TEN_PERCENT_HP_BONUS","is_daily":false,"chose_seed":false,"campfire_upgraded":0,"win_rate":0.0,"timestamp":1609228740,"path_taken":["R","M","M","M","?","?","T","M","?","?","M","E"],"items_purchased_type":[],"build_version":"2020-12-22","purchased_purges":0,"victory":false,"max_hp_per_floor":[88,88,88,88,88,88,88,88,88,88,88,88,88],"relic_stats":{"counters":[7,31],"obtain_stats":[{"clintock:BiomoleculePool":0,"trackpad:SappingStone":7},{"clintock:BiomoleculePool":0,"trackpad:SappingStone":3},{"clintock:BiomoleculePool":0,"trackpad:SappingStone":12}]},"card_choices":[{"not_picked":["clintock:Jab","clintock:DAMP"],"picked":"clintock:ATPReserves","floor":2},{"not_picked":["clintock:Deoxyadenosine","clintock:Jab"],"picked":"clintock:Obstruct","floor":3},{"not_picked":["clintock:ATPReserves","clintock:Polymerize","clintock:VectorFlow"],"picked":"SKIP","floor":4},{"not_picked":["clintock:Centrifuge","clintock:DegradedPrimer","clintock:Deoxyadenosine"],"picked":"SKIP","floor":8},{"not_picked":["clintock:VectorFlow","clintock:Obstruct","clintock:DegradedPrimer"],"picked":"SKIP","floor":10},{"not_picked":["clintock:DegradedPrimer","clintock:VectorFlow"],"picked":"clintock:Ketosis","floor":11}],"player_experience":30713,"relics_obtained":[{"floor":7,"key":"trackpad:SappingStone"}],"event_choices":[{"cards_removed":["clintock:Replenish"],"damage_healed":0,"gold_gain":0,"player_choice":"Card Removal","damage_taken":0,"max_hp_gain":0,"max_hp_loss":0,"event_name":"The Cleric","floor":5,"gold_loss":0},{"damage_healed":0,"gold_gain":0,"player_choice":"Agree","damage_taken":0,"max_hp_gain":0,"max_hp_loss":0,"event_name":"conspire:LoneGhost","floor":6,"gold_loss":0}],"is_beta":false,"boss_relics":[],"items_purged_floors":[],"is_endless":false,"potions_floor_spawned":[3,8,10,11],"killed_by":"Gremlin Nob","ascension_level":0}}