{"host":"sc0o2qwpf9j16a4i","time":1609282278,"event":{"mods":["AchievementEnabler","BaseMod","BetterRewards","Block Reminder","Colored Map","Colored Powertips","Custom Start","Highlight Path","Minty Spire (QoL Compilation)","Relic Stats"],"gold_per_floor":[119,119,119,36,60,60,94,19,19,44,65,81,104,104,104],"floor_reached":14,"playtime":299,"items_purged":["Strike_G"],"score":184,"play_id":"4d983c42-4ffd-4430-9017-25b226b0017c","local_time":"20201230005118","is_ascension_mode":true,"campfire_choices":[{"floor":6,"key":"REST"}],"circlet_count":0,"master_deck":["AscendersBane","Strike_G","Strike_G","Strike_G","Strike_G","Defend_G","Defend_G","Defend_G","Defend_G","Defend_G","Survivor","Neutralize+1","Finisher","Infinite Blades","Dagger Spray","Cloak And Dagger","Footwork","Calculated Gamble","Escape Plan","Deflect"],"relics":["Ring of the Snake","Bag of Marbles","Golden Idol","Strawberry","Girya"],"acts_visited":["Exordium"],"potions_floor_usage":[7,14],"damage_taken":[{"damage":0,"enemies":"2 Louse","floor":1,"turns":3},{"damage":0,"enemies":"Jaw Worm","floor":5,"turns":1},{"damage":14,"enemies":"3 Sentries","floor":7,"turns":7},{"damage":0,"enemies":"Small Slimes","floor":10,"turns":3},{"damage":0,"enemies":"Looter","floor":11,"turns":3},{"damage":0,"enemies":"Exordium Thugs","floor":12,"turns":5},{"damage":0,"enemies":"3 Louse","floor":13,"turns":3},{"damage":42,"enemies":"Gremlin Nob","floor":14,"turns":4}],"seed_played":"-1183207748017514601","potions_obtained":[{"floor":1,"key":"DistilledChaos"},{"floor":11,"key":"EssenceOfSteel"}],"is_trial":false,"path_per_floor":["M","?","?","$","M","R","E","$","T","M","M","M","M","E"],"character_chosen":"THE_SILENT","items_purchased":["Infinite Blades"],"campfire_rested":1,"item_purchase_floors":[4],"current_hp_per_floor":[59,24,24,24,24,42,35,35,35,35,35,35,35,0,0],"gold":104,"neow_bonus":"UPGRADE_CARD","is_daily":false,"chose_seed":false,"campfire_upgraded":0,"win_rate":0.0,"timestamp":1609282278,"path_taken":["M","?","?","$","M","R","E","$","T","M","M","M","?","E"],"items_purchased_type":["Card"],"build_version":"2020-12-22","purchased_purges":1,"victory":false,"max_hp_per_floor":[66,66,60,60,60,60,67,67,67,67,67,67,67,67,67],"relic_stats":{"counters":[8,29],"Golden Idol":29,"obtain_stats":[{"Girya":9,"Golden Idol":3,"Strawberry":7,"Bag of Marbles":2,"Ring of the Snake":0},{"Girya":3,"Golden Idol":1,"Strawberry":3,"Bag of Marbles":1,"Ring of the Snake":0},{"Girya":11,"Golden Idol":3,"Strawberry":11,"Bag of Marbles":3,"Ring of the Snake":0}],"Ring of the Snake":[16]},"card_choices":[{"not_picked":["Slice","Underhanded Strike"],"picked":"Finisher","floor":1},{"not_picked":["Outmaneuver","Flying Knee"],"picked":"Dagger Spray","floor":5},{"not_picked":["Slice","PiercingWail"],"picked":"Cloak And Dagger","floor":7},{"not_picked":["Leg Sweep","Terror"],"picked":"Footwork","floor":10},{"not_picked":["Deflect","Finisher"],"picked":"Calculated Gamble","floor":11},{"not_picked":["Dodge and Roll","Bane"],"picked":"Escape Plan","floor":12},{"not_picked":["Poisoned Stab","Sucker Punch"],"picked":"Deflect","floor":13}],"player_experience":422783,"relics_obtained":[{"floor":7,"key":"Strawberry"},{"floor":9,"key":"Girya"}],"event_choices":[{"damage_healed":0,"gold_gain":0,"player_choice":"Success","damage_taken":35,"relics_obtained":["Bag of Marbles"],"max_hp_gain":0,"max_hp_loss":0,"event_name":"Scrap Ooze","floor":2,"gold_loss":0},{"damage_healed":0,"gold_gain":0,"player_choice":"Lose Max HP","damage_taken":0,"relics_obtained":["Golden Idol"],"max_hp_gain":0,"max_hp_loss":6,"event_name":"Golden Idol","floor":3,"gold_loss":0}],"is_beta":false,"boss_relics":[],"items_purged_floors":[8],"is_endless":false,"potions_floor_spawned":[1,11],"killed_by":"Gremlin Nob","ascension_level":20}}