{"host":"grli52lbdph2722t","time":1609228248,"event":{"mods":["AchievementEnabler","BaseMod","Downfall","Minty Spire (QoL Compilation)","Quick Restart","StSLib"],"gold_per_floor":[99,110,210,226,226,237,261,286,66,166,195,213,247,247,261,364,364,214,489,374,388,104,132,132,144,144,161,181,208,208,208,208],"floor_reached":30,"playtime":1655,"items_purged":["champ:Strike","Regret","champ:Strike"],"score":471,"play_id":"eadc23ac-b40d-4bb6-8cd5-df889489de9c","local_time":"20201229085048","is_ascension_mode":true,"campfire_choices":[{"data":"champ:Taunt","floor":1.0,"key":"SMITH"},{"data":"champ:StrikeOfGenius","floor":18,"key":"SMITH"},{"floor":26,"key":"REST"}],"circlet_count":0,"master_deck":["AscendersBane","champ:Strike","champ:Strike","champ:Defend","champ:Defend","champ:Defend","champ:Defend","champ:Execute","champ:Taunt+1","champ:RecklessLeap","champ:AdrenalArmor","champ:GladiatorStyle","champ:StanceDance","champ:ShieldThrow","champ:GladiatorStyle","champ:FanOfKnives","champ:Aggression","champ:StrikeOfGenius+1","champ:DefensiveStyle","champ:EndlessRage","champ:StrikeOfGenius","champ:CalledShot+1","champ:BringItOn"],"relics":["SlaversCollar","champ:LiftRelic","Mummified Hand","CloakClasp","Anchor","Blue Candle","Black Star","downfall:HeartBlessingGreen","downfall:HeartBlessingBlue","Smiling Mask","Singing Bowl","Gremlin Horn","Happy Flower","FossilizedHelix"],"acts_visited":["Exordium","TheCity"],"potions_floor_usage":[11,11,16,22,23,29],"damage_taken":[{"damage":17.0,"enemies":"Jaw Worm","floor":2.0,"turns":5.0},{"damage":22.0,"enemies":"Small Slimes","floor":4.0,"turns":3.0},{"damage":20.0,"enemies":"2 Louse","floor":6.0,"turns":2.0},{"damage":33.0,"enemies":"3 Sentries","floor":8.0,"turns":7.0},{"damage":24.0,"enemies":"downfall:FleeingMerchant","floor":9.0,"turns":4.0},{"damage":25.0,"enemies":"downfall:FleeingMerchant","floor":10.0,"turns":6.0},{"damage":24,"enemies":"Gremlin Nob","floor":11,"turns":3},{"damage":4,"enemies":"2 Fungi Beasts","floor":12,"turns":2},{"damage":32,"enemies":"Lagavulin","floor":13,"turns":5},{"damage":18,"enemies":"Exordium Wildlife","floor":15,"turns":4},{"damage":75,"enemies":"downfall:Defect","floor":16,"turns":8},{"damage":40,"enemies":"downfall:FleeingMerchant","floor":20,"turns":4},{"damage":20,"enemies":"Chosen","floor":21,"turns":3},{"damage":18,"enemies":"downfall:FleeingMerchant","floor":22,"turns":4},{"damage":54,"enemies":"Slavers","floor":23,"turns":5},{"damage":32,"enemies":"Shell Parasite","floor":25,"turns":7},{"damage":55,"enemies":"Cultist and Chosen","floor":27,"turns":5},{"damage":23,"enemies":"Centurion and Healer","floor":28,"turns":5},{"damage":29,"enemies":"Gremlin Leader","floor":29,"turns":4},{"damage":19,"enemies":"Shelled Parasite and Fungi","floor":30,"turns":3}],"seed_played":"294562845160384625","potions_obtained":[{"floor":6.0,"key":"SpeedPotion"},{"floor":8.0,"key":"DuplicationPotion"},{"floor":10.0,"key":"Regen Potion"},{"floor":11,"key":"champ:CounterPotion"},{"floor":12,"key":"SkillPotion"},{"floor":21,"key":"ColorlessPotion"},{"floor":25,"key":"DistilledChaos"},{"floor":27,"key":"Swift Potion"},{"floor":29,"key":"DuplicationPotion"}],"is_trial":false,"path_per_floor":["R","M","?","M","?","M","T","E","$","?","E","M","E","?","M","B",null,"R","?","$","M","$","E","T","M","R","M","M","E","M"],"character_chosen":"THE_CHAMP","items_purchased":["champ:GladiatorStyle","champ:FanOfKnives","champ:StrikeOfGenius"],"campfire_rested":1,"item_purchase_floors":[9,9,22],"current_hp_per_floor":[81,74,74,67,67,62,62,53,53,38,43,43,31,61,60,11,70,80,80,62,62,62,33,33,18,48,24,22,16,0,0,0],"gold":208,"neow_bonus":"BOSS_RELIC","is_daily":false,"chose_seed":false,"campfire_upgraded":2,"win_rate":0.0,"timestamp":1609228248,"path_taken":["R","M","?","M","?","M","T","E","$","?","E","M","E","?","M","BOSS","R","?","?","M","$","E","T","M","R","M","M","E","M"],"items_purchased_type":["Card","Card","Card"],"build_version":"2020-12-22","purchased_purges":3,"victory":false,"max_hp_per_floor":[90,90,90,90,90,90,90,90,90,90,90,90,90,90,90,90,90,100,100,100,100,100,102,102,102,102,104,104,106,106,106,106],"card_choices":[{"not_picked":["champ:CrookedStrike","champ:Lariat"],"picked":"champ:RecklessLeap","floor":2.0},{"not_picked":["champ:CrookedStrike","champ:FlashCut"],"picked":"champ:AdrenalArmor","floor":4.0},{"not_picked":["champ:EnragedBash","champ:Shatter"],"picked":"champ:GladiatorStyle","floor":6.0},{"not_picked":["champ:ShieldSigil","champ:Riposte"],"picked":"champ:StanceDance","floor":8.0},{"not_picked":["champ:GladiatorsShout","champ:TornadoPunch"],"picked":"champ:ShieldThrow","floor":9.0},{"not_picked":["champ:FocusedDefense","champ:BringItOn"],"picked":"champ:Aggression","floor":10.0},{"not_picked":["champ:ShieldSlam","champ:Encircle","champ:AdrenalArmor"],"picked":"SKIP","floor":11},{"not_picked":["champ:BerserkersShout","champ:TornadoPunch","champ:FlashCut"],"picked":"SKIP","floor":12},{"not_picked":["champ:ShieldSigil","champ:Shatter","champ:RecklessLeap"],"picked":"SKIP","floor":13},{"not_picked":["champ:BerserkersShout","champ:TornadoPunch","champ:DefensiveShout"],"picked":"SKIP","floor":15},{"not_picked":["champ:EnchantSword","champ:HoldFirm"],"picked":"champ:StrikeOfGenius","floor":16},{"not_picked":["champ:BerserkersShout+1","champ:FightOn"],"picked":"champ:DefensiveStyle","floor":20},{"not_picked":["champ:Shatter","champ:RapidStrikes","champ:AdrenalArmor"],"picked":"SKIP","floor":21},{"not_picked":["champ:Circumvent+1","champ:FlashCut"],"picked":"champ:EndlessRage","floor":22},{"not_picked":["champ:DefensiveShout","champ:BladeFlurry","champ:Backstep"],"picked":"Singing Bowl","floor":23},{"not_picked":["champ:BringItOn","champ:FlashCut"],"picked":"champ:CalledShot+1","floor":25},{"not_picked":["champ:Backstep","champ:Encircle","champ:FlashCut"],"picked":"Singing Bowl","floor":27},{"not_picked":["champ:HeartStrike","champ:RageSigil"],"picked":"champ:BringItOn","floor":28},{"not_picked":["champ:StanceDance+1","champ:ViciousMockery","champ:Shatter"],"picked":"Singing Bowl","floor":29}],"player_experience":4927115,"relics_obtained":[{"floor":8.0,"key":"Mummified Hand"},{"floor":10.0,"key":"CloakClasp"},{"floor":11,"key":"Anchor"},{"floor":13,"key":"Blue Candle"},{"floor":23,"key":"Smiling Mask"},{"floor":23,"key":"Singing Bowl"},{"floor":24,"key":"Gremlin Horn"},{"floor":29,"key":"Happy Flower"},{"floor":29,"key":"FossilizedHelix"}],"event_choices":[{"damage_healed":30,"gold_gain":0,"player_choice":"Banana","damage_taken":0,"max_hp_gain":0,"max_hp_loss":0,"event_name":"Big Fish","floor":14,"gold_loss":0}],"is_beta":false,"boss_relics":[{"not_picked":["Empty Cage","Calling Bell"],"picked":"Black Star"}],"items_purged_floors":[9,20,22],"is_endless":false,"potions_floor_spawned":[6,8,10,11,12,21,25,27,28,29],"killed_by":"Shelled Parasite and Fungi","ascension_level":11}}