{"host":"e1gibo0yuvs2h8od","time":1609203379,"event":{"mods":["2.2 Compatiblity","Abigail Mod","Act Like it!","BaseMod","Block Reminder","DeckTracker","Friendly Minions","KinomotoSakuraMod(????)","Marisa????????","Minty Spire (QoL Compilation)","Pale of the Ancients","Prisma Mod","Quick Restart","Reimu??????","Remove Card Discount Mod","StSLib","The Disciple","The Jungle","The Senshi","The Servant 0.9.4","TheFirefly","Wandering Minibosses"],"gold_per_floor":[111,111,0,16,34,34,34,69,69,104,117,127,147,147,147,251,251,262,275,286,311,156,156,181,181,207,222,240,95,10,30,30,128,128,140,140,156,35,48,78,78,92,146,146,68,81,81,98,98,98,98],"floor_reached":50,"playtime":3738,"items_purged":["Strike_R","Defend_R","Defend_R","Strike_R","Strike_R","Strike_R","Strike_R","Defend_R","Defend_R","Bash"],"score":531,"play_id":"6032fcdf-2cc0-498f-8bc7-9d6a4f899e86","local_time":"20201229005619","is_ascension_mode":false,"campfire_choices":[{"floor":6,"key":"RECALL"},{"data":"Infernal Blade","floor":15,"key":"SMITH"},{"data":"Ghostly Armor","floor":23,"key":"SMITH"},{"data":"Whirlwind","floor":25,"key":"SMITH"},{"data":"Seeing Red","floor":32,"key":"SMITH"},{"data":"Demon Form","floor":41,"key":"SMITH"},{"data":"Anger","floor":44,"key":"SMITH"},{"floor":49,"key":"REST"}],"circlet_count":0,"master_deck":["Heavy Blade","Anger+1","Armaments+1","Infernal Blade+1","Shrug It Off+1","Ghostly Armor+1","Whirlwind+1","Rampage","Pommel Strike+1","Shrug It Off","Seeing Red+1","Inflame","Demon Form+1","Clash","Swift Strike","Dramatic Entrance","Flex+1"],"relics":["Burning Blood","Torii","Blue Candle","SlaversCollar","theSenshi:SailorFukuRelic","Kunai","Omamori","Bag of Preparation","Busted Crown","The Courier","Orichalcum"],"acts_visited":["Exordium","TheCity","TheBeyond"],"potions_floor_usage":[16,31,37],"damage_taken":[{"damage":2,"enemies":"2 Louse","floor":1,"turns":3},{"damage":5,"enemies":"Jaw Worm","floor":4,"turns":4},{"damage":0,"enemies":"Cultist","floor":5,"turns":2},{"damage":20,"enemies":"Gremlin Nob","floor":8,"turns":4},{"damage":20,"enemies":"3 Sentries","floor":10,"turns":8},{"damage":1,"enemies":"Exordium Thugs","floor":11,"turns":4},{"damage":1,"enemies":"Looter","floor":12,"turns":2},{"damage":33,"enemies":"Exordium Wildlife","floor":13,"turns":6},{"damage":45,"enemies":"Hexaghost","floor":16,"turns":9},{"damage":33,"enemies":"Chosen","floor":18,"turns":5},{"damage":15,"enemies":"3 Byrds","floor":19,"turns":5},{"damage":6,"enemies":"Cultist and Chosen","floor":20,"turns":8},{"damage":51,"enemies":"Gremlin Leader","floor":24,"turns":8},{"damage":2,"enemies":"Centurion and Healer","floor":27,"turns":9},{"damage":13,"enemies":"3 Cultists","floor":28,"turns":6},{"damage":0,"enemies":"Shelled Parasite and Fungi","floor":31,"turns":6},{"damage":43,"enemies":"Automaton","floor":33,"turns":7},{"damage":1,"enemies":"3 Darklings","floor":35,"turns":3},{"damage":18,"enemies":"Orb Walker","floor":37,"turns":4},{"damage":7,"enemies":"Maw","floor":39,"turns":6},{"damage":49,"enemies":"Nemesis","floor":40,"turns":5},{"damage":17,"enemies":"3 Darklings","floor":42,"turns":5},{"damage":1,"enemies":"Spire Growth","floor":46,"turns":4},{"damage":25,"enemies":"Jaw Worm Horde","floor":48,"turns":2},{"damage":58,"enemies":"Donu and Deca","floor":50,"turns":4}],"seed_played":"-4737509551802829711","potions_obtained":[{"floor":4,"key":"Regen Potion"},{"floor":10,"key":"ColorlessPotion"},{"floor":12,"key":"Swift Potion"},{"floor":16,"key":"Fruit Juice"},{"floor":20,"key":"SneckoOil"},{"floor":24,"key":"EssenceOfSteel"},{"floor":37,"key":"Fruit Juice"},{"floor":39,"key":"Regen Potion"},{"floor":46,"key":"EssenceOfSteel"}],"is_trial":false,"path_per_floor":["M","?","$","M","M","R","?","E","T","E","M","M","M","?","R","B",null,"M","M","M","T","$","R","E","R","T","M","M","$","?","M","R","B",null,"M","?","M","$","M","E","R","M","T","R","$","M","?","M","R","B"],"character_chosen":"IRONCLAD","items_purchased":["Anger","Armaments","Whirlwind","Rampage","Seeing Red","Inflame","Clash","Swift Strike","Dramatic Entrance"],"campfire_rested":1,"item_purchase_floors":[3,3,22,22,29,29,38,38,45],"current_hp_per_floor":[88,88,88,88,88,88,88,81,81,71,76,81,64,64,64,35,93,67,64,69,69,69,69,36,36,36,44,49,49,49,74,74,43,93,93,93,86,86,85,42,42,31,31,31,31,36,36,17,46,0,0],"gold":98,"neow_bonus":"TEN_PERCENT_HP_BONUS","is_daily":false,"chose_seed":false,"campfire_upgraded":6,"win_rate":0.0,"timestamp":1609203379,"path_taken":["M","?","$","M","M","R","?","E","T","E","?","M","M","?","R","BOSS","M","M","M","?","$","R","E","R","T","M","M","$","?","M","R","BOSS","M","?","M","$","M","E","R","M","T","R","$","M","?","M","R","BOSS"],"items_purchased_type":["Card","Card","Card","Card","Card","Card","Card","Card","Card"],"build_version":"2020-12-22","purchased_purges":10,"victory":false,"max_hp_per_floor":[88,88,88,88,88,88,88,88,88,88,88,88,88,88,88,93,93,93,93,93,93,93,93,93,93,93,93,93,93,93,93,93,93,93,93,93,98,98,98,98,98,98,98,98,98,98,98,98,98,98,98],"card_choices":[{"not_picked":["Fire Breathing","True Grit"],"picked":"Heavy Blade","floor":1},{"not_picked":["Headbutt","True Grit","Sever Soul"],"picked":"SKIP","floor":4},{"not_picked":["Body Slam","Dark Embrace"],"picked":"Reaper","floor":5},{"not_picked":["Cleave","Burning Pact"],"picked":"Infernal Blade","floor":8},{"not_picked":["Thunderclap","Cleave","Wild Strike"],"picked":"SKIP","floor":10},{"not_picked":["Headbutt","True Grit","Cleave"],"picked":"SKIP","floor":11},{"not_picked":["Perfected Strike","Clothesline","Wild Strike"],"picked":"SKIP","floor":12},{"not_picked":["Perfected Strike","Pummel","Clothesline"],"picked":"SKIP","floor":13},{"not_picked":["Perfected Strike+1","Havoc","Thunderclap+1"],"picked":"SKIP","floor":18},{"not_picked":["Armaments+1","Anger+1"],"picked":"Shrug It Off+1","floor":19},{"not_picked":["True Grit","Flex"],"picked":"Ghostly Armor","floor":20},{"not_picked":["Second Wind","Rupture+1","Body Slam"],"picked":"SKIP","floor":24},{"not_picked":["Feel No Pain","Dual Wield"],"picked":"Pommel Strike+1","floor":27},{"not_picked":["Bludgeon","Infernal Blade+1"],"picked":"Shrug It Off","floor":28},{"not_picked":["Shrug It Off","Clothesline","Burning Pact"],"picked":"SKIP","floor":31},{"not_picked":["Feed","Brutality"],"picked":"Demon Form","floor":33},{"not_picked":["Havoc"],"picked":"SKIP","floor":35},{"not_picked":["Thunderclap"],"picked":"SKIP","floor":37},{"not_picked":["Havoc"],"picked":"SKIP","floor":39},{"not_picked":["Thunderclap+1"],"picked":"SKIP","floor":40},{"not_picked":["Dark Embrace+1"],"picked":"SKIP","floor":42},{"not_picked":["Burning Pact"],"picked":"SKIP","floor":46},{"not_picked":[],"picked":"Flex+1","floor":48}],"player_experience":923327,"relics_obtained":[{"floor":8,"key":"Torii"},{"floor":10,"key":"Blue Candle"},{"floor":21,"key":"theSenshi:SailorFukuRelic"},{"floor":24,"key":"Kunai"},{"floor":26,"key":"Omamori"},{"floor":40,"key":"The Courier"},{"floor":43,"key":"Orichalcum"}],"event_choices":[{"damage_healed":0,"gold_gain":0,"player_choice":"Fled","damage_taken":0,"max_hp_gain":0,"max_hp_loss":0,"event_name":"Scrap Ooze","floor":2,"gold_loss":0},{"damage_healed":0,"gold_gain":0,"player_choice":"Grow","damage_taken":0,"max_hp_gain":0,"max_hp_loss":0,"event_name":"Living Wall","floor":7,"gold_loss":0,"cards_upgraded":["Armaments"]},{"damage_healed":0,"gold_gain":0,"player_choice":"Ignored","damage_taken":0,"max_hp_gain":0,"max_hp_loss":0,"event_name":"Transmorgrifier","floor":14,"gold_loss":0},{"damage_healed":0,"gold_gain":0,"player_choice":"Obtained Relic","damage_taken":0,"relics_obtained":["Bag of Preparation"],"max_hp_gain":0,"max_hp_loss":0,"event_name":"Addict","floor":30,"gold_loss":85},{"cards_removed":["Reaper"],"damage_healed":0,"gold_gain":0,"player_choice":"Removed Attack","damage_taken":0,"max_hp_gain":0,"max_hp_loss":0,"event_name":"Falling","floor":36,"gold_loss":0},{"damage_healed":0,"gold_gain":0,"player_choice":"Memory 1","damage_taken":0,"max_hp_gain":0,"max_hp_loss":0,"event_name":"SensoryStone","floor":47,"gold_loss":0}],"is_beta":false,"boss_relics":[{"not_picked":["Astrolabe","Pandora\u0027s Box"],"picked":"SlaversCollar"},{"not_picked":["Snecko Eye","Velvet Choker"],"picked":"Busted Crown"}],"items_purged_floors":[3,3,3,3,3,22,22,29,29,29],"is_endless":false,"potions_floor_spawned":[4,10,12,13,16,20,24,27,28,37,39,46,48],"killed_by":"Donu and Deca","ascension_level":0}}