{"host":"vyt5ne9ydo1z9gg1","time":1609222850,"event":{"mods":["BaseMod","Curses Come First","GifTheSpireLib","Minty Spire (QoL Compilation)","StSLib"],"gold_per_floor":[119,139,155,26,42,42,70,70,97,19,37,65,85,85,85,215,278,303,327,6,6,6,6],"floor_reached":22,"playtime":1087,"items_purged":["Strike_G","Strike_G"],"score":255,"play_id":"65323e57-9766-45d1-a72b-679d51372ed9","local_time":"20201229172050","is_ascension_mode":true,"campfire_choices":[{"floor":6,"key":"REST"},{"data":"Poisoned Stab","floor":8,"key":"SMITH"},{"floor":15,"key":"REST"}],"circlet_count":0,"master_deck":["Strike_G","Strike_G","Strike_G","Defend_G","Defend_G","Defend_G+1","Defend_G","Defend_G","Survivor","Neutralize","Crippling Poison+1","Backflip+1","Poisoned Stab+1","Quick Slash","Deadly Poison","Burst","Catalyst","Tools of the Trade","Noxious Fumes","Bouncing Flask","Footwork","Pain"],"relics":["SacredBark","War Paint","Snake Skull","Paper Crane","Golden Idol","Tiny House","TwistedFunnel","WarpedTongs"],"acts_visited":["Exordium","TheCity"],"potions_floor_usage":[7,12,16],"damage_taken":[{"damage":0,"enemies":"Small Slimes","floor":1,"turns":3},{"damage":2,"enemies":"Cultist","floor":2,"turns":5},{"damage":3,"enemies":"Jaw Worm","floor":3,"turns":5},{"damage":25,"enemies":"Exordium Thugs","floor":5,"turns":6},{"damage":26,"enemies":"Gremlin Nob","floor":7,"turns":4},{"damage":8,"enemies":"Looter","floor":11,"turns":3},{"damage":15,"enemies":"Lagavulin","floor":12,"turns":5},{"damage":2,"enemies":"3 Louse","floor":13,"turns":2},{"damage":21,"enemies":"The Guardian","floor":16,"turns":7},{"damage":6,"enemies":"Spheric Guardian","floor":18,"turns":5},{"damage":48,"enemies":"3 Byrds","floor":19,"turns":6},{"damage":17,"enemies":"Snecko","floor":22,"turns":4}],"seed_played":"7690939683671178572","potions_obtained":[{"floor":1,"key":"Regen Potion"},{"floor":3,"key":"SkillPotion"},{"floor":7,"key":"Weak Potion"},{"floor":12,"key":"AttackPotion"},{"floor":17,"key":"SpeedPotion"}],"is_trial":false,"path_per_floor":["M","M","M","$","M","R","E","R","T","?","M","E","M","?","R","B",null,"M","M","$","?","M"],"character_chosen":"THE_SILENT","items_purchased":["Quick Slash","TwistedFunnel","Footwork"],"campfire_rested":2,"item_purchase_floors":[4,20,20],"current_hp_per_floor":[63,61,58,58,33,54,55,55,55,55,47,32,30,30,49,28,61,55,7,7,7,0,0],"gold":6,"neow_bonus":"BOSS_RELIC","is_daily":false,"chose_seed":false,"campfire_upgraded":1,"win_rate":0.0,"timestamp":1609222850,"path_taken":["M","M","M","$","M","R","E","R","T","?","M","E","?","?","R","BOSS","M","M","$","?","?"],"items_purchased_type":["Card","Relic","Card"],"build_version":"2020-12-22","purchased_purges":2,"victory":false,"max_hp_per_floor":[70,70,70,70,70,70,70,70,70,70,70,70,70,65,65,65,70,70,70,70,70,70,70],"card_choices":[{"not_picked":["Eviscerate","Caltrops"],"picked":"Crippling Poison","floor":1},{"not_picked":["Flying Knee","All Out Attack"],"picked":"Backflip","floor":2},{"not_picked":["Dodge and Roll","Terror"],"picked":"Poisoned Stab","floor":3},{"not_picked":["Slice","Tactician"],"picked":"Deadly Poison","floor":5},{"not_picked":["Cloak And Dagger","Terror"],"picked":"Burst","floor":7},{"not_picked":["Dodge and Roll","Finisher","Underhanded Strike"],"picked":"SKIP","floor":11},{"not_picked":["Outmaneuver","Poisoned Stab"],"picked":"Catalyst","floor":12},{"not_picked":["Backstab","Cloak And Dagger","Acrobatics"],"picked":"SKIP","floor":13},{"not_picked":["Glass Knife","Bullet Time"],"picked":"Tools of the Trade","floor":16},{"not_picked":["All Out Attack","Well Laid Plans"],"picked":"Noxious Fumes","floor":17},{"not_picked":["Dodge and Roll","Choke","Infinite Blades"],"picked":"SKIP","floor":18},{"not_picked":["Slice","Choke+1"],"picked":"Bouncing Flask","floor":19}],"player_experience":185074,"relics_obtained":[{"floor":7,"key":"War Paint"},{"floor":12,"key":"Paper Crane"}],"event_choices":[{"damage_healed":0,"gold_gain":0,"player_choice":"Paid Gold","damage_taken":0,"relics_obtained":["Snake Skull"],"max_hp_gain":0,"max_hp_loss":0,"event_name":"WeMeetAgain","floor":10,"gold_loss":78},{"damage_healed":0,"gold_gain":0,"player_choice":"Lose Max HP","damage_taken":0,"relics_obtained":["Golden Idol"],"max_hp_gain":0,"max_hp_loss":5,"event_name":"Golden Idol","floor":14,"gold_loss":0},{"damage_healed":0,"gold_gain":0,"player_choice":"Rummage","damage_taken":0,"relics_obtained":["WarpedTongs"],"max_hp_gain":0,"max_hp_loss":0,"event_name":"Accursed Blacksmith","floor":21,"gold_loss":0,"cards_obtained":["Pain"]}],"is_beta":false,"boss_relics":[{"not_picked":["Fusion Hammer","Snecko Eye"],"picked":"Tiny House"}],"items_purged_floors":[4,20],"is_endless":false,"potions_floor_spawned":[1,3,7,12],"killed_by":"Snecko","ascension_level":6}}