{"host":"r53pw7z744tg3fxg","time":1609201990,"event":{"mods":["AchievementEnabler","BaseMod","Colored Map","Colored Powertips","Highlight Path","Minty Spire (QoL Compilation)","Quick Restart","Transform Curses"],"gold_per_floor":[115,126,142,142,142,142,472,498,498,498,498,514,557,578,578,698,698,711,724,743,743,743],"floor_reached":21,"playtime":765,"items_purged":[],"score":374,"play_id":"2ecdf085-9731-472a-9ef0-933a3c1e03a2","local_time":"20201228173310","is_ascension_mode":true,"campfire_choices":[{"floor":6.0,"key":"REST"},{"floor":10.0,"key":"REST"},{"floor":15.0,"key":"REST"}],"circlet_count":0,"master_deck":["AscendersBane","Strike_P","Strike_P","Strike_P","Strike_P","Defend_P","Defend_P","Defend_P","Defend_P","Eruption","Vigilance","Evaluate","CarveReality","ClearTheMind","Swift Strike","Crescendo","Injury","FearNoEvil","ThirdEye","Devotion","DeusExMachina","LikeWater","Prostrate","EmptyFist"],"relics":["PureWater","Juzu Bracelet","Old Coin","Peace Pipe","StrikeDummy","Golden Idol","Damaru","SacredBark"],"acts_visited":["Exordium","TheCity"],"potions_floor_usage":[],"damage_taken":[{"damage":2.0,"enemies":"Small Slimes","floor":1.0,"turns":4.0},{"damage":10.0,"enemies":"Cultist","floor":2.0,"turns":6.0},{"damage":9.0,"enemies":"2 Louse","floor":3.0,"turns":3.0},{"damage":27.0,"enemies":"Lagavulin","floor":8.0,"turns":6.0},{"damage":5.0,"enemies":"Blue Slaver","floor":12.0,"turns":3.0},{"damage":16.0,"enemies":"Gremlin Nob","floor":13.0,"turns":3.0},{"damage":1.0,"enemies":"2 Fungi Beasts","floor":14.0,"turns":3.0},{"damage":0.0,"enemies":"Slime Boss","floor":16.0,"turns":8.0},{"damage":2.0,"enemies":"Chosen","floor":18.0,"turns":4.0},{"damage":14.0,"enemies":"3 Byrds","floor":19.0,"turns":6.0},{"damage":24.0,"enemies":"Snake Plant","floor":20.0,"turns":3.0},{"damage":56,"enemies":"Centurion and Healer","floor":21,"turns":4}],"seed_played":"-1480835071722143919","potions_obtained":[{"floor":2.0,"key":"GamblersBrew"},{"floor":12.0,"key":"FearPotion"},{"floor":13.0,"key":"SpeedPotion"},{"floor":14.0,"key":"Energy Potion"},{"floor":19.0,"key":"BlessingOfTheForge"}],"is_trial":false,"path_per_floor":["M","M","M","?","?","R","?","E","T","R","?","M","E","M","R","B",null,"M","M","M","M"],"character_chosen":"WATCHER","items_purchased":[],"campfire_rested":3,"item_purchase_floors":[],"current_hp_per_floor":[63,53,44,44,44,65,65,38,38,59,59,54,38,37,58,58,69,67,53,29,0,0],"gold":743,"neow_bonus":"RANDOM_COMMON_RELIC","is_daily":false,"chose_seed":false,"campfire_upgraded":0,"win_rate":0.0,"timestamp":1609201990,"path_taken":["M","M","M","?","?","R","?","E","T","R","?","M","E","M","R","BOSS","M","M","M","M"],"items_purchased_type":[],"build_version":"2020-12-22","purchased_purges":0,"victory":false,"max_hp_per_floor":[72,72,72,72,72,72,72,72,72,72,72,72,72,72,72,72,72,72,72,72,72,72],"card_choices":[{"not_picked":["Prostrate","WaveOfTheHand"],"picked":"Evaluate","floor":1.0},{"not_picked":["Sanctity","WheelKick"],"picked":"CarveReality","floor":2.0},{"not_picked":["Weave","CarveReality","TalkToTheHand"],"picked":"SKIP","floor":3.0},{"not_picked":["SignatureMove","Protect"],"picked":"Crescendo","floor":8.0},{"not_picked":["FollowUp","PathToVictory"],"picked":"FearNoEvil","floor":12.0},{"not_picked":["Perseverance","BattleHymn"],"picked":"ThirdEye","floor":13.0},{"not_picked":["EmptyFist","TalkToTheHand"],"picked":"Devotion","floor":14.0},{"not_picked":["Establishment","ConjureBlade"],"picked":"DeusExMachina","floor":16.0},{"not_picked":["FlyingSleeves","FearNoEvil+1"],"picked":"LikeWater","floor":18.0},{"not_picked":["WreathOfFlame+1","BattleHymn+1"],"picked":"Prostrate","floor":19.0},{"not_picked":["Prostrate","Worship"],"picked":"EmptyFist","floor":20}],"player_experience":1166857,"relics_obtained":[{"floor":8.0,"key":"Peace Pipe"},{"floor":9.0,"key":"StrikeDummy"},{"floor":13.0,"key":"Damaru"}],"event_choices":[{"damage_healed":0.0,"max_hp_gain":0.0,"max_hp_loss":0.0,"gold_gain":0.0,"event_name":"Liars Game","player_choice":"Ignored","floor":4.0,"gold_loss":0.0,"damage_taken":0.0},{"damage_healed":0.0,"max_hp_gain":0.0,"max_hp_loss":0.0,"gold_gain":0.0,"event_name":"Match and Keep!","player_choice":"2 cards matched","floor":5.0,"gold_loss":0.0,"damage_taken":0.0,"cards_obtained":["ClearTheMind","Swift Strike"]},{"damage_healed":0.0,"max_hp_gain":0.0,"max_hp_loss":0.0,"gold_gain":30.0,"event_name":"Dead Adventurer","player_choice":"Searched \u00272\u0027 times","floor":7.0,"gold_loss":0.0,"damage_taken":0.0,"relics_obtained":["Old Coin"]},{"damage_healed":0.0,"max_hp_gain":0.0,"max_hp_loss":0.0,"gold_gain":0.0,"event_name":"Golden Idol","player_choice":"Take Wound","floor":11.0,"gold_loss":0.0,"damage_taken":0.0,"relics_obtained":["Golden Idol"],"cards_obtained":["Injury"]}],"is_beta":false,"boss_relics":[{"not_picked":["Runic Dome","Velvet Choker"],"picked":"SacredBark"}],"items_purged_floors":[],"is_endless":false,"potions_floor_spawned":[2,12,13,14,19],"killed_by":"Centurion and Healer","ascension_level":11}}