{"host":"7krnriczr1b2ou5r","time":1609247952,"event":{"mods":["BaseMod","Keyboard Shortcuts","Minty Spire (QoL Compilation)","Relic Stats","StSLib"],"gold_per_floor":[15,32,32,47,47,79,79,414,414,446,446,460,470,470,470,545,545,565,565,30,46,246,275,275,302,302,302,314,314,348,363,363,439,439,455,74,87,87,157,184,209,243,243,243,276,290,316,316,316,316,316,316,316,44,74,74],"floor_reached":57,"playtime":1686,"items_purged":["Strike_G","Defend_G","Quick Slash+1"],"score":4013,"play_id":"8079b501-1b64-4def-97b6-2b2be66f94fe","local_time":"20201229221912","is_ascension_mode":true,"campfire_choices":[{"data":"Neutralize","floor":7,"key":"SMITH"},{"floor":15,"key":"DIG"},{"floor":24,"key":"DIG"},{"floor":27,"key":"DIG"},{"floor":29,"key":"DIG"},{"floor":32,"key":"DIG"},{"floor":44,"key":"DIG"},{"floor":49,"key":"DIG"},{"floor":53,"key":"DIG"}],"circlet_count":0,"master_deck":["AscendersBane","Neutralize+1","Grand Finale+1","Acrobatics+1","Prepared+1","Adrenaline","Flash of Steel","Acrobatics+1","Madness+1","Madness","After Image"],"relics":["Ring of the Snake","Black Star","Runic Pyramid","PreservedInsect","Dream Catcher","Shovel","Centennial Puzzle","Old Coin","Question Card","Matryoshka","Lantern","TungstenRod","Omamori","Calling Bell","Regal Pillow","Singing Bowl","Turnip","Vajra","Strawberry","Happy Flower","Bird Faced Urn","Pocketwatch","Mummified Hand","Torii","Nunchaku","Calipers","Toy Ornithopter","Tough Bandages","Unceasing Top","Smiling Mask","StrikeDummy","Empty Cage","FossilizedHelix","Strange Spoon","Paper Crane","Tingsha","Art of War","Peace Pipe","Bag of Marbles","Bronze Scales","Anchor","Sundial","Akabeko","Boot","Blue Candle","Oddly Smooth Stone","MealTicket","Mercury Hourglass","The Courier","Letter Opener","War Paint","Medical Kit","Bag of Preparation","HornCleat"],"acts_visited":["Exordium","TheCity","TheBeyond","TheEnding"],"potions_floor_usage":[56,56,56],"damage_taken":[{"damage":1,"enemies":"Jaw Worm","floor":1,"turns":4},{"damage":0,"enemies":"Cultist","floor":2,"turns":2},{"damage":0,"enemies":"Small Slimes","floor":4,"turns":1},{"damage":0,"enemies":"Lagavulin","floor":6,"turns":2},{"damage":0,"enemies":"Gremlin Nob","floor":8,"turns":1},{"damage":0,"enemies":"3 Sentries","floor":10,"turns":1},{"damage":0,"enemies":"Blue Slaver","floor":12,"turns":1},{"damage":0,"enemies":"Gremlin Gang","floor":13,"turns":1},{"damage":0,"enemies":"Slime Boss","floor":16,"turns":4},{"damage":0,"enemies":"Spheric Guardian","floor":18,"turns":1},{"damage":0,"enemies":"Chosen","floor":21,"turns":1},{"damage":0,"enemies":"Slavers","floor":23,"turns":1},{"damage":0,"enemies":"Book of Stabbing","floor":25,"turns":1},{"damage":0,"enemies":"3 Cultists","floor":28,"turns":1},{"damage":0,"enemies":"Gremlin Leader","floor":30,"turns":1},{"damage":0,"enemies":"Snecko","floor":31,"turns":1},{"damage":0,"enemies":"Collector","floor":33,"turns":1},{"damage":0,"enemies":"3 Darklings","floor":35,"turns":1},{"damage":0,"enemies":"3 Shapes","floor":37,"turns":1},{"damage":0,"enemies":"Nemesis","floor":40,"turns":1},{"damage":0,"enemies":"Mind Bloom Boss Battle","floor":41,"turns":1},{"damage":0,"enemies":"Reptomancer","floor":42,"turns":1},{"damage":0,"enemies":"Nemesis","floor":45,"turns":1},{"damage":0,"enemies":"Sphere and 2 Shapes","floor":46,"turns":1},{"damage":0,"enemies":"Reptomancer","floor":47,"turns":1},{"damage":0,"enemies":"Donu and Deca","floor":50,"turns":1},{"damage":0,"enemies":"Awakened One","floor":51,"turns":2},{"damage":0,"enemies":"Shield and Spear","floor":55,"turns":1},{"damage":0,"enemies":"The Heart","floor":56,"turns":6}],"seed_played":"-6342960285795364581","potions_obtained":[{"floor":1,"key":"LiquidBronze"},{"floor":2,"key":"Dexterity Potion"},{"floor":21,"key":"GhostInAJar"},{"floor":37,"key":"EntropicBrew"}],"is_trial":false,"path_per_floor":["M","M","?","M","?","E","R","E","T","E","?","M","M","?","R","B",null,"M","?","$","M","$","E","R","E","T","R","M","R","E","M","R","B",null,"M","$","M","?","$","E","?","E","T","R","E","M","E","?","R","B","B",null,"R","$","E","B",null],"character_chosen":"THE_SILENT","items_purchased":["Flash of Steel","Acrobatics","Vajra","Strawberry","FossilizedHelix","Strange Spoon","Paper Crane","War Paint","Medical Kit"],"campfire_rested":0,"item_purchase_floors":[20,20,20,20,36,39,39,54,54],"current_hp_per_floor":[58,58,58,58,40,40,40,40,40,40,40,40,40,40,40,40,60,60,60,67,69,69,71,71,73,73,73,75,75,77,79,79,81,86,88,88,90,75,75,75,79,83,83,83,87,91,95,95,95,97,99,101,101,101,103,103],"gold":74,"neow_bonus":"TRANSFORM_TWO_CARDS","is_daily":false,"chose_seed":false,"campfire_upgraded":1,"win_rate":0.0,"timestamp":1609247952,"path_taken":["M","M","?","M","?","E","R","E","T","E","?","M","?","?","R","BOSS","M","?","$","?","?","E","R","E","T","R","M","R","E","M","R","BOSS","M","$","M","?","$","E","?","E","T","R","E","M","E","?","R","BOSS","BOSS","R","$","E","BOSS"],"items_purchased_type":["Card","Card","Relic","Relic","Relic","Relic","Relic","Relic","Relic"],"build_version":"2020-12-22","purchased_purges":3,"victory":true,"max_hp_per_floor":[66,66,66,66,66,66,66,66,66,66,66,66,66,66,66,66,66,66,66,73,75,75,77,77,79,79,79,81,81,83,85,85,87,87,89,89,91,91,91,91,93,95,95,95,97,99,101,101,101,101,101,101,101,101,103,103],"relic_stats":{"Regal Pillow":0,"Singing Bowl":30,"Torii":9,"Bag of Preparation":[2],"Smiling Mask":75,"Boot":[9],"Dream Catcher":0,"Centennial Puzzle":[0],"Nunchaku":[9],"Tough Bandages":[297],"Shovel":8,"Mummified Hand":[9],"Sundial":[58],"MealTicket":0,"Ring of the Snake":[58],"Happy Flower":[7],"counters":[29,43],"Blue Candle":[0],"Tingsha":[135],"PreservedInsect":515,"Letter Opener":[20],"War Paint":["Madness","Acrobatics"],"Question Card":22,"Medical Kit":[3],"Mercury Hourglass":[42],"Peace Pipe":0,"Strange Spoon":[22],"Bird Faced Urn":[14],"Bronze Scales":[78],"Turnip":[2],"Black Star":11,"Art of War":[0],"obtain_stats":[{"Calipers":26,"Vajra":20,"Boot":45,"Old Coin":8,"Centennial Puzzle":8,"HornCleat":55,"Sundial":43,"Strawberry":20,"MealTicket":47,"Happy Flower":23,"Blue Candle":45,"Oddly Smooth Stone":47,"Tingsha":40,"Letter Opener":53,"Paper Crane":39,"War Paint":54,"Question Card":9,"Akabeko":44,"Bird Faced Urn":23,"Bronze Scales":42,"Black Star":0,"StrikeDummy":32,"Unceasing Top":30,"Pocketwatch":24,"Lantern":10,"Regal Pillow":17,"Singing Bowl":17,"Torii":25,"Bag of Preparation":55,"Smiling Mask":30,"Empty Cage":34,"Dream Catcher":6,"Nunchaku":26,"Tough Bandages":29,"Shovel":7,"Matryoshka":9,"Mummified Hand":25,"Ring of the Snake":0,"Runic Pyramid":1,"PreservedInsect":5,"The Courier":52,"Omamori":15,"Medical Kit":54,"Mercury Hourglass":49,"Calling Bell":17,"Peace Pipe":41,"Strange Spoon":39,"Anchor":43,"Turnip":17,"Art of War":40,"Bag of Marbles":42,"TungstenRod":10,"Toy Ornithopter":27,"FossilizedHelix":36},{"Calipers":13,"Vajra":10,"Boot":23,"Old Coin":5,"Centennial Puzzle":5,"HornCleat":28,"Sundial":22,"Strawberry":10,"MealTicket":25,"Happy Flower":12,"Blue Candle":23,"Oddly Smooth Stone":25,"Tingsha":20,"Letter Opener":27,"Paper Crane":19,"War Paint":27,"Question Card":5,"Akabeko":22,"Bird Faced Urn":12,"Bronze Scales":22,"Black Star":0,"StrikeDummy":16,"Unceasing Top":15,"Pocketwatch":12,"Lantern":6,"Regal Pillow":9,"Singing Bowl":9,"Torii":13,"Bag of Preparation":28,"Smiling Mask":15,"Empty Cage":17,"Dream Catcher":4,"Nunchaku":13,"Tough Bandages":14,"Shovel":4,"Matryoshka":5,"Mummified Hand":13,"Ring of the Snake":0,"Runic Pyramid":1,"PreservedInsect":3,"The Courier":27,"Omamori":8,"Medical Kit":27,"Mercury Hourglass":25,"Calling Bell":9,"Peace Pipe":21,"Strange Spoon":19,"Anchor":22,"Turnip":9,"Art of War":20,"Bag of Marbles":22,"TungstenRod":6,"Toy Ornithopter":13,"FossilizedHelix":18},{"Calipers":21,"Vajra":18,"Boot":31,"Old Coin":10,"Centennial Puzzle":10,"HornCleat":37,"Sundial":30,"Strawberry":18,"MealTicket":33,"Happy Flower":20,"Blue Candle":31,"Oddly Smooth Stone":33,"Tingsha":28,"Letter Opener":36,"Paper Crane":27,"War Paint":36,"Question Card":10,"Akabeko":30,"Bird Faced Urn":20,"Bronze Scales":30,"Black Star":0,"StrikeDummy":24,"Unceasing Top":23,"Pocketwatch":20,"Lantern":11,"Regal Pillow":17,"Singing Bowl":17,"Torii":21,"Bag of Preparation":37,"Smiling Mask":23,"Empty Cage":25,"Dream Catcher":9,"Nunchaku":21,"Tough Bandages":22,"Shovel":9,"Matryoshka":10,"Mummified Hand":21,"Ring of the Snake":0,"Runic Pyramid":4,"PreservedInsect":7,"The Courier":36,"Omamori":13,"Medical Kit":36,"Mercury Hourglass":33,"Calling Bell":17,"Peace Pipe":29,"Strange Spoon":27,"Anchor":30,"Turnip":17,"Art of War":28,"Bag of Marbles":30,"TungstenRod":11,"Toy Ornithopter":21,"FossilizedHelix":26}],"TungstenRod":13,"Toy Ornithopter":0,"Unceasing Top":[0],"Pocketwatch":[0]},"card_choices":[{"not_picked":["Noxious Fumes","Blur","Outmaneuver"],"picked":"SKIP","floor":1},{"not_picked":["Poisoned Stab","Dagger Spray","Crippling Poison"],"picked":"SKIP","floor":2},{"not_picked":["Underhanded Strike","Deadly Poison","Cloak And Dagger"],"picked":"SKIP","floor":4},{"not_picked":["Wraith Form v2","Expertise","Blade Dance"],"picked":"SKIP","floor":6},{"not_picked":["Sucker Punch","Prepared","Concentrate"],"picked":"SKIP","floor":8},{"not_picked":["Bane","Deflect","Accuracy","Masterful Stab"],"picked":"SKIP","floor":10},{"not_picked":["Blade Dance","Noxious Fumes","Prepared","Dodge and Roll"],"picked":"SKIP","floor":12},{"not_picked":["All Out Attack","Sucker Punch","Skewer","Dagger Spray"],"picked":"SKIP","floor":13},{"not_picked":["Night Terror","Glass Knife","Tools of the Trade"],"picked":"Adrenaline","floor":16},{"not_picked":["Catalyst","Accuracy","Dagger Throw"],"picked":"Quick Slash+1","floor":18},{"not_picked":["Poisoned Stab","Accuracy","Bane","Quick Slash"],"picked":"Singing Bowl","floor":21},{"not_picked":["Expertise","Heel Hook","Dagger Throw","Slice"],"picked":"Singing Bowl","floor":23},{"not_picked":["Bouncing Flask","Tools of the Trade","Outmaneuver","Concentrate"],"picked":"Singing Bowl","floor":25},{"not_picked":["Outmaneuver","Cloak And Dagger","All Out Attack","Concentrate"],"picked":"Singing Bowl","floor":28},{"not_picked":["Dodge and Roll","Dagger Spray","Blur","Backflip"],"picked":"Singing Bowl","floor":30},{"not_picked":["Envenom","Outmaneuver","Deadly Poison","Underhanded Strike+1"],"picked":"Singing Bowl","floor":31},{"not_picked":["Glass Knife","Doppelganger","Tools of the Trade","A Thousand Cuts"],"picked":"Singing Bowl","floor":33},{"not_picked":["Dagger Spray","Outmaneuver+1","Dodge and Roll","Bane+1"],"picked":"Singing Bowl","floor":35},{"not_picked":["Riddle With Holes","Cloak And Dagger","Bane","Outmaneuver+1"],"picked":"Singing Bowl","floor":37},{"not_picked":["Setup","Quick Slash","Finisher"],"picked":"After Image","floor":40},{"not_picked":["Underhanded Strike+1","Distraction","Dodge and Roll","All Out Attack+1"],"picked":"Singing Bowl","floor":41},{"not_picked":["Reflex","Deflect","Accuracy","Bane"],"picked":"Singing Bowl","floor":42},{"not_picked":["Cloak And Dagger","Noxious Fumes","Flechettes+1","Catalyst"],"picked":"Singing Bowl","floor":45},{"not_picked":["Dagger Spray","Quick Slash+1","Infinite Blades","PiercingWail"],"picked":"Singing Bowl","floor":46},{"not_picked":["Footwork","Cloak And Dagger","Flying Knee+1","Deflect"],"picked":"Singing Bowl","floor":47},{"not_picked":["Backflip","Slice","Dagger Throw","Envenom"],"picked":"Singing Bowl","floor":55}],"player_experience":1055838,"relics_obtained":[{"floor":6,"key":"Dream Catcher"},{"floor":8,"key":"Centennial Puzzle"},{"floor":8,"key":"Old Coin"},{"floor":9,"key":"Question Card"},{"floor":10,"key":"Lantern"},{"floor":10,"key":"TungstenRod"},{"floor":15,"key":"Omamori"},{"floor":17,"key":"Regal Pillow"},{"floor":17,"key":"Singing Bowl"},{"floor":17,"key":"Turnip"},{"floor":23,"key":"Happy Flower"},{"floor":23,"key":"Bird Faced Urn"},{"floor":24,"key":"Pocketwatch"},{"floor":25,"key":"Mummified Hand"},{"floor":25,"key":"Torii"},{"floor":26,"key":"Nunchaku"},{"floor":26,"key":"Calipers"},{"floor":27,"key":"Toy Ornithopter"},{"floor":29,"key":"Tough Bandages"},{"floor":30,"key":"Unceasing Top"},{"floor":30,"key":"Smiling Mask"},{"floor":32,"key":"StrikeDummy"},{"floor":40,"key":"Tingsha"},{"floor":40,"key":"Art of War"},{"floor":41,"key":"Peace Pipe"},{"floor":42,"key":"Bag of Marbles"},{"floor":42,"key":"Bronze Scales"},{"floor":43,"key":"Anchor"},{"floor":43,"key":"Sundial"},{"floor":44,"key":"Akabeko"},{"floor":45,"key":"Boot"},{"floor":45,"key":"Blue Candle"},{"floor":47,"key":"Oddly Smooth Stone"},{"floor":47,"key":"MealTicket"},{"floor":49,"key":"Mercury Hourglass"},{"floor":53,"key":"Letter Opener"},{"floor":55,"key":"Bag of Preparation"},{"floor":55,"key":"HornCleat"}],"event_choices":[{"cards_removed":["Strike_G"],"damage_healed":0,"gold_gain":0,"player_choice":"Forget","damage_taken":0,"max_hp_gain":0,"max_hp_loss":0,"event_name":"Living Wall","floor":3,"gold_loss":0},{"damage_healed":0,"gold_gain":0,"player_choice":"Success","damage_taken":18,"relics_obtained":["PreservedInsect"],"max_hp_gain":0,"max_hp_loss":0,"event_name":"Scrap Ooze","floor":5,"gold_loss":0},{"damage_healed":0,"gold_gain":0,"cards_transformed":["Strike_G"],"player_choice":"Transformed","damage_taken":0,"max_hp_gain":0,"max_hp_loss":0,"event_name":"Transmorgrifier","floor":11,"gold_loss":0,"cards_obtained":["Backflip"]},{"damage_healed":0,"gold_gain":0,"player_choice":"Ignored","damage_taken":0,"max_hp_gain":0,"max_hp_loss":0,"event_name":"Liars Game","floor":14,"gold_loss":0},{"cards_removed":["Defend_G"],"damage_healed":0,"gold_gain":0,"player_choice":"Purged","damage_taken":0,"max_hp_gain":0,"max_hp_loss":0,"event_name":"Purifier","floor":19,"gold_loss":0},{"damage_healed":0,"gold_gain":0,"player_choice":"Embrace Madness","damage_taken":16,"max_hp_gain":0,"max_hp_loss":0,"event_name":"Winding Halls","floor":38,"gold_loss":0,"cards_obtained":["Madness","Madness"]},{"damage_healed":0,"gold_gain":0,"player_choice":"Fight","damage_taken":0,"max_hp_gain":0,"max_hp_loss":0,"event_name":"MindBloom","floor":41,"gold_loss":0},{"cards_removed":["Backflip"],"damage_healed":0,"gold_gain":0,"player_choice":"Removed Skill","damage_taken":0,"max_hp_gain":0,"max_hp_loss":0,"event_name":"Falling","floor":48,"gold_loss":0}],"is_beta":false,"boss_relics":[{"not_picked":["SlaversCollar","Cursed Key"],"picked":"Calling Bell"},{"not_picked":["Runic Pyramid","Runic Dome"],"picked":"Empty Cage"}],"items_purged_floors":[20,22,36],"is_endless":false,"potions_floor_spawned":[1,2,13,16,21,30,31,35,37,46],"ascension_level":20}}