{"host":"1sep654oresgee70","time":1609285594,"event":{"mods":["2.2 Compatiblity","Aspiration","BaseMod","Better Altar","Better Match","Better Note","Better Sensory Stone","Better Skull","Better Third Choice","Better Vampires","Better-Laid Plans","BetterRewards","Block Reminder","Conspire","Curses Come First","Displayed Cursed Tome","Gold Saver","Hubris","Infinite Spire","Minty Spire (QoL Compilation)","Potion Indicator Mod","Red Circlet Mod","Replay The Spire","Shop Mod","Spicy Shops","StSLib","Thieving Mod","Transform Curses","UnlockEverythingMod"],"gold_per_floor":[114,129,4,4,19,19,19,34,34,34,12,27,27,42,42,142,142,142,142],"floor_reached":18,"playtime":723,"items_purged":[],"score":152,"play_id":"a9e1a887-42bd-4bb0-94a7-dd3a04fbef56","local_time":"20201230004634","daily_mods":["Allstar","Red Cards","Night Terrors"],"is_ascension_mode":false,"campfire_choices":[{"data":"Sadistic Nature","floor":6,"key":"SMITH"},{"floor":10,"key":"REST"},{"floor":15,"key":"REST"}],"circlet_count":0,"master_deck":["Strike_P","Strike_P","Strike_P","Strike_P","Defend_P","Defend_P","Defend_P","Defend_P","Eruption","Vigilance","Chrysalis","Replay:Sssssssssshield","Mayhem","Sadistic Nature+1","Bandage Up","FollowUp","Prostrate","Violence","Replay:Sssssssssshield","Good Instincts","Immolate","Heavy Blade","Consecrate","Replay:ManipulateFuture","Adaptation","DevaForm"],"relics":["PureWater","ReplayTheSpireMod:ShopPack","hubris:ToyBattleship","Fusion Hammer"],"acts_visited":["Exordium","TheCity"],"potions_floor_usage":[8,16,16,16],"damage_taken":[{"damage":11,"enemies":"2 Louse","floor":1,"turns":4},{"damage":0,"enemies":"Small Slimes","floor":2,"turns":6},{"damage":0,"enemies":"Cultist","floor":5,"turns":5},{"damage":7,"enemies":"Large Slime","floor":8,"turns":6},{"damage":11,"enemies":"Exordium Wildlife","floor":12,"turns":2},{"damage":0,"enemies":"Lots of Slimes","floor":14,"turns":1},{"damage":26,"enemies":"Fading Forest","floor":16,"turns":11},{"damage":77,"enemies":"Chosen","floor":18,"turns":11}],"seed_played":"6838610760785432018","potions_obtained":[{"floor":1,"key":"SteroidPotion"},{"floor":5,"key":"LiquidMemories"},{"floor":8,"key":"Block Potion"},{"floor":14,"key":"Block Potion"}],"is_trial":false,"path_per_floor":["M","M","$","?","M","R","$","M","T","R","$","M","?","M","R","B",null,"M"],"character_chosen":"WATCHER","items_purchased":["ReplayTheSpireMod:ShopPack","Consecrate"],"campfire_rested":2,"item_purchase_floors":[3,11],"current_hp_per_floor":[65,69,69,69,72,72,72,65,65,67,67,56,59,63,65,51,65,0,0],"gold":142,"neow_bonus":"","is_daily":true,"chose_seed":false,"campfire_upgraded":1,"win_rate":0.0,"timestamp":1609285594,"path_taken":["M","M","$","?","M","R","$","M","T","R","$","M","?","M","R","BOSS","M"],"items_purchased_type":["Relic","Card"],"build_version":"2020-12-22","purchased_purges":0,"victory":false,"max_hp_per_floor":[72,72,72,72,72,72,72,72,72,67,67,67,70,70,65,65,65,65,65],"card_choices":[{"not_picked":["Havoc","WheelKick"],"picked":"FollowUp","floor":1},{"not_picked":["Heavy Blade","CarveReality"],"picked":"Prostrate","floor":2},{"not_picked":["Master of Strategy","Metamorphosis"],"picked":"Violence","floor":3},{"not_picked":["Forethought","Swift Strike"],"picked":"Replay:Sssssssssshield","floor":3},{"not_picked":["Purity","Jack Of All Trades"],"picked":"Good Instincts","floor":3},{"not_picked":["Cleave","ReplayTheSpireMod:Corrosion Curse"],"picked":"Immolate","floor":5},{"not_picked":["Body Slam","Pummel"],"picked":"Heavy Blade","floor":8},{"not_picked":["Combust","Fasting2"],"picked":"Replay:ManipulateFuture","floor":12},{"not_picked":["EmptyFist","Bloodletting"],"picked":"Adaptation","floor":14},{"not_picked":["Replay:AllIn","Devotion"],"picked":"DevaForm","floor":16}],"player_experience":2404124,"relics_obtained":[{"floor":9,"key":"hubris:ToyBattleship"}],"event_choices":[{"damage_healed":0,"gold_gain":0,"player_choice":"Leave","damage_taken":0,"max_hp_gain":0,"max_hp_loss":0,"event_name":"conspire:Investor","floor":4,"gold_loss":0}],"is_beta":false,"boss_relics":[{"not_picked":["aspiration:SecretTechniqueScroll","hubris:VirtuousBlindfold"],"picked":"Fusion Hammer"}],"items_purged_floors":[],"is_endless":false,"potions_floor_spawned":[1,5,8,14],"killed_by":"Chosen","ascension_level":0}}