{"host":"19tvufa8xx4wr4o1","time":1609200014,"event":{"mods":["AchievementEnabler","BaseMod","Better Sensory Stone","Better Third Choice","Highlight Path","Minty Spire (QoL Compilation)","Relic Stats","StSLib"],"gold_per_floor":[112,125,105,116,116,159,159,199,251,107,123,146,164,189,189,285,285,299,299,249,274,274,274,105,105,151,151,26,46,66,97,97,190,190,206,206,227,250,250,250],"floor_reached":39,"playtime":1209,"items_purged":["Strike_R","Strike_R","Writhe"],"score":723,"play_id":"99bdd898-5afd-4745-89bf-4107a0a8588e","local_time":"20201228180014","is_ascension_mode":true,"campfire_choices":[{"data":"Bash","floor":7.0,"key":"SMITH"},{"floor":15.0,"key":"REST"},{"data":"Whirlwind","floor":23,"key":"SMITH"},{"data":"Shockwave","floor":27,"key":"SMITH"},{"data":"Intimidate","floor":32,"key":"SMITH"}],"circlet_count":0,"master_deck":["AscendersBane","Strike_R","Strike_R","Strike_R","Defend_R","Defend_R+1","Defend_R+1","Defend_R","Bash+1","Whirlwind+1","Cleave","Anger+1","Hemokinesis+1","Intimidate+1","Shrug It Off","Immolate+1","True Grit+1","Pommel Strike+1","Shockwave+1","Feed+1","True Grit+1","Burning Pact","Ghostly Armor"],"relics":["Burning Blood","Golden Idol","Molten Egg 2","Juzu Bracelet","War Paint","Mark of Pain","Incense Burner","Lizard Tail","Art of War","Strawberry","SlaversCollar"],"acts_visited":["Exordium","TheCity","TheBeyond"],"potions_floor_usage":[16,32,33,38],"damage_taken":[{"damage":7.0,"enemies":"2 Louse","floor":1.0,"turns":4.0},{"damage":6.0,"enemies":"Cultist","floor":2.0,"turns":4.0},{"damage":10.0,"enemies":"Small Slimes","floor":4.0,"turns":4.0},{"damage":15.0,"enemies":"3 Sentries","floor":6.0,"turns":5.0},{"damage":32.0,"enemies":"Gremlin Nob","floor":8.0,"turns":4.0},{"damage":2.0,"enemies":"Looter","floor":11.0,"turns":1.0},{"damage":0.0,"enemies":"Lots of Slimes","floor":12.0,"turns":1.0},{"damage":13.0,"enemies":"Exordium Thugs","floor":13.0,"turns":4.0},{"damage":12.0,"enemies":"Large Slime","floor":14.0,"turns":3.0},{"damage":32,"enemies":"Slime Boss","floor":16,"turns":13},{"damage":13,"enemies":"Spheric Guardian","floor":18,"turns":3},{"damage":8,"enemies":"2 Thieves","floor":21,"turns":2},{"damage":15,"enemies":"Centurion and Healer","floor":29,"turns":5},{"damage":8,"enemies":"Sentry and Sphere","floor":30,"turns":3},{"damage":12,"enemies":"Book of Stabbing","floor":31,"turns":5},{"damage":107,"enemies":"Collector","floor":33,"turns":11},{"damage":7,"enemies":"3 Darklings","floor":35,"turns":4},{"damage":13,"enemies":"3 Shapes","floor":37,"turns":7},{"damage":36,"enemies":"Writhing Mass","floor":38,"turns":8},{"damage":32,"enemies":"Transient","floor":39,"turns":3}],"seed_played":"8778799362973265236","potions_obtained":[{"floor":1.0,"key":"Fire Potion"},{"floor":3.0,"key":"FearPotion"},{"floor":8.0,"key":"Weak Potion"},{"floor":18,"key":"Energy Potion"},{"floor":29,"key":"LiquidMemories"},{"floor":31,"key":"BloodPotion"},{"floor":33,"key":"ColorlessPotion"},{"floor":35,"key":"CultistPotion"},{"floor":38,"key":"Dexterity Potion"}],"is_trial":false,"path_per_floor":["M","M","?","M","?","E","R","E","T","$","M","M","M","M","R","B",null,"M","?","?","M","?","R","$","?","T","R","$","M","M","E","R","B",null,"M","?","M","M","M"],"character_chosen":"IRONCLAD","items_purchased":["Hemokinesis+1","Shockwave"],"campfire_rested":1,"item_purchase_floors":[10,24],"current_hp_per_floor":[63,63,63,59,59,50,50,24,24,24,28,34,27,21,45,19,66,59,59,59,57,57,57,57,57,57,57,57,48,46,47,64,13,69,68,68,61,31,0,0],"gold":250,"neow_bonus":"TWENTY_PERCENT_HP_BONUS","is_daily":false,"chose_seed":false,"campfire_upgraded":4,"win_rate":0.0,"timestamp":1609200014,"path_taken":["M","M","?","?","?","E","R","E","T","$","M","M","M","M","R","BOSS","M","?","?","M","?","R","?","?","T","R","$","M","M","E","R","BOSS","M","?","M","M","M"],"items_purchased_type":["Card","Card"],"build_version":"2020-12-22","purchased_purges":3,"victory":false,"max_hp_per_floor":[89,89,89,89,81,81,81,81,81,81,81,81,81,81,81,81,81,81,81,81,81,81,81,81,81,81,81,81,81,81,88,88,88,88,88,84,84,84,84,84],"relic_stats":{"Lizard Tail":44,"counters":[20,94],"Golden Idol":106,"Juzu Bracelet":1,"Art of War":[3],"War Paint":["Defend_R","Defend_R"],"obtain_stats":[{"SlaversCollar":34,"Lizard Tail":25,"Golden Idol":5,"Strawberry":31,"Molten Egg 2":6,"Mark of Pain":17,"Juzu Bracelet":8,"Incense Burner":22,"Art of War":26,"War Paint":9,"Burning Blood":0},{"SlaversCollar":16,"Lizard Tail":12,"Golden Idol":3,"Strawberry":15,"Molten Egg 2":4,"Mark of Pain":10,"Juzu Bracelet":5,"Incense Burner":12,"Art of War":12,"War Paint":5,"Burning Blood":0},{"SlaversCollar":72,"Lizard Tail":48,"Golden Idol":12,"Strawberry":61,"Molten Egg 2":17,"Mark of Pain":43,"Juzu Bracelet":21,"Incense Burner":48,"Art of War":48,"War Paint":21,"Burning Blood":0}],"Burning Blood":114},"card_choices":[{"not_picked":["Entrench","Blood for Blood"],"picked":"Whirlwind","floor":1.0},{"not_picked":["Whirlwind","True Grit","Flex"],"picked":"SKIP","floor":2.0},{"not_picked":["Flex","Clash"],"picked":"Cleave","floor":4.0},{"not_picked":["Second Wind","Body Slam+1","Sentinel"],"picked":"SKIP","floor":6.0},{"not_picked":["Second Wind","Body Slam+1","Sentinel"],"picked":"SKIP","floor":6.0},{"not_picked":["Flame Barrier","Havoc"],"picked":"Anger+1","floor":8.0},{"not_picked":["Sword Boomerang+1","Headbutt+1"],"picked":"Intimidate","floor":11.0},{"not_picked":["Juggernaut","Clash+1","Flex"],"picked":"SKIP","floor":12.0},{"not_picked":["Ghostly Armor","Rampage+1"],"picked":"Shrug It Off","floor":13.0},{"not_picked":["Perfected Strike+1","Juggernaut","Cleave+1"],"picked":"SKIP","floor":14.0},{"not_picked":["Brutality","Bludgeon+1"],"picked":"Immolate+1","floor":16},{"not_picked":["Flame Barrier","Thunderclap+1"],"picked":"True Grit+1","floor":18},{"not_picked":["Havoc","Cleave+1"],"picked":"Pommel Strike+1","floor":21},{"not_picked":["Feel No Pain","Iron Wave+1","Havoc"],"picked":"SKIP","floor":29},{"not_picked":["Dual Wield","Sword Boomerang+1","Searing Blow+1"],"picked":"SKIP","floor":30},{"not_picked":["Twin Strike+1","Cleave+1","Seeing Red"],"picked":"SKIP","floor":31},{"not_picked":["Corruption","Bludgeon+1"],"picked":"Feed+1","floor":33},{"not_picked":["Sword Boomerang+1","Havoc"],"picked":"True Grit+1","floor":35},{"not_picked":["Flex+1","Bludgeon+1"],"picked":"Burning Pact","floor":37},{"not_picked":["Entrench","Second Wind"],"picked":"Ghostly Armor","floor":38}],"player_experience":546020,"relics_obtained":[{"floor":6.0,"key":"Molten Egg 2"},{"floor":8.0,"key":"Juzu Bracelet"},{"floor":9.0,"key":"War Paint"},{"floor":26,"key":"Art of War"},{"floor":31,"key":"Strawberry"}],"event_choices":[{"damage_healed":0.0,"max_hp_gain":0.0,"max_hp_loss":0.0,"gold_gain":0.0,"event_name":"The Woman in Blue","player_choice":"Bought 1 Potion","floor":3.0,"gold_loss":0.0,"damage_taken":0.0},{"damage_healed":0.0,"max_hp_gain":0.0,"max_hp_loss":8.0,"gold_gain":0.0,"event_name":"Golden Idol","player_choice":"Lose Max HP","floor":5.0,"gold_loss":0.0,"damage_taken":0.0,"relics_obtained":["Golden Idol"]},{"damage_healed":0,"gold_gain":0,"player_choice":"Ignored","damage_taken":0,"max_hp_gain":0,"max_hp_loss":0,"event_name":"Vampires","floor":19,"gold_loss":0},{"damage_healed":0,"gold_gain":0,"player_choice":"Bet on Owner","damage_taken":0,"max_hp_gain":0,"max_hp_loss":0,"event_name":"The Joust","floor":20,"gold_loss":50},{"damage_healed":0,"gold_gain":0,"player_choice":"Gave Potion","damage_taken":0,"relics_obtained":["Incense Burner"],"max_hp_gain":0,"max_hp_loss":0,"event_name":"WeMeetAgain","floor":22,"gold_loss":0},{"damage_healed":0,"gold_gain":0,"player_choice":"Opened","damage_taken":0,"relics_obtained":["Lizard Tail"],"max_hp_gain":0,"max_hp_loss":0,"event_name":"The Mausoleum","floor":25,"gold_loss":0,"cards_obtained":["Writhe"]},{"damage_healed":0,"gold_gain":0,"player_choice":"Max HP","damage_taken":0,"max_hp_gain":0,"max_hp_loss":4,"event_name":"Winding Halls","floor":36,"gold_loss":0}],"is_beta":false,"boss_relics":[{"not_picked":["Black Blood","Pandora\u0027s Box"],"picked":"Mark of Pain"},{"not_picked":["Black Star","Coffee Dripper"],"picked":"SlaversCollar"}],"items_purged_floors":[10,24,28],"is_endless":false,"potions_floor_spawned":[1,8,12,14,18,29,31,33,35,38],"killed_by":"Transient","ascension_level":15}}