{"host":"j3h0p3l2xgzxhnx7","time":1609264704,"event":{"mods":["BaseMod","Luminous","Marisa????????","Minty Spire (QoL Compilation)","Remilia??????","StSLib","The Bug Knight","The Cursed","The Servant 0.9.4"],"gold_per_floor":[115,115,115,115,115,145,202,202,202,130,130,130,130,143,143,245,245,265,9,9,0,0,25,25,43,43,61,75,75,75,107,107,210,210,228,208,222,222,233,233,252,8,8,19,19,19],"floor_reached":45,"playtime":2098,"items_purged":["HollowMod:QuickDashStart","HollowMod:TaintedHusks+1"],"score":498,"play_id":"4e3a1a87-35a7-4a7c-9493-83ebc669bac9","local_time":"20201230015824","is_ascension_mode":false,"campfire_choices":[{"floor":12,"key":"REST"},{"data":"HollowMod:SoulStrike","floor":13,"key":"SMITH"},{"floor":15,"key":"REST"},{"floor":24,"key":"REST"},{"floor":30,"key":"REST"},{"floor":32,"key":"REST"},{"floor":40,"key":"REST"}],"circlet_count":0,"master_deck":["HollowMod:NailStrikeStart+1","HollowMod:NailStrikeStart","HollowMod:QuickDashStart","HollowMod:QuickDashStart","HollowMod:QuickDashStart","HollowMod:FocusHealStart","HollowMod:PogoStrike","HollowMod:BaldurShell","HollowMod:GrimmsGift+1","HollowMod:CycloneSlash","HollowMod:QuirrelsAssistance+1","HollowMod:CloakDash","HollowMod:SoulStrike+1","HollowMod:HerrahsAnger","HollowMod:QuirrelsAssistance+1","HollowMod:ChannelNail","HollowMod:ChannelNail+1","HollowMod:SoulSplash","HollowMod:SoulSplash+1","HollowMod:DesolateDive+1","HollowMod:QuirrelsAssistance","HollowMod:Weaversong","HollowMod:NewLittleFool+1","HollowMod:CrystalDash+1","HollowMod:CloakDash","HollowMod:CloakDash+1","HollowMod:SiblingsSouls+1","HollowMod:NewLittleFool+1","Shame","HollowMod:PerfectDash"],"relics":["HollowMod:VesselMask","NeowsBlessing","Nunchaku","Pear","WingedGreaves","Cursed Key","TheAbacus","HollowMod:LifeEnderRelic","Ginger","Eternal Feather","Nilry\u0027s Codex","Boot","Astrolabe","Spirit Poop","Vajra","White Beast Statue"],"acts_visited":["Exordium","TheCity","TheBeyond"],"potions_floor_usage":[7,16,23,28,28,31,37,44,44,44,45],"damage_taken":[{"damage":0,"enemies":"2 Louse","floor":1,"turns":1},{"damage":0,"enemies":"Small Slimes","floor":3,"turns":1},{"damage":0,"enemies":"3 Sentries","floor":6,"turns":2},{"damage":33,"enemies":"Lagavulin Event","floor":7,"turns":6},{"damage":1,"enemies":"Jaw Worm","floor":14,"turns":3},{"damage":74,"enemies":"Slime Boss","floor":16,"turns":12},{"damage":7,"enemies":"Chosen","floor":18,"turns":5},{"damage":37,"enemies":"Book of Stabbing","floor":23,"turns":6},{"damage":5,"enemies":"Spheric Guardian","floor":25,"turns":3},{"damage":15,"enemies":"Snake Plant","floor":27,"turns":4},{"damage":13,"enemies":"Cultist and Chosen","floor":28,"turns":7},{"damage":38,"enemies":"Gremlin Leader","floor":31,"turns":5},{"damage":38,"enemies":"HollowMod:NKGrimm","floor":33,"turns":10},{"damage":19,"enemies":"Orb Walker","floor":35,"turns":3},{"damage":30,"enemies":"3 Darklings","floor":37,"turns":5},{"damage":11,"enemies":"Transient","floor":39,"turns":5},{"damage":15,"enemies":"Maw","floor":41,"turns":8},{"damage":37,"enemies":"Sphere and 2 Shapes","floor":44,"turns":5},{"damage":40,"enemies":"4 Shapes","floor":45,"turns":5}],"seed_played":"1581396864254566121","potions_obtained":[{"floor":1,"key":"Fire Potion"},{"floor":7,"key":"Dexterity Potion"},{"floor":16,"key":"Regen Potion"},{"floor":25,"key":"EssenceOfSteel"},{"floor":27,"key":"EssenceOfSteel"},{"floor":28,"key":"AttackPotion"},{"floor":33,"key":"Block Potion"},{"floor":36,"key":"LiquidMemories"},{"floor":37,"key":"Strength Potion"},{"floor":41,"key":"LiquidBronze"},{"floor":44,"key":"Strength Potion"}],"is_trial":false,"path_per_floor":["M","?","M","$","?","E","?","?","T","$","?","R","R","M","R","B",null,"M","$","?","?","?","E","R","M","T","M","M","?","R","E","R","B",null,"M","?","M","?","M","R","M","$","T","M","M"],"character_chosen":"THE_BUGKNIGHT","items_purchased":["HollowMod:CloakDash","HollowMod:SoulStrike","TheAbacus","HollowMod:ChannelNail","Vajra"],"campfire_rested":6,"item_purchase_floors":[10,10,19,19,42],"current_hp_per_floor":[75,75,75,75,75,75,62,62,62,62,45,70,70,69,85,23,85,78,78,78,78,78,59,84,79,79,68,61,45,82,47,85,55,85,69,69,39,39,31,71,63,63,63,34,0,0],"gold":19,"neow_bonus":"THREE_ENEMY_KILL","is_daily":false,"chose_seed":false,"campfire_upgraded":1,"win_rate":0.0,"timestamp":1609264704,"path_taken":["M","?","M","$","?","E","?","?","T","?","?","R","R","?","R","BOSS","M","$","?","?","?","E","R","?","T","M","M","?","R","E","R","BOSS","M","?","?","?","?","R","M","$","T","M","?"],"items_purchased_type":["Card","Card","Relic","Card","Relic"],"build_version":"2020-12-22","purchased_purges":2,"victory":false,"max_hp_per_floor":[75,75,75,75,75,75,85,85,85,85,85,85,85,85,85,85,85,85,85,85,85,85,85,85,85,85,85,85,85,85,85,85,85,85,85,85,85,85,85,85,85,85,85,85,85,85],"card_choices":[{"not_picked":["HollowMod:TaintedHusks","HollowMod:NewJinnsSoul"],"picked":"HollowMod:BaldurShell","floor":1},{"not_picked":["HollowMod:DoubleDash","HollowMod:ShadowDash"],"picked":"HollowMod:GrimmsGift","floor":3},{"not_picked":["HollowMod:VoidDash","HollowMod:SoulVessel"],"picked":"HollowMod:CycloneSlash","floor":6},{"not_picked":["HollowMod:FastStrike","HollowMod:Grubsong"],"picked":"HollowMod:QuirrelsAssistance","floor":7},{"not_picked":["HollowMod:ShadowDash","HollowMod:MothsMistake"],"picked":"HollowMod:SoulVessel","floor":14},{"not_picked":["HollowMod:LifebloodCore","HollowMod:PureVessel"],"picked":"HollowMod:HerrahsAnger","floor":16},{"not_picked":["HollowMod:VengefulVoid","HollowMod:PerfectDash"],"picked":"HollowMod:QuirrelsAssistance+1","floor":18},{"not_picked":["HollowMod:BaldurShell","HollowMod:InfectedCysts"],"picked":"HollowMod:ChannelNail+1","floor":23},{"not_picked":["HollowMod:FallenFury","HollowMod:InfectedAttack"],"picked":"HollowMod:SoulSplash","floor":25},{"not_picked":["HollowMod:MothsMistake","HollowMod:VengefulVoid+1"],"picked":"HollowMod:SoulSplash+1","floor":27},{"not_picked":["HollowMod:GreatSlash","HollowMod:InfectedCysts+1"],"picked":"HollowMod:DesolateDive+1","floor":28},{"not_picked":["HollowMod:TaintedHusks","HollowMod:BlackTendrils"],"picked":"HollowMod:QuirrelsAssistance","floor":31},{"not_picked":["HollowMod:SoulMaster","HollowMod:LifebloodCore"],"picked":"HollowMod:Weaversong","floor":33},{"not_picked":["HollowMod:GrimmsGift","HollowMod:DescendingDark+1"],"picked":"HollowMod:CloakDash","floor":35},{"not_picked":["HollowMod:CoiledNail+1","HollowMod:FallenFury"],"picked":"HollowMod:CloakDash+1","floor":37},{"not_picked":["HollowMod:VengefulVoid","HollowMod:MantisMark"],"picked":"HollowMod:SiblingsSouls+1","floor":39},{"not_picked":["HollowMod:DescendingDark","HollowMod:HowlingWraiths"],"picked":"HollowMod:NewLittleFool+1","floor":41},{"not_picked":["HollowMod:FallenFury","HollowMod:TaintedHusks+1"],"picked":"HollowMod:PerfectDash","floor":44}],"player_experience":54492,"relics_obtained":[{"floor":6,"key":"Nunchaku"},{"floor":7,"key":"Pear"},{"floor":9,"key":"WingedGreaves"},{"floor":23,"key":"Ginger"},{"floor":26,"key":"Eternal Feather"},{"floor":29,"key":"Nilry\u0027s Codex"},{"floor":31,"key":"Boot"},{"floor":43,"key":"White Beast Statue"}],"event_choices":[{"damage_healed":0,"gold_gain":0,"player_choice":"Grow","damage_taken":0,"max_hp_gain":0,"max_hp_loss":0,"event_name":"Living Wall","floor":5,"gold_loss":0,"cards_upgraded":["HollowMod:GrimmsGift"]},{"damage_healed":0,"gold_gain":0,"player_choice":"Searched \u00271\u0027 times","damage_taken":0,"max_hp_gain":0,"max_hp_loss":0,"event_name":"Dead Adventurer","floor":7,"gold_loss":0},{"damage_healed":0,"gold_gain":0,"player_choice":"Ignored","damage_taken":0,"max_hp_gain":0,"max_hp_loss":0,"event_name":"Golden Wing","floor":8,"gold_loss":0},{"damage_healed":0,"gold_gain":0,"player_choice":"Entered Light","damage_taken":17,"max_hp_gain":0,"max_hp_loss":0,"event_name":"Shining Light","floor":11,"gold_loss":0,"cards_upgraded":["HollowMod:QuirrelsAssistance","HollowMod:NailStrikeStart"]},{"damage_healed":0,"gold_gain":0,"player_choice":"Ignored","damage_taken":0,"max_hp_gain":0,"max_hp_loss":0,"event_name":"Ghosts","floor":22,"gold_loss":0},{"damage_healed":0,"gold_gain":0,"player_choice":"Obtained Book","damage_taken":16,"max_hp_gain":0,"max_hp_loss":0,"event_name":"Cursed Tome","floor":29,"gold_loss":0},{"damage_healed":0,"gold_gain":0,"player_choice":"Bought 1 Potion","damage_taken":0,"max_hp_gain":0,"max_hp_loss":0,"event_name":"The Woman in Blue","floor":36,"gold_loss":0},{"cards_removed":["Regret"],"damage_healed":0,"gold_gain":0,"player_choice":"Offered Curse","damage_taken":0,"relics_obtained":["Spirit Poop"],"max_hp_gain":0,"max_hp_loss":0,"event_name":"Bonfire Elementals","floor":38,"gold_loss":0}],"is_beta":false,"boss_relics":[{"not_picked":["Busted Crown","Black Star"],"picked":"Cursed Key"},{"not_picked":["Philosopher\u0027s Stone","Runic Pyramid"],"picked":"Astrolabe"}],"items_purged_floors":[19,42],"is_endless":false,"potions_floor_spawned":[1,7,16,25,27,28,33,37,41,44],"killed_by":"4 Shapes","ascension_level":0}}