{"host":"nnqdcpockwq7zc6f","time":1609207932,"event":{"mods":["BaseMod","Better Note","Downfall","Hubris","Minty Spire (QoL Compilation)","Replay The Spire","StSLib","The Blackbeard"],"gold_per_floor":[117,117,133,133,133,159,172,188,215,215,215,215],"floor_reached":10,"playtime":564,"items_purged":[],"score":68,"play_id":"a189ce0e-bde1-4dcb-b067-85f7dada031e","local_time":"20201228191212","is_ascension_mode":false,"campfire_choices":[],"circlet_count":0,"master_deck":["blackbeard:BlackbeardStrike","blackbeard:BlackbeardStrike+1","blackbeard:BlackbeardStrike","blackbeard:IntimidatingStrike","blackbeard:BlackbeardDefend","blackbeard:BlackbeardDefend","blackbeard:BlackbeardDefend","blackbeard:BlackbeardDefend","blackbeard:PirateHook","blackbeard:WiseDefense","Bash","blackbeard:Sword","blackbeard:Dagger","blackbeard:Sharpening"],"relics":["m_SeaBlood","hubris:ToyBattleship","Happy Flower"],"acts_visited":["Exordium"],"potions_floor_usage":[],"damage_taken":[{"damage":6,"enemies":"Jaw Worm","floor":1,"turns":4},{"damage":7,"enemies":"Small Slimes","floor":3,"turns":4},{"damage":38,"enemies":"Lagavulin","floor":6,"turns":6},{"damage":0,"enemies":"2 Louse","floor":7,"turns":3},{"damage":0,"enemies":"Looter","floor":8,"turns":3},{"damage":45,"enemies":"3 Sentries","floor":10,"turns":5}],"seed_played":"-8079821108807119140","potions_obtained":[{"floor":6,"key":"BlessingOfTheForge"},{"floor":7,"key":"Venom Potion"},{"floor":8,"key":"Toxic Potion"}],"is_trial":false,"path_per_floor":["M","?","M","?","?","E","M","M","T","E"],"character_chosen":"BLACKBEARD_CLASS","items_purchased":[],"campfire_rested":0,"item_purchase_floors":[],"current_hp_per_floor":[69,74,67,67,67,35,41,47,47,2,2,2],"gold":215,"neow_bonus":"REMOVE_CARD","is_daily":false,"chose_seed":false,"campfire_upgraded":0,"win_rate":0.0,"timestamp":1609207932,"path_taken":["M","?","M","?","?","E","M","M","T","E"],"items_purchased_type":[],"build_version":"2020-12-22","purchased_purges":0,"victory":false,"max_hp_per_floor":[75,80,80,80,80,80,80,80,80,80,80,80],"card_choices":[{"not_picked":["blackbeard:GoldenDefense","blackbeard:FieryDefense"],"picked":"blackbeard:PirateHook","floor":1},{"not_picked":["blackbeard:Bandana","blackbeard:WoodenLeg"],"picked":"blackbeard:WiseDefense","floor":3},{"not_picked":["Heavy Blade","Inflame"],"picked":"blackbeard:Sword","floor":6},{"not_picked":["blackbeard:GoldenStrike","blackbeard:DeadlyArsenal"],"picked":"blackbeard:Dagger","floor":7},{"not_picked":["blackbeard:ArmorUp","blackbeard:SwordDance"],"picked":"blackbeard:Sharpening","floor":8}],"player_experience":345554,"relics_obtained":[{"floor":6,"key":"hubris:ToyBattleship"},{"floor":9,"key":"Happy Flower"}],"event_choices":[{"damage_healed":0,"gold_gain":0,"player_choice":"Donut","damage_taken":0,"max_hp_gain":5,"max_hp_loss":0,"event_name":"Big Fish","floor":2,"gold_loss":0}],"is_beta":false,"boss_relics":[],"items_purged_floors":[],"is_endless":false,"potions_floor_spawned":[6,7,8],"killed_by":"3 Sentries","ascension_level":0}}