{"host":"gx7yyrn1gkym3qpb","time":1609213615,"event":{"mods":["AchievementEnabler","BaseMod","Better Altar","Better Match","Better Note","Better Sensory Stone","Better Skull","Better Third Choice","Highlight Path","Minty Spire (QoL Compilation)","Permanent Neow","Quick Restart","StSLib","Unceasing Turn Reminder"],"gold_per_floor":[116,116,137,153,153,153,188,188,188,226,246,271,309,323,323,323,323],"floor_reached":16,"playtime":853,"items_purged":[],"score":214,"play_id":"84c754db-e2af-4322-87ee-d8b330deb7ab","local_time":"20201228224655","is_ascension_mode":true,"campfire_choices":[{"data":"Carnage","floor":6,"key":"SMITH"},{"data":"Inflame","floor":15,"key":"SMITH"}],"circlet_count":0,"master_deck":["AscendersBane","Strike_R","Strike_R","Strike_R","Strike_R","Defend_R","Defend_R","Defend_R","Defend_R+1","Bash","Carnage+1","Battle Trance","Shrug It Off+1","Shockwave","Inflame+1","Pommel Strike+1"],"relics":["Burning Blood","Golden Idol","Shuriken","Juzu Bracelet","Orichalcum","Molten Egg 2"],"acts_visited":["Exordium"],"potions_floor_usage":[7,10,10],"damage_taken":[{"damage":3,"enemies":"2 Louse","floor":1,"turns":3},{"damage":7,"enemies":"Jaw Worm","floor":3,"turns":3},{"damage":0,"enemies":"Small Slimes","floor":4,"turns":3},{"damage":25,"enemies":"Lagavulin","floor":7,"turns":9},{"damage":5,"enemies":"3 Sentries","floor":10,"turns":7},{"damage":3,"enemies":"Blue Slaver","floor":11,"turns":4},{"damage":3,"enemies":"Red Slaver","floor":12,"turns":6},{"damage":6,"enemies":"Lagavulin","floor":13,"turns":6},{"damage":5,"enemies":"Looter","floor":14,"turns":3},{"damage":17,"enemies":"Slime Boss","floor":16,"turns":9}],"seed_played":"493348876471331355","potions_obtained":[{"floor":1,"key":"Fire Potion"},{"floor":4,"key":"BlessingOfTheForge"},{"floor":7,"key":"PowerPotion"}],"is_trial":false,"path_per_floor":["M","?","M","M","?","R","E","?","T","E","M","M","E","M","R","B"],"character_chosen":"IRONCLAD","items_purchased":[],"campfire_rested":0,"item_purchase_floors":[],"current_hp_per_floor":[71,45,44,50,27,27,8,8,8,9,12,15,15,16,16,0,0],"gold":323,"neow_bonus":"TRANSFORM_CARD","is_daily":false,"chose_seed":false,"campfire_upgraded":2,"win_rate":0.0,"timestamp":1609213615,"path_taken":["M","?","M","M","?","R","E","?","T","E","M","M","E","M","R","BOSS"],"items_purchased_type":[],"build_version":"2020-12-22","purchased_purges":0,"victory":false,"max_hp_per_floor":[75,75,75,75,75,75,75,75,75,75,75,75,75,75,75,75,75],"card_choices":[{"not_picked":["Sever Soul","Twin Strike"],"picked":"Battle Trance","floor":1},{"not_picked":["Clothesline","Sever Soul","Body Slam"],"picked":"SKIP","floor":3},{"not_picked":["Anger","Headbutt"],"picked":"Shrug It Off","floor":4},{"not_picked":["Body Slam","Anger","Exhume"],"picked":"SKIP","floor":7},{"not_picked":["Seeing Red","Intimidate"],"picked":"Shockwave","floor":10},{"not_picked":["Headbutt","Combust","Sword Boomerang"],"picked":"SKIP","floor":11},{"not_picked":["Iron Wave","Sword Boomerang"],"picked":"Inflame","floor":12},{"not_picked":["Blood for Blood+1","Armaments"],"picked":"Pommel Strike+1","floor":13},{"not_picked":["Thunderclap+1","Anger+1","Evolve"],"picked":"SKIP","floor":14}],"player_experience":372674,"relics_obtained":[{"floor":7,"key":"Shuriken"},{"floor":9,"key":"Juzu Bracelet"},{"floor":10,"key":"Orichalcum"},{"floor":13,"key":"Molten Egg 2"}],"event_choices":[{"damage_healed":0,"gold_gain":0,"player_choice":"Take Damage","damage_taken":26,"relics_obtained":["Golden Idol"],"max_hp_gain":0,"max_hp_loss":0,"event_name":"Golden Idol","floor":2,"gold_loss":0},{"damage_healed":50,"gold_gain":0,"player_choice":"Upgrade","damage_taken":23,"max_hp_gain":0,"max_hp_loss":75,"event_name":"betterThird:BetterShining","floor":5,"gold_loss":0,"cards_upgraded":["Shrug It Off","Defend_R"]},{"damage_healed":0,"gold_gain":0,"player_choice":"Ignored","damage_taken":188,"max_hp_gain":0,"max_hp_loss":0,"event_name":"betterThird:BetterSerpent","floor":8,"gold_loss":0}],"is_beta":false,"boss_relics":[],"items_purged_floors":[],"is_endless":false,"potions_floor_spawned":[1,4,7],"killed_by":"Slime Boss","ascension_level":15}}