{"host":"y89x8uui45kcjy42","time":1609205397,"event":{"mods":["2.2 Compatiblity","BaseMod","CapriCore","Colored Map","Colored Powertips","Custom Start","Friendly Minions","Highlight Path","Keyboard Shortcuts","Minty Spire (QoL Compilation)","Relic Stats","Slay the Relics Exporter","StSLib","SuperFastMode","Waifu the Spire"],"gold_per_floor":[13,32,32,107,124,124,157,175,175,185,205,230,286,313,313,390,390,403,403,421,181,193,225,225,225,225],"floor_reached":25,"playtime":717,"items_purged":["Strike_B"],"score":536,"play_id":"013adf6a-b2ff-4d3d-83b9-6d9494ca5a9f","local_time":"20201229102957","is_ascension_mode":true,"campfire_choices":[{"data":"Sweeping Beam","floor":6.0,"key":"SMITH"},{"data":"Beam Cell","floor":15,"key":"SMITH"},{"data":"Hyperbeam","floor":24,"key":"SMITH"}],"circlet_count":0,"master_deck":["Strike_B","Strike_B","Defend_B","Defend_B","Defend_B","Reprogram+1","Reprogram+1","Sweeping Beam+1","Go for the Eyes+1","Hologram","Beam Cell+1","Conserve Battery","Gash","Sweeping Beam","Hyperbeam+1","Leap+1"],"relics":["Cracked Core","White Beast Statue","Gremlin Horn","Mummified Hand","Unceasing Top","Oddly Smooth Stone","Nuclear Battery","Bag of Marbles","Singing Bowl"],"acts_visited":["Exordium","TheCity"],"potions_floor_usage":[13,14,23,25],"damage_taken":[{"damage":1.0,"enemies":"2 Louse","floor":1.0,"turns":3.0},{"damage":4.0,"enemies":"Small Slimes","floor":2.0,"turns":3.0},{"damage":0.0,"enemies":"Jaw Worm","floor":5.0,"turns":3.0},{"damage":7.0,"enemies":"Lagavulin","floor":7.0,"turns":5.0},{"damage":6.0,"enemies":"Large Slime","floor":8.0,"turns":5.0},{"damage":9.0,"enemies":"Red Slaver","floor":10.0,"turns":4.0},{"damage":0.0,"enemies":"Lots of Slimes","floor":11.0,"turns":1.0},{"damage":21.0,"enemies":"3 Sentries","floor":12.0,"turns":6.0},{"damage":2,"enemies":"Lagavulin Event","floor":13,"turns":4},{"damage":32,"enemies":"Gremlin Nob","floor":14,"turns":4},{"damage":14,"enemies":"Hexaghost","floor":16,"turns":6},{"damage":7,"enemies":"Shell Parasite","floor":18,"turns":3},{"damage":22,"enemies":"2 Thieves","floor":20,"turns":2},{"damage":0,"enemies":"3 Cultists","floor":22,"turns":3},{"damage":0,"enemies":"Book of Stabbing","floor":23,"turns":4},{"damage":13,"enemies":"Shelled Parasite and Fungi","floor":25,"turns":2}],"seed_played":"-4089491951274149464","potions_obtained":[{"floor":2.0,"key":"FearPotion"},{"floor":5.0,"key":"Strength Potion"},{"floor":8.0,"key":"SmokeBomb"},{"floor":10.0,"key":"FocusPotion"},{"floor":11.0,"key":"EssenceOfSteel"},{"floor":12.0,"key":"CultistPotion"},{"floor":13,"key":"ColorlessPotion"},{"floor":14,"key":"GamblersBrew"},{"floor":16,"key":"Ancient Potion"},{"floor":18,"key":"Energy Potion"},{"floor":23,"key":"EssenceOfDarkness"}],"is_trial":false,"path_per_floor":["M","M","?","?","M","R","E","M","T","M","M","E","?","E","R","B",null,"M","?","M","$","M","E","R","M"],"character_chosen":"DEFECT","items_purchased":["Bag of Marbles"],"campfire_rested":0,"item_purchase_floors":[21],"current_hp_per_floor":[63,59,59,48,48,48,41,35,35,26,26,5,3,39,39,25,60,53,33,11,11,11,13,13,0,0],"gold":225,"neow_bonus":"REMOVE_TWO","is_daily":false,"chose_seed":false,"campfire_upgraded":3,"win_rate":0.0,"timestamp":1609205397,"path_taken":["M","M","?","?","M","R","E","?","T","M","M","E","?","E","R","BOSS","M","?","M","$","M","E","R","M"],"items_purchased_type":["Relic"],"build_version":"2020-12-22","purchased_purges":1,"victory":false,"max_hp_per_floor":[71,71,71,71,71,71,71,71,71,71,71,71,71,71,71,71,71,71,76,76,76,76,78,78,78,78],"relic_stats":{"Gremlin Horn":[5,5],"Singing Bowl":2,"counters":[16,58],"Mummified Hand":[0],"obtain_stats":[{"Gremlin Horn":9,"Singing Bowl":23,"Mummified Hand":12,"Oddly Smooth Stone":14,"Bag of Marbles":21,"Cracked Core":0,"White Beast Statue":7,"Unceasing Top":13,"Nuclear Battery":17},{"Gremlin Horn":5,"Singing Bowl":15,"Mummified Hand":8,"Oddly Smooth Stone":10,"Bag of Marbles":13,"Cracked Core":0,"White Beast Statue":4,"Unceasing Top":9,"Nuclear Battery":11},{"Gremlin Horn":19,"Singing Bowl":56,"Mummified Hand":30,"Oddly Smooth Stone":38,"Bag of Marbles":49,"Cracked Core":0,"White Beast Statue":14,"Unceasing Top":34,"Nuclear Battery":44}],"Unceasing Top":[8]},"card_choices":[{"not_picked":["Turbo","Skim"],"picked":"Sweeping Beam","floor":1.0},{"not_picked":["Conserve Battery","Melter"],"picked":"Go for the Eyes","floor":2.0},{"not_picked":["Turbo","Biased Cognition"],"picked":"Hologram","floor":5.0},{"not_picked":["Consume","Hologram","Streamline"],"picked":"SKIP","floor":7.0},{"not_picked":["Leap","Redo"],"picked":"Beam Cell","floor":8.0},{"not_picked":["Sweeping Beam","Loop"],"picked":"Conserve Battery","floor":10.0},{"not_picked":["Storm","Turbo"],"picked":"Gash","floor":11.0},{"not_picked":["Coolheaded","Turbo","Stack"],"picked":"SKIP","floor":12.0},{"not_picked":["Biased Cognition","White Noise"],"picked":"Sweeping Beam","floor":13},{"not_picked":["Stack","Turbo","Conserve Battery"],"picked":"SKIP","floor":14},{"not_picked":["Amplify","Biased Cognition"],"picked":"Hyperbeam","floor":16},{"not_picked":["Double Energy","Conserve Battery"],"picked":"Leap+1","floor":18},{"not_picked":["Go for the Eyes","Streamline","Ball Lightning"],"picked":"SKIP","floor":20},{"not_picked":["Loop+1","Beam Cell","Cold Snap"],"picked":"SKIP","floor":22},{"not_picked":["Stack","Hologram","Steam"],"picked":"Singing Bowl","floor":23}],"player_experience":521993,"relics_obtained":[{"floor":7.0,"key":"White Beast Statue"},{"floor":9.0,"key":"Gremlin Horn"},{"floor":12.0,"key":"Mummified Hand"},{"floor":13,"key":"Unceasing Top"},{"floor":14,"key":"Oddly Smooth Stone"},{"floor":23,"key":"Singing Bowl"}],"event_choices":[{"damage_healed":0.0,"max_hp_gain":0.0,"max_hp_loss":0.0,"gold_gain":0.0,"event_name":"Living Wall","player_choice":"Grow","floor":3.0,"gold_loss":0.0,"damage_taken":0.0,"cards_upgraded":["Go for the Eyes"]},{"damage_healed":0.0,"max_hp_gain":0.0,"max_hp_loss":0.0,"gold_gain":75.0,"event_name":"World of Goop","player_choice":"Gather Gold","floor":4.0,"gold_loss":0.0,"damage_taken":11.0},{"damage_healed":0,"gold_gain":30,"player_choice":"Searched \u00273\u0027 times","damage_taken":0,"max_hp_gain":0,"max_hp_loss":0,"event_name":"Dead Adventurer","floor":13,"gold_loss":0},{"damage_healed":0,"gold_gain":0,"player_choice":"Shed Blood","damage_taken":25,"max_hp_gain":5,"max_hp_loss":0,"event_name":"Forgotten Altar","floor":19,"gold_loss":0}],"is_beta":false,"boss_relics":[{"not_picked":["Inserter","Sozu"],"picked":"Nuclear Battery"}],"items_purged_floors":[21],"is_endless":false,"potions_floor_spawned":[2,5,8,10,11,12,13,14,16,18,20,22,23],"killed_by":"Shelled Parasite and Fungi","ascension_level":20}}