{"host":"m6aaltr68g9tvoay","time":1609217030,"event":{"mods":["AchievementEnabler","BaseMod","Colored Map","Minty Spire (QoL Compilation)","StSLib"],"gold_per_floor":[110,30,30,39,64,64,106,106,106,106,134,134,74,107,107,214,223,252,174,34,67,90,90,10,30,30,30,30,44,53,85,85,85,85],"floor_reached":33,"playtime":992,"items_purged":["Injury","Strike_R"],"score":466,"play_id":"6719bb24-9cf3-4a30-9c08-d607aa59154d","local_time":"20201228204350","is_ascension_mode":true,"campfire_choices":[{"data":"Flame Barrier","floor":6.0,"key":"SMITH"},{"floor":8.0,"key":"REST"},{"floor":10.0,"key":"REST"},{"data":"Whirlwind","floor":12.0,"key":"SMITH"},{"floor":15.0,"key":"REST"},{"floor":23.0,"key":"REST"},{"data":"Demon Form","floor":28.0,"key":"SMITH"},{"floor":32.0,"key":"REST"}],"circlet_count":0,"master_deck":["AscendersBane","Strike_R","Strike_R","Strike_R","Defend_R","Defend_R","Defend_R","Defend_R","Bash","Inflame","Carnage","Flame Barrier+1","Rupture","Whirlwind+1","Shrug It Off","Feed","Demon Form+1","CurseOfTheBell","Seeing Red","Heavy Blade","Intimidate","Ghostly Armor","Shame","Limit Break"],"relics":["Burning Blood","CeramicFish","Golden Idol","The Courier","Meat on the Bone","Calling Bell","Bronze Scales","Question Card","Pocketwatch","Vajra","Anchor","Kunai","Pen Nib"],"acts_visited":["Exordium","TheCity"],"potions_floor_usage":[33,33],"damage_taken":[{"damage":9.0,"enemies":"2 Louse","floor":1.0,"turns":4.0},{"damage":7.0,"enemies":"Small Slimes","floor":5.0,"turns":3.0},{"damage":45.0,"enemies":"3 Sentries","floor":7.0,"turns":11.0},{"damage":19.0,"enemies":"Jaw Worm","floor":11.0,"turns":4.0},{"damage":15.0,"enemies":"Exordium Thugs","floor":14.0,"turns":5.0},{"damage":54.0,"enemies":"The Guardian","floor":16.0,"turns":13.0},{"damage":34.0,"enemies":"2 Thieves","floor":18.0,"turns":4.0},{"damage":1.0,"enemies":"3 Byrds","floor":21.0,"turns":2.0},{"damage":28.0,"enemies":"Cultist and Chosen","floor":22.0,"turns":7.0},{"damage":13.0,"enemies":"Snecko","floor":25.0,"turns":4.0},{"damage":26.0,"enemies":"Centurion and Healer","floor":29.0,"turns":7.0},{"damage":21.0,"enemies":"Snake Plant","floor":31.0,"turns":5.0},{"damage":111,"enemies":"Collector","floor":33,"turns":7}],"seed_played":"5333196179937379679","potions_obtained":[{"floor":5.0,"key":"Strength Potion"},{"floor":11.0,"key":"DistilledChaos"},{"floor":21.0,"key":"Strength Potion"},{"floor":25.0,"key":"Fire Potion"},{"floor":31.0,"key":"Regen Potion"}],"is_trial":false,"path_per_floor":["M","$","?","?","M","R","E","R","T","R","M","R","$","M","R","B",null,"M","?","$","M","M","R","$","M","T","$","R","M","?","M","R","B"],"character_chosen":"IRONCLAD","items_purchased":["Flame Barrier","Anchor","Heavy Blade"],"campfire_rested":5,"item_purchase_floors":[2,20,20],"current_hp_per_floor":[65,65,60,60,59,59,20,42,42,64,51,51,51,54,75,42,69,56,56,56,61,51,75,75,68,68,68,68,51,51,48,73,0,0],"gold":85,"neow_bonus":"TRANSFORM_CARD","is_daily":false,"chose_seed":false,"campfire_upgraded":3,"win_rate":0.0,"timestamp":1609217030,"path_taken":["M","$","?","?","M","R","E","R","T","R","M","R","$","M","R","BOSS","M","?","$","M","M","R","?","?","T","$","R","M","?","M","R","BOSS"],"items_purchased_type":["Card","Relic","Card"],"build_version":"2020-12-22","purchased_purges":2,"victory":false,"max_hp_per_floor":[75,75,75,75,75,75,75,75,75,75,75,75,75,75,75,78,78,81,81,81,81,81,81,81,81,81,81,81,84,84,84,84,84,84],"card_choices":[{"not_picked":["Clothesline","Warcry"],"picked":"Carnage","floor":1.0},{"not_picked":["Body Slam","Blood for Blood"],"picked":"Rupture","floor":5.0},{"not_picked":["Thunderclap","Wild Strike"],"picked":"Whirlwind","floor":7.0},{"not_picked":["Intimidate","Clash"],"picked":"Shrug It Off","floor":11.0},{"not_picked":["Rage","Bloodletting"],"picked":"Feed","floor":14.0},{"not_picked":["Exhume","Corruption"],"picked":"Demon Form","floor":16.0},{"not_picked":["Body Slam","Flex","Thunderclap"],"picked":"Seeing Red","floor":18.0},{"not_picked":["Clothesline","Evolve","Armaments"],"picked":"Intimidate","floor":21.0},{"not_picked":["Armaments","Sword Boomerang","Warcry"],"picked":"Ghostly Armor","floor":22.0},{"not_picked":["Warcry","Second Wind+1","Pommel Strike","Clash"],"picked":"SKIP","floor":25.0},{"not_picked":["Iron Wave","Body Slam","Wild Strike","Spot Weakness"],"picked":"SKIP","floor":29.0},{"not_picked":["Flame Barrier","Whirlwind+1","Dropkick+1"],"picked":"Limit Break","floor":31.0}],"player_experience":1316402,"relics_obtained":[{"floor":7.0,"key":"The Courier"},{"floor":9.0,"key":"Meat on the Bone"},{"floor":17.0,"key":"Bronze Scales"},{"floor":17.0,"key":"Question Card"},{"floor":17.0,"key":"Pocketwatch"},{"floor":26.0,"key":"Kunai"}],"event_choices":[{"damage_healed":0.0,"max_hp_gain":0.0,"max_hp_loss":0.0,"gold_gain":0.0,"event_name":"Scrap Ooze","player_choice":"Success","floor":3.0,"gold_loss":0.0,"damage_taken":5.0,"relics_obtained":["CeramicFish"]},{"damage_healed":0.0,"max_hp_gain":0.0,"max_hp_loss":0.0,"gold_gain":0.0,"event_name":"Golden Idol","player_choice":"Take Wound","floor":4.0,"gold_loss":0.0,"damage_taken":0.0,"relics_obtained":["Golden Idol"],"cards_obtained":["Injury"]},{"damage_healed":0.0,"max_hp_gain":0.0,"max_hp_loss":0.0,"gold_gain":0.0,"event_name":"WeMeetAgain","player_choice":"Paid Gold","floor":19.0,"gold_loss":78.0,"damage_taken":0.0,"relics_obtained":["Vajra"]},{"damage_healed":0.0,"max_hp_gain":0.0,"max_hp_loss":0.0,"gold_gain":0.0,"event_name":"Addict","player_choice":"Stole Relic","floor":30.0,"gold_loss":0.0,"damage_taken":0.0,"relics_obtained":["Pen Nib"],"cards_obtained":["Shame"]}],"is_beta":false,"boss_relics":[{"not_picked":["Runic Dome","Philosopher\u0027s Stone"],"picked":"Calling Bell"}],"items_purged_floors":[13,24],"is_endless":false,"potions_floor_spawned":[5,11,21,25,31],"killed_by":"Collector","ascension_level":18}}