{"host":"2yqfi47fogfu1ic4","time":1609273367,"event":{"mods":["AchievementEnabler","BaseMod","Colored Map","Colored Powertips","Highlight Path","Minty Spire (QoL Compilation)","Permanent Neow","Relic Stats","StSLib"],"gold_per_floor":[112,123,140,193,212,238,238,272,297,312,337,337,355,355,355,429,429,441,441,391,402,415,415,443,443,443,454,484,497,497,422,422,498,498,510,20,0,53,67,67,79,79,128,128,145,173,173,208,208,208,208,208,208,11,40,40],"floor_reached":57,"playtime":9079,"items_purged":["Masterful Stab","Regret"],"score":3365,"play_id":"ed873f2d-25e9-49e1-8404-7bf41bb329ac","local_time":"20201229212247","is_ascension_mode":true,"campfire_choices":[{"data":"Venomology","floor":7.0,"key":"SMITH"},{"data":"Reflex","floor":12.0,"key":"SMITH"},{"data":"Calculated Gamble","floor":15.0,"key":"SMITH"},{"data":"Acrobatics","floor":23.0,"key":"SMITH"},{"data":"Concentrate","floor":25.0,"key":"SMITH"},{"data":"Acrobatics","floor":32.0,"key":"SMITH"},{"data":"Acrobatics","floor":42,"key":"SMITH"},{"floor":44,"key":"RECALL"},{"data":"Acrobatics","floor":49,"key":"SMITH"},{"data":"Footwork","floor":53,"key":"SMITH"}],"circlet_count":0,"master_deck":["AscendersBane","Survivor","Neutralize","Footwork+1","Underhanded Strike","Backstab","Venomology+1","Quick Slash","Deflect","Dash","Concentrate+1","Reflex+1","Acrobatics+1","Escape Plan","Calculated Gamble+1","PiercingWail","After Image","Ghostly","Ghostly","Ghostly","Grand Finale","Acrobatics+1","After Image","Acrobatics+1","Eviscerate","Acrobatics+1","PanicButton","Backflip"],"relics":["Pandora\u0027s Box","Torii","Happy Flower","Blood Vial","Snake Skull","Runic Pyramid","StrikeDummy","Sundial","Meat on the Bone","MutagenicStrength","Cursed Key","Tingsha","Medical Kit","Red Mask","Du-Vu Doll","Turnip","HornCleat","Bag of Preparation"],"acts_visited":["Exordium","TheCity","TheBeyond","TheEnding"],"potions_floor_usage":[38,39,50,55,56],"damage_taken":[{"damage":0.0,"enemies":"2 Louse","floor":1.0,"turns":1.0},{"damage":8.0,"enemies":"Small Slimes","floor":2.0,"turns":3.0},{"damage":0.0,"enemies":"Cultist","floor":3.0,"turns":2.0},{"damage":0.0,"enemies":"Large Slime","floor":5.0,"turns":4.0},{"damage":0.0,"enemies":"3 Sentries","floor":6.0,"turns":5.0},{"damage":0.0,"enemies":"Gremlin Nob","floor":8.0,"turns":3.0},{"damage":0.0,"enemies":"3 Louse","floor":10.0,"turns":2.0},{"damage":0.0,"enemies":"Lagavulin","floor":11.0,"turns":6.0},{"damage":0.0,"enemies":"Looter","floor":13.0,"turns":2.0},{"damage":0.0,"enemies":"Hexaghost","floor":16.0,"turns":8.0},{"damage":0.0,"enemies":"Spheric Guardian","floor":18.0,"turns":3.0},{"damage":0.0,"enemies":"2 Thieves","floor":21.0,"turns":4.0},{"damage":0.0,"enemies":"Centurion and Healer","floor":22.0,"turns":7.0},{"damage":0.0,"enemies":"Gremlin Leader","floor":24.0,"turns":3.0},{"damage":13.0,"enemies":"Snake Plant","floor":27.0,"turns":4.0},{"damage":1.0,"enemies":"Slavers","floor":28.0,"turns":4.0},{"damage":0.0,"enemies":"Shelled Parasite and Fungi","floor":29.0,"turns":3.0},{"damage":0.0,"enemies":"Collector","floor":33.0,"turns":4.0},{"damage":0.0,"enemies":"3 Darklings","floor":35.0,"turns":3.0},{"damage":0,"enemies":"2 Orb Walkers","floor":38,"turns":3},{"damage":0,"enemies":"Orb Walker","floor":39,"turns":2},{"damage":0,"enemies":"Transient","floor":41,"turns":6},{"damage":0,"enemies":"Sphere and 2 Shapes","floor":45,"turns":3},{"damage":0,"enemies":"Giant Head","floor":46,"turns":3},{"damage":2,"enemies":"Reptomancer","floor":48,"turns":4},{"damage":0,"enemies":"Time Eater","floor":50,"turns":9},{"damage":13,"enemies":"Donu and Deca","floor":51,"turns":6},{"damage":2,"enemies":"Shield and Spear","floor":55,"turns":3},{"damage":1,"enemies":"The Heart","floor":56,"turns":7}],"seed_played":"-2275867153770051218","potions_obtained":[{"floor":1.0,"key":"Energy Potion"},{"floor":11.0,"key":"LiquidMemories"},{"floor":39,"key":"Swift Potion"}],"is_trial":false,"path_per_floor":["M","M","M","?","M","E","R","E","T","M","E","R","M","?","R","B",null,"M","?","?","M","M","R","E","R","T","M","E","M","?","$","R","B",null,"M","$","?","?","M","T","M","R","T","R","M","E","T","E","R","B","B",null,"R","$","E","B",null],"character_chosen":"THE_SILENT","items_purchased":["Tingsha","Medical Kit","PanicButton"],"campfire_rested":0,"item_purchase_floors":[36,36,54],"current_hp_per_floor":[59,51,51,51,51,51,51,51,51,53,55,55,57,57,57,59,64,66,33,33,33,33,33,33,33,33,20,21,23,23,23,23,25,31,33,33,33,33,33,33,33,33,33,33,33,33,33,31,31,33,20,30,30,30,30,33],"gold":40,"neow_bonus":"BOSS_RELIC","is_daily":false,"chose_seed":false,"campfire_upgraded":9,"win_rate":0.0,"timestamp":1609273367,"path_taken":["M","M","M","?","M","E","R","E","T","M","E","R","M","?","R","BOSS","M","?","?","M","?","R","E","R","T","M","E","M","?","$","R","BOSS","M","$","?","?","M","?","M","R","T","R","M","E","?","E","R","BOSS","BOSS","R","$","E","BOSS"],"items_purchased_type":["Relic","Relic","Card"],"build_version":"2020-12-22","purchased_purges":2,"victory":true,"max_hp_per_floor":[66,66,66,66,66,66,66,66,66,66,66,66,66,66,66,66,66,66,33,33,33,33,33,33,33,33,33,33,33,33,33,33,33,33,33,33,33,33,33,33,33,33,33,33,33,33,33,33,33,33,33,33,33,33,33,33],"relic_stats":{"Torii":6,"Happy Flower":[33],"counters":[29,117],"Tingsha":[844],"Snake Skull":[0],"Bag of Preparation":[2],"Cursed Key":1,"Medical Kit":[9],"Blood Vial":24,"Sundial":[40],"Pandora\u0027s Box":["Footwork","Underhanded Strike","Backstab","Tools of the Trade","Venomology","Quick Slash","Masterful Stab","Deflect","Dash","Concentrate"],"Turnip":[3],"obtain_stats":[{"Torii":6,"Happy Flower":8,"Tingsha":36,"Snake Skull":11,"Bag of Preparation":55,"Cursed Key":34,"Medical Kit":36,"Blood Vial":9,"Du-Vu Doll":38,"HornCleat":48,"Sundial":26,"MutagenicStrength":30,"Pandora\u0027s Box":0,"Turnip":46,"Red Mask":37,"StrikeDummy":24,"Ring of the Snake":0,"Runic Pyramid":17,"Meat on the Bone":28},{"Torii":5,"Happy Flower":6,"Tingsha":19,"Snake Skull":8,"Bag of Preparation":28,"Cursed Key":18,"Medical Kit":19,"Blood Vial":6,"Du-Vu Doll":20,"HornCleat":25,"Sundial":14,"MutagenicStrength":17,"Pandora\u0027s Box":0,"Turnip":24,"Red Mask":19,"StrikeDummy":14,"Ring of the Snake":0,"Runic Pyramid":10,"Meat on the Bone":16},{"Torii":15,"Happy Flower":18,"Tingsha":71,"Snake Skull":26,"Bag of Preparation":110,"Cursed Key":68,"Medical Kit":71,"Blood Vial":18,"Du-Vu Doll":74,"HornCleat":92,"Sundial":53,"MutagenicStrength":64,"Pandora\u0027s Box":0,"Turnip":88,"Red Mask":71,"StrikeDummy":53,"Ring of the Snake":0,"Runic Pyramid":36,"Meat on the Bone":61}],"Meat on the Bone":0},"card_choices":[{"not_picked":["Prepared","Sucker Punch"],"picked":"Reflex","floor":1.0},{"not_picked":["Slice","Sucker Punch"],"picked":"Acrobatics","floor":2.0},{"not_picked":["Outmaneuver","Deadly Poison"],"picked":"Escape Plan","floor":3.0},{"not_picked":["Noxious Fumes","Acrobatics","Bouncing Flask"],"picked":"SKIP","floor":5.0},{"not_picked":["PiercingWail","Slice"],"picked":"Calculated Gamble","floor":6.0},{"not_picked":["Underhanded Strike","Dodge and Roll","Caltrops"],"picked":"SKIP","floor":8.0},{"not_picked":["Burst","PiercingWail","Leg Sweep"],"picked":"SKIP","floor":10.0},{"not_picked":["Burst","Leg Sweep"],"picked":"PiercingWail","floor":10.0},{"not_picked":["Deflect","Heel Hook","Outmaneuver"],"picked":"SKIP","floor":11.0},{"not_picked":["Quick Slash","Concentrate","Leg Sweep"],"picked":"SKIP","floor":13.0},{"not_picked":["Bullet Time","Night Terror"],"picked":"After Image","floor":16.0},{"not_picked":["Bane","Catalyst","Poisoned Stab"],"picked":"SKIP","floor":18.0},{"not_picked":["Cloak And Dagger","Dodge and Roll","Masterful Stab"],"picked":"SKIP","floor":21.0},{"not_picked":["Sucker Punch+1","Blade Dance"],"picked":"Grand Finale","floor":22.0},{"not_picked":["Footwork","Blade Dance","Sucker Punch"],"picked":"SKIP","floor":24.0},{"not_picked":["Endless Agony","Flying Knee","Outmaneuver"],"picked":"SKIP","floor":27.0},{"not_picked":["Underhanded Strike","Calculated Gamble","Flechettes"],"picked":"SKIP","floor":28.0},{"not_picked":["Deflect","Blur"],"picked":"Acrobatics","floor":29.0},{"not_picked":["A Thousand Cuts","Glass Knife"],"picked":"After Image","floor":33.0},{"not_picked":["Bane+1","Underhanded Strike","Heel Hook"],"picked":"SKIP","floor":35.0},{"not_picked":["Blade Dance","Cloak And Dagger"],"picked":"Acrobatics","floor":39},{"not_picked":["Blur","Accuracy","Deflect+1"],"picked":"SKIP","floor":41},{"not_picked":["Prepared","Sucker Punch"],"picked":"Eviscerate","floor":45},{"not_picked":["Corpse Explosion","Flying Knee+1"],"picked":"Acrobatics","floor":46},{"not_picked":["Cloak And Dagger+1","Riddle With Holes","Poisoned Stab+1"],"picked":"SKIP","floor":48},{"not_picked":["Quick Slash","Underhanded Strike"],"picked":"Backflip","floor":55}],"player_experience":1944995,"relics_obtained":[{"floor":6.0,"key":"Torii"},{"floor":8.0,"key":"Happy Flower"},{"floor":9.0,"key":"Blood Vial"},{"floor":11.0,"key":"Snake Skull"},{"floor":24.0,"key":"StrikeDummy"},{"floor":26.0,"key":"Sundial"},{"floor":28.0,"key":"Meat on the Bone"},{"floor":38,"key":"Du-Vu Doll"},{"floor":46,"key":"Turnip"},{"floor":48,"key":"HornCleat"},{"floor":55,"key":"Bag of Preparation"}],"event_choices":[{"damage_healed":0.0,"max_hp_gain":0.0,"max_hp_loss":0.0,"gold_gain":53.0,"event_name":"Golden Wing","player_choice":"Gained Gold","floor":4.0,"gold_loss":0.0,"damage_taken":0.0},{"cards_removed":["Tools of the Trade"],"damage_healed":0.0,"max_hp_gain":0.0,"max_hp_loss":0.0,"gold_gain":0.0,"event_name":"Living Wall","player_choice":"Forget","floor":14.0,"gold_loss":0.0,"damage_taken":0.0},{"damage_healed":0.0,"max_hp_gain":0.0,"max_hp_loss":33.0,"gold_gain":0.0,"event_name":"Ghosts","player_choice":"Became a Ghost","floor":19.0,"gold_loss":0.0,"damage_taken":0.0,"cards_obtained":["Ghostly","Ghostly","Ghostly"]},{"damage_healed":0.0,"max_hp_gain":0.0,"max_hp_loss":0.0,"gold_gain":0.0,"event_name":"The Joust","player_choice":"Bet on Owner","floor":20.0,"gold_loss":50.0,"damage_taken":0.0},{"damage_healed":0.0,"max_hp_gain":0.0,"max_hp_loss":0.0,"gold_gain":0.0,"event_name":"Drug Dealer","player_choice":"Inject Mutagens","floor":30.0,"gold_loss":0.0,"damage_taken":0.0,"relics_obtained":["MutagenicStrength"]},{"damage_healed":0,"gold_gain":0,"player_choice":"Paid","damage_taken":0,"relics_obtained":["Red Mask"],"max_hp_gain":0,"max_hp_loss":0,"event_name":"Tomb of Lord Red Mask","floor":37,"gold_loss":20},{"damage_healed":0,"gold_gain":0,"player_choice":"Fight","damage_taken":0,"max_hp_gain":0,"max_hp_loss":0,"event_name":"Mysterious Sphere","floor":38,"gold_loss":0}],"is_beta":false,"boss_relics":[{"not_picked":["HoveringKite","Tiny House"],"picked":"Runic Pyramid"},{"not_picked":["Calling Bell","Snecko Eye"],"picked":"Cursed Key"}],"items_purged_floors":[31,54],"is_endless":false,"potions_floor_spawned":[1,3,11,16,22,24,33,35,39,41,48,55],"ascension_level":20}}