{"host":"ymw71f7rc9ndansy","time":1609235175,"event":{"mods":["ATMod(°¢èªMod)","Act Like it!","Aspiration","BaseMod","DeckTracker","Hubris","Library of Ruina","Library of Ruina Extra","Lobotomy","LobotomyExtend","Minty Spire (QoL Compilation)","MostiFishMod","Remove Card Discount Mod","Replay The Spire","StSLib","TestMod","¡¾ÒÅÎï¿¨ÅÆ¡¿REMEMod"],"gold_per_floor":[110,110,110,121,132,167,249,274,274,304,298,298,314,348,348,421,421,439,354,354,274,290,290,302,302,302,329,349,349,364,374,374,448,448,448],"floor_reached":34,"playtime":946,"items_purged":["Pain","Suppress","AT_DivineConfetti"],"score":1730,"play_id":"8d5f6008-22a1-4fcf-9556-9ef751a39f0b","local_time":"20201229174615","is_ascension_mode":true,"campfire_choices":[{"data":"Faith","floor":12,"key":"SMITH"},{"data":"Commandeering","floor":15,"key":"SMITH"},{"data":"WillOfThePrescript","floor":23,"key":"SMITH"},{"data":"UnavoidableGaze","floor":25,"key":"SMITH"},{"data":"SenseQuarry","floor":29,"key":"SMITH"},{"data":"CUTE","floor":32,"key":"SMITH"}],"circlet_count":0,"master_deck":["AscendersBane","DegradedFairy","DegradedFairy","DegradedFairy","DegradedChain","DegradedChain","DegradedLock","DegradedPillar","DegradedPillar","DegradedShockwave","Commandeering+1","Faith+1","TrashDisposal","GaleKick","Quickness","RepressedFlesh","UnavoidableGaze+1","WillOfThePrescript+1","FrontalAssault","SenseQuarry+1","CUTE+1","UnforgettableMelody"],"relics":["PageOfLibrarian","testmod-TestBox","DaveBox","REME_ComplimentaryCards","AT_ATBox","ExusiaiGun","testmod-ChristmasGift","SynthV:TestCard","Garlic","Centennial Puzzle","hubris:SlimyHat","AT_ArchangelStaff","LetterFromLob","Ancient Tea Set","Gaze_r","HonorFeather","AT_SunfireAegis","HaiYi:Twilight","hubris:DisguiseKit","Strawberry","OriginationStaff","PatriotShield"],"acts_visited":["Exordium","TheCity"],"potions_floor_usage":[10,10],"damage_taken":[{"damage":0,"enemies":"2 Louse","floor":1,"turns":2},{"damage":0,"enemies":"Jaw Worm","floor":4,"turns":1},{"damage":2,"enemies":"Small Slimes","floor":5,"turns":3},{"damage":0,"enemies":"Lagavulin","floor":6,"turns":3},{"damage":7,"enemies":"3 Sentries","floor":8,"turns":2},{"damage":0,"enemies":"3 Sentries","floor":10,"turns":1},{"damage":10,"enemies":"3 Sentries","floor":10,"turns":1},{"damage":0,"enemies":"Looter","floor":13,"turns":1},{"damage":0,"enemies":"Gremlin Nob","floor":14,"turns":2},{"damage":0,"enemies":"Slime Boss","floor":16,"turns":1},{"damage":0,"enemies":"2 Thieves","floor":18,"turns":1},{"damage":0,"enemies":"Chosen","floor":22,"turns":1},{"damage":0,"enemies":"3 Cultists","floor":24,"turns":2},{"damage":0,"enemies":"Slavers","floor":27,"turns":1},{"damage":0,"enemies":"Cultist and Chosen","floor":28,"turns":2},{"damage":0,"enemies":"Snake Plant","floor":30,"turns":1},{"damage":0,"enemies":"Centurion and Healer","floor":31,"turns":1},{"damage":0,"enemies":"Pondfish","floor":33,"turns":3}],"seed_played":"-2057151750588128580","potions_obtained":[{"floor":5,"key":"REME_GoldPotion"},{"floor":8,"key":"Adrenaline Potion"}],"is_trial":false,"path_per_floor":["M","?","T","M","M","E","?","E","T","?","$","R","M","E","R","B",null,"M","?","?","?","M","R","M","R","T","E","M","R","M","M","R","B",null],"character_chosen":"Librarian","items_purchased":[],"campfire_rested":0,"item_purchase_floors":[],"current_hp_per_floor":[55,20,20,20,23,26,26,36,36,90,90,602,602,602,602,602,602,602,602,602,602,602,602,602,602,609,609,609,609,609,609,609,609,609,609],"gold":448,"neow_bonus":"ONE_RANDOM_RARE_CARD","is_daily":false,"chose_seed":false,"campfire_upgraded":6,"win_rate":0.0,"timestamp":1609235175,"path_taken":["M","?","?","?","M","E","?","E","T","?","$","R","M","E","R","BOSS","M","?","?","?","M","R","M","R","T","E","M","R","M","?","R","BOSS"],"items_purchased_type":[],"build_version":"2020-12-22","purchased_purges":3,"victory":false,"max_hp_per_floor":[90,90,90,90,90,90,90,90,90,602,602,602,602,602,602,602,602,602,602,602,602,602,602,602,602,609,609,609,609,609,609,609,609,609,609],"card_choices":[{"not_picked":["Thrust","Wallop_lor","ProselytesBlade","UnavoidableGaze","DarkCloud","AssaultOrder","HighSpeedStabbing","SharpSwipe","ViolentFlame"],"picked":"SKIP","floor":1},{"not_picked":["LeRegole","MultiBlock","TrimTheIngredients","ToWhereThePrescriptPoints","SomberProcuration","ElectricShock","FeelinGood","GuidanceOfTheGears","PreemptiveStrike","SharpNails"],"picked":"Faith","floor":4},{"not_picked":["MultiBlock","Quickness","UpbeatPerformance","Pound","HiddenBlade","BurningFlash","SunsetBlade","FlyingSword","Fence","Reload"],"picked":"TrashDisposal","floor":5},{"not_picked":["BackAttack","Reload","SomberProcuration","Leap_lor","TendonChords","Execute_lor","EnergyCycle","FleetFootsteps","TasteMyFlamingBat","SharpSwipe","StrongStrike"],"picked":"SKIP","floor":6},{"not_picked":["Crush","BackAttack","ProselytesBlade","PreemptiveStrike","UncannyStrike","CircusKnives","BiteOff","EnergyCycle","FrontalAssault","FormingStorm"],"picked":"GaleKick","floor":13},{"not_picked":["FeatherShield","EnergyShield","Execute_lor","LawAndOrder","DeepDrag","BlazingStrike","SunsetBlade","TheRedNotes","Juggling","FleetEdge"],"picked":"Quickness","floor":14},{"not_picked":["SenseQuarry","Punishment","EnergyBeam","SilentNight"],"picked":"RepressedFlesh","floor":16},{"not_picked":["Unlock1","EnergyCycle","GatherIntel","FleetEdge","MultiHit","YouOnlyLiveOnce","FaintMemories","CutIn","NonstopAssault","SturdyDefense"],"picked":"UnavoidableGaze","floor":18},{"not_picked":["GuidanceOfTheGears","DesperateStruggle","Wallop_lor","SuppressingShot","GuardingStance","Unlock1+1","WillOfThePrescript","BladeWhirl","Slice_lor","HiddenBlade","BindingArms","CrimsonScar"],"picked":"SKIP","floor":22},{"not_picked":["TasteMyFlamingBat+1","CircusKnives","Outburst","FleetEdge","YoureTooSlow","UnavoidableGaze+1","SinglePointStab","FierceOnslaught","SharpNails","EndlessBattle+1","WristCuter"],"picked":"FrontalAssault","floor":24},{"not_picked":["SpearedSweep","FleshFillet","TheRedNotes","SilentNight","StrongStrike","ToWhereThePrescriptPoints","DesperateStruggle","ShockingBlow","SmokingPipe","FleetFootsteps","Diversion","SomewhereSpear"],"picked":"SKIP","floor":27},{"not_picked":["UnavoidableGaze","StrongStrike","SinglePointStab","TendonChords","Execute_lor","Parry","ForcefulGesture","SmokingPipe","HighSpeedStabbing","QuickAttack","Penitence"],"picked":"SenseQuarry","floor":28},{"not_picked":["YoureAHindrance","KeepItFresh","Parry","BindingChains","Riposte","Outburst+1","Gamble","Overpower","FleetFootsteps","MultiBlock","CumulusWall","Horn"],"picked":"SKIP","floor":30},{"not_picked":["ViolentFlame","UpbeatPerformance","StartinOutLightly","LawAndOrder","SuppressingShot","HandleRequest","SkitterAway","DriedUp","PreemptiveStrike","MultiHit","Faith"],"picked":"CUTE","floor":31},{"not_picked":["ChargeUp","TieShanKao","BoundaryOfDeath","DaringDecision","ParadiseLost"],"picked":"UnforgettableMelody","floor":33}],"player_experience":1058487,"relics_obtained":[{"floor":1,"key":"SynthV:TestCard"},{"floor":6,"key":"Centennial Puzzle"},{"floor":7,"key":"hubris:SlimyHat"},{"floor":8,"key":"AT_ArchangelStaff"},{"floor":8,"key":"LetterFromLob"},{"floor":9,"key":"Ancient Tea Set"},{"floor":14,"key":"AT_SunfireAegis"},{"floor":26,"key":"Strawberry"},{"floor":27,"key":"OriginationStaff"}],"event_choices":[{"damage_healed":0,"gold_gain":0,"player_choice":"Success","damage_taken":35,"relics_obtained":["Garlic"],"max_hp_gain":0,"max_hp_loss":0,"event_name":"Scrap Ooze","floor":2,"gold_loss":0},{"damage_healed":0,"gold_gain":0,"player_choice":"Obtained Relic","damage_taken":0,"relics_obtained":["hubris:DisguiseKit"],"max_hp_gain":0,"max_hp_loss":0,"event_name":"Addict","floor":19,"gold_loss":85}],"is_beta":false,"boss_relics":[{"not_picked":["NightmareShop","hubris:VirtuousBlindfold"],"picked":"HaiYi:Twilight"},{"not_picked":["Replay:Wanted Poster","testmod-StringDisintegrator"],"picked":"PatriotShield"}],"items_purged_floors":[11,11,11],"is_endless":false,"potions_floor_spawned":[5,8,10,13,18,24,27,33],"ascension_level":20}}