{"host":"tpad8qsc9e0g0pa5","time":1609248915,"event":{"mods":["BaseMod","Minty Spire (QoL Compilation)","Quick Restart","StSLib","The Bug Knight","The Servant 0.9.4"],"gold_per_floor":[161,12,12,30,30,55,55,55,55,74,85,85,113,132,132,232,232,250,262,361,31,45,45,45,45],"floor_reached":24,"playtime":2664,"items_purged":[],"score":216,"play_id":"30106039-8bbb-420e-b0e0-65047e73f1d6","local_time":"20201229213515","is_ascension_mode":true,"campfire_choices":[{"data":"HollowMod:HornetsHelp","floor":7.0,"key":"SMITH"},{"data":"HollowMod:PerfectDash","floor":12.0,"key":"SMITH"},{"data":"HollowMod:DescendingDark","floor":15.0,"key":"SMITH"},{"data":"Apotheosis","floor":23.0,"key":"SMITH"}],"circlet_count":0,"master_deck":["HollowMod:NailStrikeStart","HollowMod:NailStrikeStart","HollowMod:NailStrikeStart","HollowMod:NailStrikeStart","HollowMod:QuickDashStart","HollowMod:QuickDashStart","HollowMod:QuickDashStart","HollowMod:QuickDashStart+1","HollowMod:PogoStrike","HollowMod:WraithStrike","HollowMod:DescendingDark+1","HollowMod:HornetsHelp+1","HollowMod:PerfectDash+1","HollowMod:ShadowDash","HollowMod:DoubleDash","HollowMod:WraithStrike","HollowMod:CloakDash","HollowMod:ShadowDash","HollowMod:LordofShades","HollowMod:MantisMark","Apotheosis+1","HollowMod:ShadowDash+1"],"relics":["Tiny House","Eternal Feather","Ice Cream","Letter Opener","HornCleat","Runic Pyramid","Lee\u0027s Waffle"],"acts_visited":["Exordium","TheCity"],"potions_floor_usage":[],"damage_taken":[{"damage":2.0,"enemies":"Small Slimes","floor":1.0,"turns":3.0},{"damage":0.0,"enemies":"Jaw Worm","floor":4.0,"turns":3.0},{"damage":7.0,"enemies":"3 Sentries","floor":6.0,"turns":8.0},{"damage":0.0,"enemies":"Cultist","floor":10.0,"turns":3.0},{"damage":17.0,"enemies":"Large Slime","floor":11.0,"turns":5.0},{"damage":7.0,"enemies":"Gremlin Nob","floor":13.0,"turns":3.0},{"damage":0.0,"enemies":"Looter","floor":14.0,"turns":2.0},{"damage":68.0,"enemies":"Slime Boss","floor":16.0,"turns":18.0},{"damage":24.0,"enemies":"Spheric Guardian","floor":18.0,"turns":7.0},{"damage":0.0,"enemies":"Chosen","floor":19.0,"turns":6.0},{"damage":36.0,"enemies":"Centurion and Healer","floor":22.0,"turns":6.0},{"damage":0,"enemies":"Slavers","floor":24,"turns":1}],"seed_played":"-7811687890550144150","potions_obtained":[{"floor":0.0,"key":"Block Potion"},{"floor":1.0,"key":"Block Potion"},{"floor":10.0,"key":"SteroidPotion"},{"floor":11.0,"key":"FearPotion"},{"floor":16.0,"key":"SteroidPotion"},{"floor":18.0,"key":"LiquidBronze"},{"floor":22.0,"key":"LiquidBronze"}],"is_trial":false,"path_per_floor":["M","$","?","M","$","E","R","T","T","M","M","R","E","M","R","B",null,"M","M","?","$","M","R","E"],"character_chosen":"THE_BUGKNIGHT","items_purchased":["HollowMod:HornetsHelp","HollowMod:PerfectDash","Apotheosis","Lee\u0027s Waffle"],"campfire_rested":0,"item_purchase_floors":[2,2,21,21],"current_hp_per_floor":[78,78,78,78,78,71,80,80,80,80,63,72,65,65,74,6,80,56,56,56,87,51,63,63,63],"gold":45,"neow_bonus":"BOSS_RELIC","is_daily":false,"chose_seed":false,"campfire_upgraded":4,"win_rate":0.0,"timestamp":1609248915,"path_taken":["M","$","?","M","$","E","R","?","T","?","M","R","E","M","R","BOSS","M","M","?","$","M","R","E"],"items_purchased_type":["Card","Card","Card","Relic"],"build_version":"2020-12-22","purchased_purges":0,"victory":false,"max_hp_per_floor":[80,80,80,80,80,80,80,80,80,80,80,80,80,80,80,80,80,80,80,80,87,87,87,87,87],"card_choices":[{"not_picked":["HollowMod:DoubleDash","HollowMod:HowlingWraiths"],"picked":"HollowMod:WraithStrike","floor":0.0},{"not_picked":["HollowMod:ShadowDash","HollowMod:SoulSplash"],"picked":"HollowMod:DescendingDark","floor":1.0},{"not_picked":["HollowMod:LifebloodCocoon","HollowMod:NewLittleFool"],"picked":"HollowMod:ShadowDash","floor":4.0},{"not_picked":["HollowMod:CornifersMapStart","HollowMod:SoulStrike"],"picked":"HollowMod:DoubleDash","floor":6.0},{"not_picked":["HollowMod:NewInfectedGuardian","HollowMod:LifebloodCocoon"],"picked":"HollowMod:WraithStrike","floor":10.0},{"not_picked":["HollowMod:SiblingsSouls","HollowMod:CrystalDash","HollowMod:SoulSplash"],"picked":"SKIP","floor":11.0},{"not_picked":["HollowMod:TaintedHusks","HollowMod:BrokenVessel"],"picked":"HollowMod:CloakDash","floor":13.0},{"not_picked":["HollowMod:SharpenedNail","HollowMod:PureNailStrike"],"picked":"HollowMod:ShadowDash","floor":14.0},{"not_picked":["HollowMod:HerrahsAnger","HollowMod:PureVessel"],"picked":"HollowMod:LordofShades","floor":16.0},{"not_picked":["HollowMod:ShadowDash+1","HollowMod:InfectedAttack+1"],"picked":"HollowMod:MantisMark","floor":18.0},{"not_picked":["HollowMod:ChannelNail+1","HollowMod:LifebloodCocoon","HollowMod:TaintedHusks"],"picked":"SKIP","floor":19.0},{"not_picked":["HollowMod:DashSlash","HollowMod:BrokenVessel+1"],"picked":"HollowMod:ShadowDash+1","floor":22.0}],"player_experience":286957,"relics_obtained":[{"floor":6.0,"key":"Eternal Feather"},{"floor":8.0,"key":"Ice Cream"},{"floor":9.0,"key":"Letter Opener"},{"floor":13.0,"key":"HornCleat"}],"event_choices":[{"damage_healed":0.0,"max_hp_gain":0.0,"max_hp_loss":0.0,"gold_gain":99.0,"event_name":"Nest","player_choice":"Stole From Cult","floor":20.0,"gold_loss":0.0,"damage_taken":0.0}],"is_beta":false,"boss_relics":[{"not_picked":["Snecko Eye","Fusion Hammer"],"picked":"Runic Pyramid"}],"items_purged_floors":[],"is_endless":false,"potions_floor_spawned":[1,10,11,16,18,22],"killed_by":"Slavers","ascension_level":1}}