{"host":"ydb2tj77qwtn71sy","time":1609251383,"event":{"mods":["2.2 Compatiblity","AchievementEnabler","Aspiration","BaseMod","Bestiary","Better Note","Better Skull","Better Third Choice","BetterRewards","Colored Map","Colored Powertips","Conspire","DeckTracker","Displayed Cursed Tome","Infinite Spire","Lobotomy","Minty Spire (QoL Compilation)","Relic Stats","Replay The Spire","Spicy Shops","StSLib","The Blue Laboratory","Uncapped"],"gold_per_floor":[119,134,61,73,86,113,113,142,166,194,194,194,205,215,215,316,316,336,348,360,186,198,198,225,225,252,278,289,323,323,353,353,450,450,468,483,495,508,508,542,542,592,592,54,83,103,103,136,136,136],"floor_reached":51,"playtime":3229,"items_purged":[],"score":1196,"play_id":"469138dd-e6c4-4156-bf25-c34429c143ae","local_time":"20201229231623","is_ascension_mode":true,"campfire_choices":[{"floor":7,"key":"REST"},{"floor":12,"key":"REST"},{"floor":23,"key":"REST"},{"floor":25,"key":"REST"},{"floor":32,"key":"REST"},{"floor":41,"key":"REST"},{"floor":49,"key":"RECALL"}],"circlet_count":0,"master_deck":["Strike_B","Strike_B","Strike_B","Strike_B","Defend_B","Defend_B","Defend_B","Defend_B","Zap","Dualcast","Gash","Gash","Streamline+1","Leap","Turbo","Streamline","Go for the Eyes","FIFO Queue","Skim","FTL","Defragment","Steam","Ball Lightning","Redo","Buffer","Turbo+1","BootSequence+1","CutThroughFate","WreathOfFlame","Go for the Eyes","ReplaySolidLightProjector+1","ThirdEye","Aggregate+1","Consecrate","Rebound","All For One","Echo Form","Turbo+1","Sweeping Beam","Steam Power","Hello World+1","ReplaySolidLightProjector+1","Perseverance+1","Creative AI","Fasting2+1","Replay:BluntJabs+1","Perseverance+1"],"relics":["Cracked Core","Emotion Chip","Pantograph","Ice Cream","Happy Flower","infinitespire:Freezer","Centennial Puzzle","Odd Mushroom","Dead Branch","Replay:Grab Bag","ChewingGum","Fusion Hammer","Nuclear Battery","aspiration:WatcherSkillbook","Letter Opener","aspiration:ChemicalBlood","ReplayFunnel","Lizard Tail","infinitespire:Golems Mask","Art of War","Bird Faced Urn","aspiration:StickyExplosives","Replay:Baseball","Omamori","Potion Belt","Torii"],"acts_visited":["Exordium","TheCity","TheBeyond"],"potions_floor_usage":[24,50,50,50],"damage_taken":[{"damage":7,"enemies":"Small Slimes","floor":1,"turns":2},{"damage":7,"enemies":"Jaw Worm","floor":2,"turns":2},{"damage":0,"enemies":"Cultist","floor":4,"turns":3},{"damage":27,"enemies":"Gremlin Gang","floor":5,"turns":4},{"damage":16,"enemies":"3 Sentries","floor":6,"turns":7},{"damage":9,"enemies":"Replay:BlueRogue","floor":8,"turns":5},{"damage":2,"enemies":"The Mushroom Lair","floor":10,"turns":3},{"damage":0,"enemies":"2 Fungi Beasts","floor":13,"turns":2},{"damage":6,"enemies":"Exordium Thugs","floor":14,"turns":2},{"damage":26,"enemies":"The Guardian","floor":16,"turns":9},{"damage":0,"enemies":"3 Byrds","floor":18,"turns":5},{"damage":2,"enemies":"Shell Parasite","floor":19,"turns":3},{"damage":12,"enemies":"Shelled Parasite and Fungi","floor":20,"turns":6},{"damage":24,"enemies":"Cultist and Chosen","floor":22,"turns":6},{"damage":21,"enemies":"Slavers","floor":24,"turns":6},{"damage":12,"enemies":"conspire:SneckoGhost","floor":27,"turns":6},{"damage":0,"enemies":"Sentry and Sphere","floor":28,"turns":5},{"damage":6,"enemies":"Slavers","floor":29,"turns":5},{"damage":0,"enemies":"Gremlin Leader","floor":31,"turns":9},{"damage":6,"enemies":"conspire:MysteriousRune","floor":33,"turns":9},{"damage":0,"enemies":"3 Shapes","floor":35,"turns":3},{"damage":7,"enemies":"3 Darklings","floor":36,"turns":4},{"damage":0,"enemies":"Transient","floor":37,"turns":5},{"damage":3,"enemies":"Maw","floor":38,"turns":7},{"damage":0,"enemies":"R_Hoarder","floor":40,"turns":6},{"damage":0,"enemies":"Mind Bloom Boss Battle","floor":42,"turns":7},{"damage":0,"enemies":"Giant Head","floor":45,"turns":8},{"damage":0,"enemies":"Spire Growth","floor":46,"turns":4},{"damage":1,"enemies":"R_Hoarder","floor":48,"turns":7},{"damage":0,"enemies":"Replay:Hell Engine","floor":50,"turns":7}],"seed_played":"-2138620715448548008","potions_obtained":[{"floor":2,"key":"Weak Potion"},{"floor":4,"key":"FearPotion"},{"floor":8,"key":"LiquidMemories"},{"floor":16,"key":"Doom Potion"},{"floor":24,"key":"DuplicationPotion"},{"floor":35,"key":"Reflective Coating"},{"floor":48,"key":"blueLaboratory:CreativityPotion"}],"is_trial":false,"path_per_floor":["M","M","$","M","M","E","R","E","T","?","?","R","M","M","R_BF","B",null,"M","M","M","$","M","R","E","R","T","E","M","E","?","E","R","B",null,"M","M","M","M","?","E","R","?","T","$","E","M","R","E","R","B",null],"character_chosen":"DEFECT","items_purchased":["Emotion Chip","Gash","Pantograph","Ice Cream","Streamline","Streamline","Go for the Eyes","WreathOfFlame","Go for the Eyes","Replay:Baseball","Omamori","Creative AI"],"campfire_rested":6,"item_purchase_floors":[0,0,0,0,0,3,3,21,21,44,44,44],"current_hp_per_floor":[68,61,61,61,34,18,40,31,31,29,29,51,51,45,67,49,69,69,67,55,55,31,53,32,54,54,42,42,36,36,36,58,52,69,69,62,62,59,59,59,75,75,75,75,75,75,75,75,75,75],"gold":136,"neow_bonus":"","is_daily":false,"chose_seed":false,"campfire_upgraded":0,"win_rate":0.0,"timestamp":1609251383,"path_taken":["M","M","$","M","M","E","R","E","T","?","?","R","M","?","R_BF","BOSS","M","M","M","$","M","R","E","R","T","E","?","E","?","E","R","BOSS","M","M","M","M","?","E","R","?","T","?","E","?","R","E","R","BOSS"],"items_purchased_type":["Relic","Card","Relic","Relic","Card","Card","Card","Card","Card","Relic","Relic","Card"],"build_version":"2020-12-22","purchased_purges":0,"victory":true,"max_hp_per_floor":[75,75,75,75,75,75,75,75,75,75,75,75,75,75,75,75,75,75,75,75,75,75,75,75,75,75,75,75,75,75,75,75,75,75,75,75,75,75,75,75,75,75,75,75,75,75,75,75,75,75],"relic_stats":{"Emotion Chip":[74,45,18,0,11],"Centennial Puzzle":[39],"Lizard Tail":0,"Happy Flower":[46],"Torii":0,"counters":[215,939],"Pantograph":8,"Dead Branch":[62],"Bird Faced Urn":[1],"Art of War":[1],"Letter Opener":[363],"obtain_stats":[{"TwistedFunnel":0,"infinitespire:BottledMercury":9,"Golden Egg":45,"Spirit Poop":20,"Whetstone":44,"Ginger":10,"Sling":0,"Blood Vial":0,"infinitespire:ShieldingShard":26,"MealTicket":9,"infinitespire:Golems Mask":31,"Fusion Hammer":17,"HandDrill":0,"Kunai":38,"Replay:Wax Seal":0,"aspiration:StickyExplosives":47,"Blue Candle":40,"Eternal Feather":6,"Tingsha":30,"ReplayTheSpireMod:SealedPack":17,"Pen Nib":44,"Paper Crane":0,"aspiration:IroncladSkillbook":17,"aspiration:FrozenJewel":31,"SlaversCollar":17,"infinitespire:Broken Mirror":24,"Bird Faced Urn":42,"infinitespire:PuzzleCube":23,"Solar Panel":23,"Lantern":0,"Torii":0,"Singing Bowl":42,"Blue Doll":9,"Replay:Multitool":45,"Cursed Key":21,"Ancient Tea Set":14,"conspire:InfiniteJournal":6,"Matryoshka":26,"WristBlade":17,"infinitespire:Eraser":40,"Replay:Bottled Eggs":43,"Ring of the Snake":0,"aspiration:ChemicalBlood":26,"aspiration:VileToxins":8,"Potion Belt":45,"Lee\u0027s Waffle":0,"Replay:M_StaffOfTheSnake":24,"Basket Of Snakes":0,"PreservedInsect":24,"infinitespire:Joker Card":27,"The Courier":9,"Omamori":48,"infinitespire:Lucky Rock":9,"Nuclear Battery":17,"Busted Crown":17,"Turnip":42,"Art of War":23,"ReplayTheSpireMod:Lightbulb":26,"Toy Ornithopter":43,"infinitespire:Freezer":25,"Ice Cream":46,"Divine Protection":43,"Vajra":0,"Runic Capacitor":0,"conspire:SeveredTorchhead":34,"Centennial Puzzle":47,"Lizard Tail":29,"HornCleat":3,"Strawberry":11,"Toxic Egg 2":4,"Happy Flower":5,"aspiration:Nostalgia":24,"Dead Branch":11,"Replay:Grab Bag":17,"Ring of Chaos":34,"Letter Opener":9,"aspiration:HiddenCompartment":12,"Replay:Baseball":0,"ReplayTheSpireMod:Shallot":40,"Bronze Scales":44,"Onion Ring":24,"Simple Rune":0,"Molten Egg 2":0,"Mirror":0,"Symbiotic Virus":28,"Darkstone Periapt":26,"ReplayFunnel":27,"Replay:PocketPolymizer":24,"SacredBark":34,"conspire:SpecialSausage":34,"aspiration:TomeofQuesting":9,"Juzu Bracelet":25,"PrismaticShard":29,"conspire:TopHat":43,"ClockworkSouvenir":38,"Nunchaku":14,"Replay:Bandana":23,"Emotion Chip":0,"TheAbacus":20,"Mummified Hand":43,"Pantograph":28,"Runic Pyramid":34,"Replay:Towering Pillar of Hats":8,"aspiration:FetidBarrel":43,"infinitespire:CursedDice":37,"Replay:WaspNest":29,"infinitespire:FocusingShard":47,"aspiration:HummingbirdHeart":28,"Orichalcum":44,"Odd Mushroom":10,"CaptainsWheel":13,"Anchor":0,"infinitespire:WardingShard":7,"infinitespire:Satchel":21,"aspiration:WatcherSkillbook":17,"ChewingGum":17,"Membership Card":24,"FossilizedHelix":31},{"TwistedFunnel":46,"infinitespire:BottledMercury":52,"Golden Egg":96,"Spirit Poop":17,"Whetstone":125,"Ginger":163,"Sling":34,"Blood Vial":157,"infinitespire:ShieldingShard":61,"MealTicket":5,"infinitespire:Golems Mask":204,"Fusion Hammer":137,"HandDrill":99,"Kunai":94,"Replay:Wax Seal":34,"aspiration:StickyExplosives":71,"Blue Candle":95,"Eternal Feather":10,"Tingsha":143,"ReplayTheSpireMod:SealedPack":15,"Pen Nib":183,"Paper Crane":99,"aspiration:IroncladSkillbook":108,"aspiration:FrozenJewel":175,"SlaversCollar":83,"infinitespire:Broken Mirror":141,"Bird Faced Urn":211,"infinitespire:PuzzleCube":114,"Solar Panel":171,"Lantern":6,"Torii":73,"Singing Bowl":182,"Blue Doll":11,"Replay:Multitool":71,"Cursed Key":17,"Ancient Tea Set":82,"conspire:InfiniteJournal":132,"Matryoshka":20,"WristBlade":56,"infinitespire:Eraser":69,"Replay:Bottled Eggs":95,"Ring of the Snake":0,"aspiration:ChemicalBlood":200,"aspiration:VileToxins":52,"Potion Belt":212,"Lee\u0027s Waffle":73,"Replay:M_StaffOfTheSnake":60,"Basket Of Snakes":73,"PreservedInsect":60,"infinitespire:Joker Card":116,"The Courier":133,"Omamori":72,"infinitespire:Lucky Rock":105,"Nuclear Battery":195,"Busted Crown":43,"Turnip":153,"Art of War":141,"ReplayTheSpireMod:Lightbulb":142,"Toy Ornithopter":124,"infinitespire:Freezer":173,"Ice Cream":33,"Divine Protection":31,"Vajra":73,"Runic Capacitor":157,"conspire:SeveredTorchhead":119,"Centennial Puzzle":97,"Lizard Tail":203,"HornCleat":1,"Strawberry":53,"Toxic Egg 2":8,"Happy Flower":50,"aspiration:Nostalgia":60,"Dead Branch":192,"Replay:Grab Bag":195,"Ring of Chaos":176,"Letter Opener":79,"aspiration:HiddenCompartment":135,"Replay:Baseball":128,"ReplayTheSpireMod:Shallot":181,"Bronze Scales":154,"Onion Ring":60,"Simple Rune":73,"Molten Egg 2":99,"Mirror":34,"Symbiotic Virus":173,"Darkstone Periapt":88,"ReplayFunnel":201,"Replay:PocketPolymizer":19,"SacredBark":92,"conspire:SpecialSausage":25,"aspiration:TomeofQuesting":41,"Juzu Bracelet":88,"PrismaticShard":62,"conspire:TopHat":31,"ClockworkSouvenir":94,"Nunchaku":14,"Replay:Bandana":60,"Emotion Chip":185,"TheAbacus":84,"Mummified Hand":182,"Pantograph":116,"Runic Pyramid":145,"Replay:Towering Pillar of Hats":79,"aspiration:FetidBarrel":69,"infinitespire:CursedDice":148,"Replay:WaspNest":90,"infinitespire:FocusingShard":126,"aspiration:HummingbirdHeart":21,"Orichalcum":32,"Odd Mushroom":192,"CaptainsWheel":107,"Anchor":128,"infinitespire:WardingShard":161,"infinitespire:Satchel":17,"aspiration:WatcherSkillbook":195,"ChewingGum":195,"Membership Card":60,"FossilizedHelix":63},{"TwistedFunnel":207,"infinitespire:BottledMercury":231,"Golden Egg":414,"Spirit Poop":81,"Whetstone":534,"Ginger":680,"Sling":148,"Blood Vial":660,"infinitespire:ShieldingShard":271,"MealTicket":12,"infinitespire:Golems Mask":872,"Fusion Hammer":575,"HandDrill":435,"Kunai":402,"Replay:Wax Seal":148,"aspiration:StickyExplosives":308,"Blue Candle":408,"Eternal Feather":41,"Tingsha":596,"ReplayTheSpireMod:SealedPack":69,"Pen Nib":766,"Paper Crane":435,"aspiration:IroncladSkillbook":468,"aspiration:FrozenJewel":725,"SlaversCollar":352,"infinitespire:Broken Mirror":590,"Bird Faced Urn":913,"infinitespire:PuzzleCube":495,"Solar Panel":711,"Lantern":19,"Torii":315,"Singing Bowl":760,"Blue Doll":44,"Replay:Multitool":308,"Cursed Key":81,"Ancient Tea Set":343,"conspire:InfiniteJournal":557,"Matryoshka":89,"WristBlade":251,"infinitespire:Eraser":301,"Replay:Bottled Eggs":408,"Ring of the Snake":0,"aspiration:ChemicalBlood":847,"aspiration:VileToxins":231,"Potion Belt":921,"Lee\u0027s Waffle":315,"Replay:M_StaffOfTheSnake":267,"Basket Of Snakes":315,"PreservedInsect":267,"infinitespire:Joker Card":501,"The Courier":559,"Omamori":310,"infinitespire:Lucky Rock":452,"Nuclear Battery":821,"Busted Crown":190,"Turnip":637,"Art of War":590,"ReplayTheSpireMod:Lightbulb":593,"Toy Ornithopter":528,"infinitespire:Freezer":717,"Ice Cream":145,"Divine Protection":134,"Vajra":315,"Runic Capacitor":660,"conspire:SeveredTorchhead":513,"Centennial Puzzle":419,"Lizard Tail":863,"HornCleat":2,"Strawberry":238,"Toxic Egg 2":27,"Happy Flower":221,"aspiration:Nostalgia":267,"Dead Branch":808,"Replay:Grab Bag":821,"Ring of Chaos":733,"Letter Opener":332,"aspiration:HiddenCompartment":565,"Replay:Baseball":548,"ReplayTheSpireMod:Shallot":753,"Bronze Scales":641,"Onion Ring":267,"Simple Rune":315,"Molten Egg 2":435,"Mirror":148,"Symbiotic Virus":717,"Darkstone Periapt":373,"ReplayFunnel":853,"Replay:PocketPolymizer":86,"SacredBark":393,"conspire:SpecialSausage":109,"aspiration:TomeofQuesting":175,"Juzu Bracelet":373,"PrismaticShard":274,"conspire:TopHat":134,"ClockworkSouvenir":402,"Nunchaku":53,"Replay:Bandana":267,"Emotion Chip":782,"TheAbacus":359,"Mummified Hand":760,"Pantograph":501,"Runic Pyramid":604,"Replay:Towering Pillar of Hats":332,"aspiration:FetidBarrel":301,"infinitespire:CursedDice":614,"Replay:WaspNest":381,"infinitespire:FocusingShard":539,"aspiration:HummingbirdHeart":96,"Orichalcum":142,"Odd Mushroom":808,"CaptainsWheel":459,"Anchor":548,"infinitespire:WardingShard":674,"infinitespire:Satchel":81,"aspiration:WatcherSkillbook":821,"ChewingGum":821,"Membership Card":267,"FossilizedHelix":277}]},"card_choices":[{"not_picked":["Hologram","Coolheaded"],"picked":"Leap","floor":1},{"not_picked":["Steam","Streamline"],"picked":"Turbo","floor":2},{"not_picked":["Multi-Cast","Panic Button"],"picked":"FIFO Queue","floor":4},{"not_picked":["ReplaySort","BasicCrystalCard"],"picked":"Skim","floor":5},{"not_picked":["Blizzard","ReplaySort"],"picked":"FTL","floor":6},{"not_picked":["Aggregate","ReplayTheSpireMod:Fabricate Wheel"],"picked":"Defragment","floor":8},{"not_picked":["Crystallizer","Capacitor"],"picked":"Steam","floor":10},{"not_picked":["Chaos","Sunder"],"picked":"Ball Lightning","floor":13},{"not_picked":["BasicCrystalCard","Skim"],"picked":"Redo","floor":14},{"not_picked":["ReplayRNGCard","Multi-Cast"],"picked":"Buffer","floor":16},{"not_picked":["Protect","Fusion+1","Panic Button"],"picked":"Turbo+1","floor":18},{"not_picked":["Evaluate","Doom and Gloom","SashWhip"],"picked":"BootSequence+1","floor":19},{"not_picked":["Panic Button","Fission","Undo"],"picked":"CutThroughFate","floor":20},{"not_picked":["Redo","Hologram","MentalFortress"],"picked":"ReplaySolidLightProjector+1","floor":22},{"not_picked":["Compile Driver","ForeignInfluence+1","JustLucky+1"],"picked":"ThirdEye","floor":24},{"not_picked":["WreathOfFlame","Rebound","CrushJoints"],"picked":"Aggregate","floor":27},{"not_picked":["FollowUp","ClearTheMind","Rebound"],"picked":"Consecrate","floor":28},{"not_picked":["FollowUp","Vengeance","Leap"],"picked":"Rebound","floor":29},{"not_picked":["Brilliance","Defragment","Go for the Eyes"],"picked":"All For One","floor":31},{"not_picked":["Judgement","Biased Cognition","Amplify"],"picked":"Echo Form","floor":33},{"not_picked":["Compile Driver+1","Evaluate","BootSequence"],"picked":"Turbo+1","floor":35},{"not_picked":["Scrape+1","ThirdEye","Replay:AtTheReady+1"],"picked":"Sweeping Beam","floor":36},{"not_picked":["Fusion+1","BowlingBash","Barrage+1"],"picked":"Steam Power","floor":37},{"not_picked":["Redo+1","ReplayTheSpireMod:Omega Cannon","Consecrate"],"picked":"Hello World+1","floor":38},{"not_picked":["Turbo","JustLucky+1","FollowUp"],"picked":"ReplaySolidLightProjector+1","floor":40},{"not_picked":["Hologram","Crescendo","Replay:Battleflow"],"picked":"Perseverance+1","floor":42},{"not_picked":["EmptyFist+1","Chaos+1","Establishment"],"picked":"Fasting2+1","floor":45},{"not_picked":["Tantrum+1","Halt","FlurryOfBlows"],"picked":"Replay:BluntJabs+1","floor":46},{"not_picked":["Stack","Ball Lightning","Genetic Algorithm+1"],"picked":"Perseverance+1","floor":48}],"player_experience":384426,"relics_obtained":[{"floor":6,"key":"Happy Flower"},{"floor":8,"key":"infinitespire:Freezer"},{"floor":9,"key":"Centennial Puzzle"},{"floor":10,"key":"Odd Mushroom"},{"floor":24,"key":"Letter Opener"},{"floor":26,"key":"aspiration:ChemicalBlood"},{"floor":27,"key":"ReplayFunnel"},{"floor":29,"key":"Lizard Tail"},{"floor":31,"key":"infinitespire:Golems Mask"},{"floor":40,"key":"Art of War"},{"floor":42,"key":"Bird Faced Urn"},{"floor":43,"key":"aspiration:StickyExplosives"},{"floor":45,"key":"Potion Belt"},{"floor":48,"key":"Torii"}],"event_choices":[{"damage_healed":0,"gold_gain":0,"player_choice":"Fought Mushrooms","damage_taken":0,"max_hp_gain":0,"max_hp_loss":0,"event_name":"Mushrooms","floor":10,"gold_loss":0},{"damage_healed":0,"gold_gain":0,"player_choice":"Gave Potion","damage_taken":0,"relics_obtained":["Dead Branch"],"max_hp_gain":0,"max_hp_loss":0,"event_name":"WeMeetAgain","floor":11,"gold_loss":0},{"damage_healed":0,"gold_gain":0,"player_choice":"Upgraded","damage_taken":0,"max_hp_gain":0,"max_hp_loss":0,"event_name":"Upgrade Shrine","floor":30,"gold_loss":0,"cards_upgraded":["Aggregate"]},{"damage_healed":0,"gold_gain":0,"player_choice":"Fight","damage_taken":0,"max_hp_gain":0,"max_hp_loss":0,"event_name":"MindBloom","floor":42,"gold_loss":0}],"is_beta":false,"boss_relics":[{"not_picked":["Pandora\u0027s Box","Coffee Dripper"],"picked":"Replay:Grab Bag"},{"not_picked":["Cursed Key","aspiration:RandomNobGenerator"],"picked":"ChewingGum"},{"not_picked":["Runic Dome","aspiration:FutureDiary"],"picked":"Fusion Hammer"},{"not_picked":["SacredBark","Ring of Chaos"],"picked":"Nuclear Battery"},{"not_picked":["Replay:Drink Me","Kintsugi"],"picked":"aspiration:WatcherSkillbook"},{"not_picked":["Honey Jar","aspiration:RitualDagger","aspiration:BursterCore"]}],"items_purged_floors":[],"is_endless":false,"potions_floor_spawned":[2,4,8,16,24,27,29,31,35,36,38,40,48],"ascension_level":5}}