{"host":"wy5pcbg592uilh9l","time":1609204101,"event":{"mods":["AchievementEnabler","BaseMod","BetterRewards","Hubris","Infinite Spire","Minty Spire (QoL Compilation)","Permanent Neow","Replay The Spire","StSLib","The Servant 0.9.4"],"gold_per_floor":[113,125,125,150,150,183,183,219,219,219,63,63,86,126,126,251,251,265,249,249,249,263,263,263,263],"floor_reached":24,"playtime":2126,"items_purged":[],"score":278,"play_id":"f7ef3ee9-dc82-4546-a259-efcd8bab7912","local_time":"20201228190821","is_ascension_mode":true,"campfire_choices":[{"floor":7.0,"key":"REST"},{"floor":10.0,"key":"REST"},{"floor":12.0,"key":"REST"},{"floor":15.0,"key":"REST"},{"floor":23,"key":"REST"}],"circlet_count":0,"master_deck":["Strike_B","Strike_B","Strike_B","Strike_B","Defend_B","Defend_B","Defend_B","Defend_B","Zap","Dualcast","Gash","Hologram","Genetic Algorithm","Beam Cell","Redo","FIFO Queue","Gash","Core Surge","Hologram","Chaos+1","Melter"],"relics":["Cracked Core","hubris:ToyBattleship","Golden Idol","Replay:Bottled Snecko","hubris:FunFungus","infinitespire:Eraser","Oddly Smooth Stone","Potion Belt","hubris:HollowSoul"],"acts_visited":["Exordium","TheCity"],"potions_floor_usage":[22],"damage_taken":[{"damage":7.0,"enemies":"Small Slimes","floor":1.0,"turns":4.0},{"damage":5.0,"enemies":"Cultist","floor":2.0,"turns":4.0},{"damage":6.0,"enemies":"2 Louse","floor":4.0,"turns":3.0},{"damage":43.0,"enemies":"Lagavulin","floor":6.0,"turns":8.0},{"damage":26.0,"enemies":"Gremlin Nob","floor":8.0,"turns":4.0},{"damage":6.0,"enemies":"Large Slime","floor":13.0,"turns":6.0},{"damage":30.0,"enemies":"3 Sentries","floor":14.0,"turns":8.0},{"damage":50.0,"enemies":"Hexaghost","floor":16.0,"turns":10.0},{"damage":14.0,"enemies":"3 Byrds","floor":18.0,"turns":6.0},{"damage":16.0,"enemies":"2 Thieves","floor":19.0,"turns":4.0},{"damage":9,"enemies":"Centurion and Healer","floor":22,"turns":7},{"damage":22,"enemies":"Book of Stabbing","floor":24,"turns":1}],"seed_played":"6072053717508103205","potions_obtained":[{"floor":1.0,"key":"Regen Potion"},{"floor":8.0,"key":"Flashbang"},{"floor":13.0,"key":"Fruit Juice"},{"floor":18.0,"key":"Energy Potion"},{"floor":19.0,"key":"GamblersBrew"}],"is_trial":false,"path_per_floor":["M","M","?","M","?","E","R","E","T","R","$","R","M","E","R","B",null,"M","M","?","?","M","R","E"],"character_chosen":"DEFECT","items_purchased":["Oddly Smooth Stone"],"campfire_rested":5,"item_purchase_floors":[11],"current_hp_per_floor":[61,56,56,59,59,16,38,12,12,34,34,56,50,28,52,3,61,48,32,35,9,41,65,0,0],"gold":263,"neow_bonus":"RANDOM_COMMON_RELIC","is_daily":false,"chose_seed":false,"campfire_upgraded":0,"win_rate":0.0,"timestamp":1609204101,"path_taken":["M","M","?","M","?","E","R","E","T","R","$","R","?","E","R","BOSS","M","?","?","?","M","R","E"],"items_purchased_type":["Relic"],"build_version":"2020-12-22","purchased_purges":0,"victory":false,"max_hp_per_floor":[75,75,75,75,75,75,75,75,75,75,75,75,75,80,80,80,80,80,80,83,83,83,83,83,83],"card_choices":[{"not_picked":["Redo","Panic Button"],"picked":"Gash","floor":1.0},{"not_picked":["Recycle","BasicCrystalCard"],"picked":"Hologram","floor":2.0},{"not_picked":["hubris:SpecializedCircuitry","Leap"],"picked":"Genetic Algorithm","floor":4.0},{"not_picked":["Skim","Core Surge"],"picked":"Beam Cell","floor":6.0},{"not_picked":["Rebound","Darkness"],"picked":"Redo","floor":8.0},{"not_picked":["Beam Cell","Turbo"],"picked":"FIFO Queue","floor":13.0},{"not_picked":["Barrage","Sweeping Beam"],"picked":"Gash","floor":14.0},{"not_picked":["Rainbow","hubris:SpecializedCircuitry"],"picked":"Core Surge","floor":16.0},{"not_picked":["Recycle","Turbo"],"picked":"Hologram","floor":18.0},{"not_picked":["Compile Driver+1","Genetic Algorithm+1"],"picked":"Chaos+1","floor":19.0},{"not_picked":["Auto Shields","Redo"],"picked":"Melter","floor":22}],"player_experience":172962,"relics_obtained":[{"floor":6.0,"key":"Replay:Bottled Snecko"},{"floor":8.0,"key":"hubris:FunFungus"},{"floor":9.0,"key":"infinitespire:Eraser"},{"floor":14.0,"key":"Potion Belt"}],"event_choices":[{"damage_healed":0.0,"max_hp_gain":0.0,"max_hp_loss":0.0,"gold_gain":0.0,"event_name":"Golden Idol","player_choice":"Take Wound","floor":3.0,"gold_loss":0.0,"damage_taken":0.0,"relics_obtained":["Golden Idol"],"cards_obtained":["Injury"]},{"cards_removed":["Injury"],"damage_healed":0.0,"max_hp_gain":0.0,"max_hp_loss":0.0,"gold_gain":0.0,"event_name":"Purifier","player_choice":"Purged","floor":5.0,"gold_loss":0.0,"damage_taken":0.0}],"is_beta":false,"boss_relics":[{"not_picked":["SlaversCollar","Replay:Grab Bag"],"picked":"hubris:HollowSoul"}],"items_purged_floors":[],"is_endless":false,"potions_floor_spawned":[1,8,13,18,19],"killed_by":"Book of Stabbing","ascension_level":6}}