{"host":"v0byp44r5syn346h","time":1609252820,"event":{"mods":["2.2 Compatiblity","AchievementEnabler","Act Like it!","AlwaysNeverKeys","Aspiration","BaseMod","Bestiary","Better Match","Better Note","Better Skull","Better Third Choice","Better Vampires","BetterRewards","Card Filter","Colored Map","Colored Powertips","Conspire","Defuse TimeMaze Blight","Displayed Cursed Tome","Downfall","Friendly Minions","Gremlin Skip","Halation","Highlight Path","Hubris","Infinite Spire","Minty Spire (QoL Compilation)","Pale of the Ancients","Quarter Circle Forward PUNCH!","Quick Restart","Random Character Button","Rare Cards Sparkle","Relic Filter","Relic Stats","Reorder Act Four","Replay The Spire","Reworked Bosses","Shop Mod","Spicy Shops","Spikes Relics","StSLib","SuperFastMode","The Blue Laboratory","The Construct","The Cursed","The Hierophant","The Jungle","Thieving Mod","Trackpad","Unknown Chances","egg","vexMod"],"gold_per_floor":[111,111,130,130,130,161,161,161,161],"floor_reached":8,"playtime":225,"items_purged":[],"score":108,"play_id":"eb193d23-765a-48e0-92f6-6106ae7735bd","local_time":"20201229154020","is_ascension_mode":true,"campfire_choices":[{"floor":7,"key":"REST"}],"circlet_count":0,"master_deck":["AscendersBane","Strike_B","Strike_B","Strike_B","Defend_B","Defend_B","Defend_B","Defend_B","Zap","Dualcast","Glacier","infinitespire:FutureSight"],"relics":["Cracked Core","Ring of Chaos","conspire:TreasureMap","Peace Pipe","hubris:BallOfYels"],"acts_visited":["Exordium"],"potions_floor_usage":[6],"damage_taken":[{"damage":0,"enemies":"2 Louse","floor":1,"turns":4},{"damage":12,"enemies":"Jaw Worm","floor":3,"turns":4},{"damage":27,"enemies":"3 Sentries","floor":6,"turns":12},{"damage":31,"enemies":"Lagavulin","floor":8,"turns":10}],"seed_played":"-1539442631135332189","potions_obtained":[{"floor":1,"key":"Block Potion"}],"is_trial":false,"path_per_floor":["M","?","M","?","?","E","R","E"],"character_chosen":"DEFECT","items_purchased":["conspire:TreasureMap","Peace Pipe"],"campfire_rested":1,"item_purchase_floors":[0,0],"current_hp_per_floor":[52,35,23,28,28,1,23,0,0],"gold":161,"neow_bonus":"","is_daily":false,"chose_seed":false,"campfire_upgraded":0,"win_rate":0.0,"timestamp":1609252820,"path_taken":["M","?","M","?","?","E","R","E"],"items_purchased_type":["Relic","Relic"],"build_version":"2020-12-22","purchased_purges":0,"victory":false,"max_hp_per_floor":[71,71,71,76,76,76,76,76,76],"relic_stats":{"Peace Pipe":0,"counters":[16,61],"obtain_stats":[{"hubris:BallOfYels":6,"conspire:TreasureMap":0,"Golden Idol":4,"Circlet":0,"Ring of Chaos":0,"halation:Komachan":0,"hubris:Towel":2,"qcfpunch:Crimson_Sash":17,"hubris:Zylophone":0,"Peace Pipe":0,"hubris:Icosahedron":5,"qcfpunch:School_Backpack":7,"Gambling Chip":0,"qcfpunch:Fighting_Gloves":0,"Onion Ring":9,"CosmicIsotope":0,"Chemical X":0,"Replay:Antivirus Software":14,"Cracked Core":0,"halation:PinkSoulGem":5},{"hubris:BallOfYels":15,"conspire:TreasureMap":12,"Golden Idol":3,"Circlet":0,"Ring of Chaos":4,"halation:Komachan":4,"hubris:Towel":5,"qcfpunch:Crimson_Sash":8,"hubris:Zylophone":0,"Peace Pipe":12,"hubris:Icosahedron":3,"qcfpunch:School_Backpack":6,"Gambling Chip":4,"qcfpunch:Fighting_Gloves":4,"Onion Ring":6,"CosmicIsotope":4,"Chemical X":0,"Replay:Antivirus Software":7,"Cracked Core":0,"halation:PinkSoulGem":5},{"hubris:BallOfYels":51,"conspire:TreasureMap":31,"Golden Idol":6,"Circlet":0,"Ring of Chaos":8,"halation:Komachan":8,"hubris:Towel":10,"qcfpunch:Crimson_Sash":20,"hubris:Zylophone":0,"Peace Pipe":31,"hubris:Icosahedron":6,"qcfpunch:School_Backpack":14,"Gambling Chip":8,"qcfpunch:Fighting_Gloves":8,"Onion Ring":14,"CosmicIsotope":8,"Chemical X":0,"Replay:Antivirus Software":15,"Cracked Core":0,"halation:PinkSoulGem":10}]},"card_choices":[{"not_picked":["White Noise","Leap"],"picked":"Glacier","floor":1},{"not_picked":["infinitespire:Punishment","hubris:InfiniteBlow+211"],"picked":"infinitespire:FutureSight","floor":2},{"not_picked":["Turbo","Heatsinks","Rebound"],"picked":"SKIP","floor":3},{"not_picked":["Barrage","ReplaySolidLightProjector","Gash"],"picked":"SKIP","floor":6}],"player_experience":847084,"relics_obtained":[{"floor":6,"key":"hubris:BallOfYels"}],"event_choices":[{"damage_healed":0,"gold_gain":0,"player_choice":"Donut","damage_taken":0,"max_hp_gain":5,"max_hp_loss":0,"event_name":"Big Fish","floor":4,"gold_loss":0}],"is_beta":false,"boss_relics":[],"items_purged_floors":[],"is_endless":false,"potions_floor_spawned":[1],"killed_by":"Lagavulin","ascension_level":20}}