{"host":"xcuflocadasoaqda","time":1609263159,"event":{"mods":["BaseMod","Bestiary","Filter the Spire","Minty Spire (QoL Compilation)","Relic Stats"],"gold_per_floor":[109,109,34,50,68,94,94,94,142,85,85,96,131,146,146,218,218,236,270,270,270,31,31,42,77,156,168,179,179,179],"floor_reached":29,"playtime":1529,"items_purged":["Choke"],"score":556,"play_id":"0929f81a-3b97-4092-bad0-5746cf69b38c","local_time":"20201229113239","is_ascension_mode":true,"campfire_choices":[{"floor":7,"key":"REST"},{"data":"Malaise","floor":15,"key":"SMITH"},{"floor":23,"key":"REST"}],"circlet_count":0,"master_deck":["AscendersBane","Survivor","Neutralize","Burst","Tactician","Calculated Gamble","Setup","Malaise+1","Footwork","Expertise","Adrenaline","Flying Knee","Eviscerate+1","Dagger Throw","Underhanded Strike","PiercingWail","Dodge and Roll","Tools of the Trade","Adrenaline","Skewer","Dash","Doubt","Blur","Leg Sweep"],"relics":["Pandora\u0027s Box","PreservedInsect","Strawberry","Orichalcum","Cursed Key","Red Mask","DollysMirror","Ancient Tea Set"],"acts_visited":["Exordium","TheCity"],"potions_floor_usage":[6,24,29],"damage_taken":[{"damage":8,"enemies":"Jaw Worm","floor":1,"turns":3},{"damage":5,"enemies":"2 Louse","floor":4,"turns":2},{"damage":0,"enemies":"Small Slimes","floor":5,"turns":1},{"damage":41,"enemies":"3 Sentries","floor":6,"turns":9},{"damage":23,"enemies":"Gremlin Gang","floor":12,"turns":4},{"damage":0,"enemies":"Lagavulin","floor":13,"turns":3},{"damage":5,"enemies":"Looter","floor":14,"turns":3},{"damage":4,"enemies":"The Guardian","floor":16,"turns":11},{"damage":4,"enemies":"Chosen","floor":18,"turns":7},{"damage":6,"enemies":"Masked Bandits","floor":19,"turns":5},{"damage":0,"enemies":"2 Thieves","floor":24,"turns":4},{"damage":24,"enemies":"Gremlin Leader","floor":25,"turns":7},{"damage":0,"enemies":"Centurion and Healer","floor":27,"turns":4},{"damage":2,"enemies":"3 Cultists","floor":28,"turns":6},{"damage":29,"enemies":"Slavers","floor":29,"turns":2}],"seed_played":"-9175619682262981055","potions_obtained":[{"floor":4,"key":"EssenceOfSteel"},{"floor":6,"key":"Dexterity Potion"},{"floor":14,"key":"CunningPotion"},{"floor":24,"key":"Poison Potion"},{"floor":28,"key":"FearPotion"}],"is_trial":false,"path_per_floor":["M","?","?","M","M","E","R","?","T","$","?","M","E","M","R","B",null,"M","?","T","?","$","R","M","E","T","M","M","E"],"character_chosen":"THE_SILENT","items_purchased":["PiercingWail","DollysMirror"],"campfire_rested":2,"item_purchase_floors":[10,22],"current_hp_per_floor":[51,51,51,46,46,5,24,46,53,53,53,30,30,25,25,21,60,56,50,50,29,29,52,52,28,28,28,26,0,0],"gold":179,"neow_bonus":"BOSS_RELIC","is_daily":false,"chose_seed":false,"campfire_upgraded":1,"win_rate":0.0,"timestamp":1609263159,"path_taken":["M","?","?","M","M","E","R","?","T","$","?","M","E","?","R","BOSS","M","?","?","?","?","R","M","E","T","M","M","E"],"items_purchased_type":["Card","Relic"],"build_version":"2020-12-22","purchased_purges":1,"victory":false,"max_hp_per_floor":[66,66,66,66,66,66,66,66,73,73,73,73,73,73,73,73,73,73,73,73,78,78,78,78,78,78,78,78,78,78],"relic_stats":{"counters":[15,71],"Pandora\u0027s Box":["Outmaneuver","Burst","Tactician","Calculated Gamble","Setup","Choke","Malaise","Footwork","Expertise","Adrenaline"],"PreservedInsect":117,"Orichalcum":[114],"Cursed Key":1,"obtain_stats":[{"DollysMirror":22,"Strawberry":9,"Pandora\u0027s Box":0,"PreservedInsect":6,"Red Mask":19,"Orichalcum":13,"Cursed Key":17,"Ancient Tea Set":25,"Ring of the Snake":0},{"DollysMirror":10,"Strawberry":4,"Pandora\u0027s Box":0,"PreservedInsect":4,"Red Mask":10,"Orichalcum":6,"Cursed Key":8,"Ancient Tea Set":12,"Ring of the Snake":0},{"DollysMirror":48,"Strawberry":15,"Pandora\u0027s Box":0,"PreservedInsect":15,"Red Mask":48,"Orichalcum":22,"Cursed Key":36,"Ancient Tea Set":59,"Ring of the Snake":0}]},"card_choices":[{"not_picked":["Bane","Sucker Punch"],"picked":"Flying Knee","floor":1},{"not_picked":["Infinite Blades","Slice"],"picked":"Eviscerate","floor":4},{"not_picked":["Bane","Slice"],"picked":"Dagger Throw","floor":5},{"not_picked":["PiercingWail","Bane"],"picked":"Underhanded Strike","floor":6},{"not_picked":["Crippling Poison","Well Laid Plans"],"picked":"Dodge and Roll","floor":12},{"not_picked":["Accuracy","Dodge and Roll"],"picked":"Tools of the Trade","floor":13},{"not_picked":["Sucker Punch","Deflect","Bane"],"picked":"SKIP","floor":14},{"not_picked":["Sucker Punch","Bane","Calculated Gamble"],"picked":"SKIP","floor":18},{"not_picked":["Flying Knee","Predator"],"picked":"Skewer","floor":24},{"not_picked":["Flying Knee","Deflect"],"picked":"Dash","floor":25},{"not_picked":["Deadly Poison","Dodge and Roll"],"picked":"Blur","floor":27},{"not_picked":["All Out Attack","Blade Dance+1"],"picked":"Leg Sweep","floor":28}],"player_experience":1817780,"relics_obtained":[{"floor":6,"key":"PreservedInsect"},{"floor":9,"key":"Strawberry"},{"floor":13,"key":"Orichalcum"},{"floor":19,"key":"Red Mask"},{"floor":25,"key":"Ancient Tea Set"}],"event_choices":[{"damage_healed":0,"gold_gain":0,"player_choice":"Ignored","damage_taken":0,"max_hp_gain":0,"max_hp_loss":0,"event_name":"Liars Game","floor":2,"gold_loss":0},{"cards_removed":["Outmaneuver"],"damage_healed":0,"gold_gain":0,"player_choice":"Card Removal","damage_taken":0,"max_hp_gain":0,"max_hp_loss":0,"event_name":"The Cleric","floor":3,"gold_loss":75},{"damage_healed":22,"gold_gain":0,"player_choice":"Banana","damage_taken":0,"max_hp_gain":0,"max_hp_loss":0,"event_name":"Big Fish","floor":8,"gold_loss":0},{"damage_healed":0,"gold_gain":0,"player_choice":"Forge","damage_taken":0,"max_hp_gain":0,"max_hp_loss":0,"event_name":"Accursed Blacksmith","floor":11,"gold_loss":0,"cards_upgraded":["Eviscerate"]},{"damage_healed":0,"gold_gain":0,"player_choice":"Fought Bandits","damage_taken":0,"max_hp_gain":0,"max_hp_loss":0,"event_name":"Masked Bandits","floor":19,"gold_loss":0},{"damage_healed":0,"gold_gain":0,"player_choice":"Shed Blood","damage_taken":26,"max_hp_gain":5,"max_hp_loss":0,"event_name":"Forgotten Altar","floor":21,"gold_loss":0}],"is_beta":false,"boss_relics":[{"not_picked":["Empty Cage","Velvet Choker"],"picked":"Cursed Key"}],"items_purged_floors":[22],"is_endless":false,"potions_floor_spawned":[4,6,14,18,24,25,28],"killed_by":"Slavers","ascension_level":20}}