{"host":"sc0o2qwpf9j16a4i","time":1609279791,"event":{"mods":["AchievementEnabler","BaseMod","BetterRewards","Block Reminder","Colored Map","Colored Powertips","Custom Start","Highlight Path","Minty Spire (QoL Compilation)","Relic Stats"],"gold_per_floor":[109,109,123,123,138,138,177,177,177,200,241,35,54,92,92,188,188,203,128,128,128,5,48,48,88,112,112,126,126,149,15,15,114,114,133,151,182,182,182,182,24,24,24],"floor_reached":42,"playtime":1866,"items_purged":["Strike_P+1"],"score":1283,"play_id":"a2eaa420-fb7f-473e-b9ec-73748008812b","local_time":"20201230000951","is_ascension_mode":true,"campfire_choices":[{"floor":6,"key":"REST"},{"floor":8,"key":"REST"},{"floor":15,"key":"REST"},{"floor":24,"key":"REST"},{"data":"Vault","floor":27,"key":"SMITH"},{"floor":32,"key":"REST"},{"floor":40,"key":"RECALL"}],"circlet_count":0,"master_deck":["AscendersBane","Defend_P+1","Defend_P+1","Defend_P+1","Eruption+1","Vigilance","Wallop+1","Adaptation+1","Protect","Halt+1","Evaluate+1","LikeWater","LikeWater+1","Conclude+1","LessonLearned","Vault+1","Sanctity","Establishment+1","BattleHymn+1","SpiritShield+1","EmptyMind+1","Wireheading","MentalFortress+1","WheelKick+1","FlyingSleeves","ClearTheMind","Omniscience","Swivel+1","WindmillStrike","Crescendo"],"relics":["PureWater","Thread and Needle","Toy Ornithopter","Happy Flower","Lantern","Golden Idol","Shuriken","Centennial Puzzle","Sundial","Membership Card","Strawberry","Astrolabe","Lee\u0027s Waffle","StoneCalendar","Lizard Tail","Whetstone","MutagenicStrength","Mummified Hand","SlaversCollar","GoldenEye","Bird Faced Urn"],"acts_visited":["Exordium","TheCity","TheBeyond"],"potions_floor_usage":[10,13,33,36,37],"damage_taken":[{"damage":0,"enemies":"Small Slimes","floor":1,"turns":4},{"damage":0,"enemies":"Jaw Worm","floor":3,"turns":3},{"damage":0,"enemies":"Cultist","floor":5,"turns":3},{"damage":27,"enemies":"3 Sentries","floor":7,"turns":8},{"damage":0,"enemies":"Exordium Thugs","floor":10,"turns":5},{"damage":14,"enemies":"Gremlin Nob","floor":11,"turns":4},{"damage":0,"enemies":"Exordium Wildlife","floor":13,"turns":3},{"damage":0,"enemies":"3 Sentries","floor":14,"turns":8},{"damage":0,"enemies":"The Guardian","floor":16,"turns":17},{"damage":27,"enemies":"2 Thieves","floor":18,"turns":4},{"damage":41,"enemies":"Gremlin Leader","floor":23,"turns":10},{"damage":10,"enemies":"Book of Stabbing","floor":25,"turns":7},{"damage":5,"enemies":"3 Byrds","floor":28,"turns":6},{"damage":2,"enemies":"Snecko","floor":30,"turns":5},{"damage":3,"enemies":"Champ","floor":33,"turns":10},{"damage":0,"enemies":"3 Shapes","floor":35,"turns":4},{"damage":0,"enemies":"Orb Walker","floor":36,"turns":3},{"damage":0,"enemies":"Mind Bloom Boss Battle","floor":37,"turns":5},{"damage":155,"enemies":"Nemesis","floor":42,"turns":11}],"seed_played":"2664652105361096022","potions_obtained":[{"floor":3,"key":"Fire Potion"},{"floor":5,"key":"Ancient Potion"},{"floor":11,"key":"SteroidPotion"},{"floor":14,"key":"Swift Potion"},{"floor":35,"key":"Energy Potion"},{"floor":36,"key":"SkillPotion"}],"is_trial":false,"path_per_floor":["M","?","M","?","M","R","E","R","T","M","E","$","M","E","R","B",null,"M","?","?","?","$","E","R","E","T","R","M","?","M","$","R","B",null,"M","M","?","?","?","R","$","E"],"character_chosen":"WATCHER","items_purchased":["Thread and Needle","Toy Ornithopter","Happy Flower","Lantern","Wallop","Adaptation","Membership Card","LessonLearned","Lee\u0027s Waffle","Mummified Hand","Bird Faced Urn"],"campfire_rested":5,"item_purchase_floors":[0,0,0,0,0,0,12,12,22,31,41],"current_hp_per_floor":[22,22,22,22,22,40,13,31,31,36,22,22,27,34,54,54,65,38,38,38,38,76,35,57,47,47,47,42,42,40,40,62,64,73,73,76,76,72,72,72,72,0,0],"gold":24,"neow_bonus":"","is_daily":false,"chose_seed":false,"campfire_upgraded":1,"win_rate":0.0,"timestamp":1609279791,"path_taken":["M","?","M","?","M","R","E","R","T","?","E","$","?","E","R","BOSS","M","?","?","?","$","E","R","E","T","R","M","?","M","$","R","BOSS","M","M","?","?","?","R","$","E"],"items_purchased_type":["Relic","Relic","Relic","Relic","Card","Card","Relic","Card","Relic","Relic","Relic"],"build_version":"2020-12-22","purchased_purges":1,"victory":false,"max_hp_per_floor":[68,68,68,62,62,62,62,62,62,62,62,62,62,69,69,69,69,69,69,69,69,76,76,76,76,76,76,76,76,76,76,76,76,76,76,76,76,72,72,72,72,72,72],"relic_stats":{"Lee\u0027s Waffle":38,"Happy Flower":[40],"counters":[49,227],"Golden Idol":117,"Astrolabe":["CrushJoints","Fasting2","Vengeance","BattleHymn","SpiritShield","EmptyMind"],"StoneCalendar":[53],"Whetstone":["Clothesline","Strike_R","Strike_B","Cold Snap","Wallop","Conclude"],"GoldenEye":[18],"Centennial Puzzle":[87],"Lizard Tail":36,"Shuriken":[26],"Sundial":[18],"Mummified Hand":[67],"Bird Faced Urn":[6],"obtain_stats":[{"Lantern":0,"Vajra":9,"StoneCalendar":23,"Whetstone":26,"Blood Vial":24,"Dream Catcher":13,"Centennial Puzzle":9,"Lizard Tail":25,"Mummified Hand":20,"Sundial":11,"Pantograph":9,"Strawberry":14,"Philosopher\u0027s Stone":17,"Tiny Chest":8,"MealTicket":11,"VioletLotus":0,"Fusion Hammer":34,"Lee\u0027s Waffle":22,"Pear":7,"Happy Flower":0,"Golden Idol":4,"Astrolabe":17,"Dead Branch":38,"Thread and Needle":0,"Pen Nib":21,"PreservedInsect":29,"War Paint":20,"GoldenEye":37,"SlaversCollar":34,"Shuriken":7,"MutagenicStrength":29,"Bird Faced Urn":41,"Molten Egg 2":0,"Bag of Marbles":27,"Membership Card":12,"PureWater":0,"Toy Ornithopter":0},{"Lantern":30,"Vajra":16,"StoneCalendar":41,"Whetstone":42,"Blood Vial":22,"Dream Catcher":7,"Centennial Puzzle":34,"Lizard Tail":42,"Mummified Hand":21,"Sundial":36,"Pantograph":5,"Strawberry":38,"Philosopher\u0027s Stone":8,"Tiny Chest":16,"MealTicket":17,"VioletLotus":0,"Fusion Hammer":27,"Lee\u0027s Waffle":40,"Pear":4,"Happy Flower":30,"Golden Idol":14,"Astrolabe":20,"Dead Branch":29,"Thread and Needle":30,"Pen Nib":21,"PreservedInsect":24,"War Paint":10,"GoldenEye":48,"SlaversCollar":45,"Shuriken":34,"MutagenicStrength":43,"Bird Faced Urn":48,"Molten Egg 2":12,"Bag of Marbles":23,"Membership Card":36,"PureWater":0,"Toy Ornithopter":30},{"Lantern":107,"Vajra":59,"StoneCalendar":176,"Whetstone":183,"Blood Vial":80,"Dream Catcher":27,"Centennial Puzzle":125,"Lizard Tail":183,"Mummified Hand":77,"Sundial":134,"Pantograph":20,"Strawberry":145,"Philosopher\u0027s Stone":33,"Tiny Chest":59,"MealTicket":62,"VioletLotus":0,"Fusion Hammer":100,"Lee\u0027s Waffle":166,"Pear":16,"Happy Flower":107,"Golden Idol":54,"Astrolabe":74,"Dead Branch":104,"Thread and Needle":107,"Pen Nib":77,"PreservedInsect":87,"War Paint":42,"GoldenEye":216,"SlaversCollar":204,"Shuriken":125,"MutagenicStrength":189,"Bird Faced Urn":216,"Molten Egg 2":48,"Bag of Marbles":84,"Membership Card":134,"PureWater":0,"Toy Ornithopter":107}],"Toy Ornithopter":18},"card_choices":[{"not_picked":["Adaptation","CarveReality"],"picked":"Protect","floor":1},{"not_picked":["FlyingSleeves","EmptyBody"],"picked":"Halt","floor":3},{"not_picked":["EmptyBody","PathToVictory"],"picked":"Evaluate","floor":5},{"not_picked":["EmptyFist","FlyingSleeves"],"picked":"LikeWater","floor":7},{"not_picked":["FlurryOfBlows","Conclude"],"picked":"LikeWater","floor":10},{"not_picked":["FlyingSleeves","ForeignInfluence"],"picked":"Conclude","floor":11},{"not_picked":["FlurryOfBlows","Collect"],"picked":"Vault","floor":13},{"not_picked":["ForeignInfluence","Weave"],"picked":"Sanctity","floor":14},{"not_picked":["LessonLearned","Judgement"],"picked":"Establishment","floor":16},{"not_picked":["ClearTheMind","CrushJoints"],"picked":"Wireheading","floor":18},{"not_picked":["Brilliance","Crescendo"],"picked":"WheelKick+1","floor":23},{"not_picked":["Conclude","Study","CutThroughFate"],"picked":"SKIP","floor":25},{"not_picked":["PathToVictory","WheelKick"],"picked":"FlyingSleeves","floor":28},{"not_picked":["EmptyFist","BattleHymn"],"picked":"ClearTheMind","floor":30},{"not_picked":["DeusExMachina","Devotion"],"picked":"Omniscience","floor":33},{"not_picked":["Indignation","InnerPeace"],"picked":"Swivel+1","floor":35},{"not_picked":["JustLucky","Evaluate"],"picked":"WindmillStrike","floor":36},{"not_picked":["JustLucky","FollowUp+1"],"picked":"Crescendo","floor":37}],"player_experience":418839,"relics_obtained":[{"floor":7,"key":"Shuriken"},{"floor":9,"key":"Centennial Puzzle"},{"floor":11,"key":"Sundial"},{"floor":14,"key":"Strawberry"},{"floor":23,"key":"StoneCalendar"},{"floor":25,"key":"Lizard Tail"},{"floor":26,"key":"Whetstone"},{"floor":37,"key":"GoldenEye"}],"event_choices":[{"damage_healed":0,"gold_gain":0,"player_choice":"Ignored","damage_taken":0,"max_hp_gain":0,"max_hp_loss":0,"event_name":"Shining Light","floor":2,"gold_loss":0},{"damage_healed":0,"gold_gain":0,"player_choice":"Lose Max HP","damage_taken":0,"relics_obtained":["Golden Idol"],"max_hp_gain":0,"max_hp_loss":6,"event_name":"Golden Idol","floor":4,"gold_loss":0},{"cards_removed":["Strike_P"],"damage_healed":0,"gold_gain":0,"player_choice":"Gave Gold","damage_taken":0,"max_hp_gain":0,"max_hp_loss":0,"event_name":"Beggar","floor":19,"gold_loss":75},{"damage_healed":0,"gold_gain":0,"player_choice":"Read","damage_taken":0,"max_hp_gain":0,"max_hp_loss":0,"event_name":"The Library","floor":20,"gold_loss":0,"cards_obtained":["MentalFortress"]},{"damage_healed":0,"gold_gain":0,"player_choice":"Simplicity","damage_taken":0,"max_hp_gain":0,"max_hp_loss":0,"event_name":"Back to Basics","floor":21,"gold_loss":0,"cards_upgraded":["Defend_P","Defend_P","Defend_P"]},{"damage_healed":0,"gold_gain":0,"player_choice":"Inject Mutagens","damage_taken":0,"relics_obtained":["MutagenicStrength"],"max_hp_gain":0,"max_hp_loss":0,"event_name":"Drug Dealer","floor":29,"gold_loss":0},{"damage_healed":0,"gold_gain":0,"player_choice":"Fight","damage_taken":0,"max_hp_gain":0,"max_hp_loss":0,"event_name":"MindBloom","floor":37,"gold_loss":0},{"damage_healed":0,"gold_gain":0,"player_choice":"Max HP","damage_taken":0,"max_hp_gain":0,"max_hp_loss":4,"event_name":"Winding Halls","floor":38,"gold_loss":0},{"damage_healed":0,"gold_gain":0,"player_choice":"Ignored","damage_taken":0,"max_hp_gain":0,"max_hp_loss":0,"event_name":"Tomb of Lord Red Mask","floor":39,"gold_loss":0}],"is_beta":false,"boss_relics":[{"not_picked":["Cursed Key","Velvet Choker"],"picked":"Astrolabe"},{"not_picked":["Empty Cage","SacredBark"],"picked":"SlaversCollar"}],"items_purged_floors":[22],"is_endless":false,"potions_floor_spawned":[3,5,7,11,14,25,28,35,36],"killed_by":"Nemesis","ascension_level":18}}