{"host":"sc0o2qwpf9j16a4i","time":1609242457,"event":{"mods":["AchievementEnabler","BaseMod","BetterRewards","Block Reminder","Colored Map","Colored Powertips","Custom Start","Highlight Path","Minty Spire (QoL Compilation)","Relic Stats"],"gold_per_floor":[109,122,122,122,47,47,47,47],"floor_reached":7,"playtime":281,"items_purged":[],"score":78,"play_id":"e1a0ab6b-a134-47be-af44-ef48bd13235a","local_time":"20201229134737","is_ascension_mode":true,"campfire_choices":[{"floor":6,"key":"REST"}],"circlet_count":0,"master_deck":["AscendersBane","Strike_G","Strike_G","Strike_G","Defend_G","Defend_G","Defend_G","Defend_G","Defend_G","Survivor","Neutralize","Quick Slash","Well Laid Plans","Dagger Spray"],"relics":["Ring of the Snake","Prayer Wheel","Happy Flower"],"acts_visited":["Exordium"],"potions_floor_usage":[7],"damage_taken":[{"damage":0,"enemies":"Jaw Worm","floor":1,"turns":5},{"damage":7,"enemies":"Small Slimes","floor":2,"turns":4},{"damage":13,"enemies":"Lagavulin","floor":7,"turns":10}],"seed_played":"-6065728381554332208","potions_obtained":[],"is_trial":false,"path_per_floor":["M","M","?","?","?","R","E"],"character_chosen":"THE_SILENT","items_purchased":["Prayer Wheel","Happy Flower","PowerPotion"],"campfire_rested":1,"item_purchase_floors":[0,0,0],"current_hp_per_floor":[40,33,38,31,31,52,39,39],"gold":47,"neow_bonus":"","is_daily":false,"chose_seed":false,"campfire_upgraded":0,"win_rate":0.0,"timestamp":1609242457,"path_taken":["M","M","?","?","?","R","E"],"items_purchased_type":["Relic","Relic","Potion"],"build_version":"2020-12-22","purchased_purges":0,"victory":false,"max_hp_per_floor":[66,66,71,71,71,71,71,71],"relic_stats":{"Happy Flower":[26],"counters":[81,443],"Prayer Wheel":2,"obtain_stats":[{"TwistedFunnel":0,"Regal Pillow":0,"Singing Bowl":0,"CeramicFish":9,"Vajra":7,"Bag of Preparation":9,"Cursed Key":0,"Boot":10,"Smiling Mask":30,"Old Coin":40,"ClockworkSouvenir":46,"Blood Vial":43,"Dream Catcher":8,"Tough Bandages":0,"Centennial Puzzle":40,"Pantograph":24,"Strawberry":8,"Tiny Chest":13,"Prayer Wheel":0,"Toxic Egg 2":6,"Ring of the Snake":0,"Potion Belt":11,"Lee\u0027s Waffle":0,"Happy Flower":0,"Golden Idol":5,"Eternal Feather":47,"PreservedInsect":6,"The Courier":7,"Pen Nib":9,"Frozen Egg 2":0,"Akabeko":0,"White Beast Statue":0,"SlaversCollar":34,"Busted Crown":34,"Ornamental Fan":9,"Bloody Idol":20,"Snecko Eye":17,"Pandora\u0027s Box":17,"Molten Egg 2":5,"Bag of Marbles":46,"Bottled Lightning":31,"Membership Card":12,"FossilizedHelix":45,"Toy Ornithopter":0},{"TwistedFunnel":43,"Regal Pillow":67,"Singing Bowl":43,"CeramicFish":48,"Vajra":71,"Bag of Preparation":11,"Cursed Key":0,"Boot":23,"Smiling Mask":57,"Old Coin":39,"ClockworkSouvenir":40,"Blood Vial":39,"Dream Catcher":22,"Tough Bandages":43,"Centennial Puzzle":63,"Pantograph":31,"Strawberry":48,"Tiny Chest":49,"Prayer Wheel":78,"Toxic Egg 2":21,"Ring of the Snake":0,"Potion Belt":72,"Lee\u0027s Waffle":67,"Happy Flower":78,"Golden Idol":3,"Eternal Feather":41,"PreservedInsect":4,"The Courier":11,"Pen Nib":71,"Frozen Egg 2":67,"Akabeko":43,"White Beast Statue":43,"SlaversCollar":59,"Busted Crown":35,"Ornamental Fan":22,"Bloody Idol":15,"Snecko Eye":14,"Pandora\u0027s Box":27,"Molten Egg 2":46,"Bag of Marbles":40,"Bottled Lightning":34,"Membership Card":72,"FossilizedHelix":64,"Toy Ornithopter":67},{"TwistedFunnel":217,"Regal Pillow":372,"Singing Bowl":217,"CeramicFish":232,"Vajra":389,"Bag of Preparation":65,"Cursed Key":0,"Boot":119,"Smiling Mask":296,"Old Coin":192,"ClockworkSouvenir":197,"Blood Vial":192,"Dream Catcher":116,"Tough Bandages":217,"Centennial Puzzle":347,"Pantograph":146,"Strawberry":232,"Tiny Chest":236,"Prayer Wheel":424,"Toxic Egg 2":110,"Ring of the Snake":0,"Potion Belt":393,"Lee\u0027s Waffle":372,"Happy Flower":424,"Golden Idol":13,"Eternal Feather":203,"PreservedInsect":21,"The Courier":65,"Pen Nib":389,"Frozen Egg 2":372,"Akabeko":217,"White Beast Statue":217,"SlaversCollar":315,"Busted Crown":169,"Ornamental Fan":116,"Bloody Idol":90,"Snecko Eye":84,"Pandora\u0027s Box":131,"Molten Egg 2":222,"Bag of Marbles":197,"Bottled Lightning":161,"Membership Card":393,"FossilizedHelix":356,"Toy Ornithopter":372}],"Ring of the Snake":[153]},"card_choices":[{"not_picked":["Masterful Stab","Underhanded Strike"],"picked":"Quick Slash","floor":1},{"not_picked":["Eviscerate","Outmaneuver","Distraction"],"picked":"SKIP","floor":1},{"not_picked":["Quick Slash","Blade Dance"],"picked":"Well Laid Plans","floor":2},{"not_picked":["Outmaneuver","PiercingWail"],"picked":"Dagger Spray","floor":2}],"player_experience":387258,"relics_obtained":[],"event_choices":[{"damage_healed":0,"gold_gain":0,"player_choice":"Donut","damage_taken":0,"max_hp_gain":5,"max_hp_loss":0,"event_name":"Big Fish","floor":3,"gold_loss":0},{"cards_removed":["Strike_G"],"damage_healed":0,"gold_gain":0,"player_choice":"Card Removal","damage_taken":7,"max_hp_gain":0,"max_hp_loss":0,"event_name":"Golden Wing","floor":4,"gold_loss":0},{"cards_removed":["Strike_G"],"damage_healed":0,"gold_gain":0,"player_choice":"Card Removal","damage_taken":0,"max_hp_gain":0,"max_hp_loss":0,"event_name":"The Cleric","floor":5,"gold_loss":75}],"is_beta":false,"boss_relics":[],"items_purged_floors":[],"is_endless":false,"potions_floor_spawned":[],"killed_by":"Lagavulin","ascension_level":20}}