{"host":"3498uni0c31c9bdm","time":1609285025,"event":{"mods":["BaseMod","Better Third Choice","Minty Spire (QoL Compilation)","Replay The Spire","StSLib"],"gold_per_floor":[115,5,5,5,19,54,70,70,70,31,65,65,65,97,97,192,192,203,203,203,222,242,242,242],"floor_reached":23,"playtime":893,"items_purged":["Regret"],"score":384,"play_id":"a5fa2111-ed49-4bd4-87e5-672e3c41a1c8","local_time":"20201230103705","is_ascension_mode":true,"campfire_choices":[{"floor":12,"key":"RECALL"}],"circlet_count":0,"master_deck":["Strike_R","Strike_R","Strike_R","Strike_R","Strike_R","Defend_R","Defend_R","Defend_R","Defend_R","Bash","Perfected Strike+1","Metallicize+1","Pain","Perfected Strike+1","Feed","Clothesline","Regret","Armaments+1","Pommel Strike","Rupture","Juggernaut","Run Through","Replay:Undeath\u0027s Touch","Flex"],"relics":["Burning Blood","Mango","WarpedTongs","Replay:Bottled Eggs","Tiny Chest","Blue Candle","Sundial","Replay:Bottled Flurry","Black Star","Girya"],"acts_visited":["Exordium","TheCity"],"potions_floor_usage":[6,16,18,21,22,23],"damage_taken":[{"damage":12,"enemies":"Jaw Worm","floor":1,"turns":5},{"damage":5,"enemies":"2 Louse","floor":5,"turns":4},{"damage":10,"enemies":"3 Sentries","floor":6,"turns":7},{"damage":2,"enemies":"Cultist","floor":7,"turns":3},{"damage":8,"enemies":"Gremlin Nob","floor":11,"turns":3},{"damage":44,"enemies":"3 Sentries","floor":14,"turns":7},{"damage":11,"enemies":"Slime Boss","floor":16,"turns":6},{"damage":55,"enemies":"3 Byrds","floor":18,"turns":5},{"damage":21,"enemies":"Spheric Guardian","floor":21,"turns":5},{"damage":42,"enemies":"Cultist and Chosen","floor":22,"turns":7},{"damage":24,"enemies":"Slavers","floor":23,"turns":4}],"seed_played":"-8099169740190945326","potions_obtained":[{"floor":1,"key":"PowerPotion"},{"floor":14,"key":"BloodPotion"},{"floor":15,"key":"Explosive Potion"},{"floor":15,"key":"DistilledChaos"},{"floor":16,"key":"Venom Potion"},{"floor":21,"key":"Explosive Potion"},{"floor":22,"key":"Explosive Potion"}],"is_trial":false,"path_per_floor":["M","$","?","?","M","E","M","?","T","$","E","R","T","E","R","B",null,"M","?","T","M","M","E"],"character_chosen":"IRONCLAD","items_purchased":["Metallicize","Armaments+1"],"campfire_rested":0,"item_purchase_floors":[2,10],"current_hp_per_floor":[80,80,80,80,81,77,85,85,85,85,83,83,83,45,45,44,88,43,43,43,53,21,0,0],"gold":242,"neow_bonus":"ONE_RARE_RELIC","is_daily":false,"chose_seed":false,"campfire_upgraded":0,"win_rate":0.0,"timestamp":1609285025,"path_taken":["M","$","?","?","M","E","?","?","T","?","E","R","?","E","R","BOSS","M","?","?","?","M","E"],"items_purchased_type":["Card","Card"],"build_version":"2020-12-22","purchased_purges":1,"victory":false,"max_hp_per_floor":[94,94,94,94,94,94,98,98,98,98,98,98,98,98,98,102,102,106,106,106,110,114,117,117],"card_choices":[{"not_picked":["Thunderclap","Heavy Blade"],"picked":"Perfected Strike","floor":1},{"not_picked":["Headbutt","ReplayTheSpireMod:Stacked"],"picked":"Perfected Strike","floor":5},{"not_picked":["Anger","Run Through"],"picked":"Feed","floor":6},{"not_picked":["Twin Strike","Shrug It Off"],"picked":"Clothesline","floor":7},{"not_picked":["Carnage","Whirlwind"],"picked":"Pommel Strike","floor":11},{"not_picked":["Pommel Strike","Abandon"],"picked":"Rupture","floor":14},{"not_picked":["Eclipse","Demonic Infusion"],"picked":"Juggernaut","floor":16},{"not_picked":["ReplayReversal","Bloodletting"],"picked":"Run Through","floor":18},{"not_picked":["Perfected Strike","Abandon"],"picked":"Replay:Undeath\u0027s Touch","floor":21},{"not_picked":["Armaments","True Grit"],"picked":"Flex","floor":22}],"player_experience":650467,"relics_obtained":[{"floor":6,"key":"Replay:Bottled Eggs"},{"floor":11,"key":"Blue Candle"},{"floor":13,"key":"Sundial"},{"floor":14,"key":"Replay:Bottled Flurry"},{"floor":20,"key":"Girya"}],"event_choices":[{"damage_healed":0,"gold_gain":0,"player_choice":"Grow","damage_taken":0,"max_hp_gain":0,"max_hp_loss":0,"event_name":"Living Wall","floor":3,"gold_loss":0,"cards_upgraded":["Metallicize"]},{"damage_healed":0,"gold_gain":0,"player_choice":"Rummage","damage_taken":0,"relics_obtained":["WarpedTongs"],"max_hp_gain":0,"max_hp_loss":0,"event_name":"Accursed Blacksmith","floor":4,"gold_loss":0,"cards_obtained":["Pain"]},{"damage_healed":0,"gold_gain":0,"player_choice":"Box","damage_taken":0,"relics_obtained":["Tiny Chest"],"max_hp_gain":0,"max_hp_loss":0,"event_name":"Big Fish","floor":8,"gold_loss":0,"cards_obtained":["Regret"]},{"damage_healed":0,"gold_gain":0,"player_choice":"Ignored","damage_taken":0,"max_hp_gain":0,"max_hp_loss":0,"event_name":"Ghosts","floor":19,"gold_loss":0}],"is_beta":false,"boss_relics":[{"not_picked":["Replay:Wanted Poster","Cursed Key"],"picked":"Black Star"}],"items_purged_floors":[2],"is_endless":false,"potions_floor_spawned":[1,14,16,21,22],"killed_by":"Slavers","ascension_level":6}}