{"host":"zit9o0ax6c2l3y2b","time":1609212155,"event":{"mods":["Aspiration","BaseMod","Colored Map","Conspire","Downfall","Glutton Mod","Hermit","Hubris","Infinite Spire","Minty Spire (QoL Compilation)","Random Character Button","Relic Filter","Replay The Spire","Shade Mod","Shop Mod","StSLib","The Construct","The Cursed","The Disciple","The Runesmith","TheArtist"],"gold_per_floor":[113,113,24,24,42,42,73,103,153,164,16,49,59,72,72,72,72],"floor_reached":16,"playtime":723,"items_purged":[],"score":205,"play_id":"7c6c90cc-58c3-4821-b44e-9c44b8fa5697","local_time":"20201228222235","is_ascension_mode":true,"campfire_choices":[{"data":"Stagnate","floor":6,"key":"SMITH"},{"data":"ReapSow","floor":15,"key":"SMITH"}],"circlet_count":0,"master_deck":["conspire:GhostlyStrike","conspire:GhostlyStrike","conspire:GhostlyStrike","conspire:GhostlyStrike","conspire:GhostlyDefend+1","conspire:GhostlyDefend","conspire:GhostlyDefend+1","conspire:GhostlyDefend","SecondHand","PatternShift","ExoVibe+11","LockedAnchor","LockedAnchor","HandsUpB","Stagnate+1","ReapSow+5","ResonantCall","ExoVibe","HandsUpC","Allargando"],"relics":["Chronometer","NeowsBlessing","Bag of Marbles","War Paint","infinitespire:PuzzleCube","SpringShield","Letter Opener"],"acts_visited":["Exordium"],"potions_floor_usage":[10,14,16],"damage_taken":[{"damage":0,"enemies":"Small Slimes","floor":1,"turns":1},{"damage":0,"enemies":"2 Louse","floor":5,"turns":1},{"damage":0,"enemies":"Gremlin Nob","floor":7,"turns":1},{"damage":12,"enemies":"Jaw Worm","floor":10,"turns":6},{"damage":10,"enemies":"3 Sentries","floor":12,"turns":11},{"damage":0,"enemies":"Red Slaver","floor":13,"turns":5},{"damage":2,"enemies":"Looter","floor":14,"turns":3},{"damage":41,"enemies":"Hexaghost","floor":16,"turns":11}],"seed_played":"8972784649140954800","potions_obtained":[{"floor":7,"key":"PowerPotion"},{"floor":10,"key":"champ:CounterPotion"},{"floor":13,"key":"Slimebound:ThreeZeroPotion"}],"is_trial":false,"path_per_floor":["M","?","$","?","M","R","E","?","T","M","$","E","M","M","R","B"],"character_chosen":"CHRONO_CLASS","items_purchased":["LockedAnchor","HandsUpB","SpringShield"],"campfire_rested":0,"item_purchase_floors":[3,3,11],"current_hp_per_floor":[65,65,65,65,65,65,65,65,65,53,53,43,43,41,41,0,0],"gold":72,"neow_bonus":"THREE_ENEMY_KILL","is_daily":false,"chose_seed":false,"campfire_upgraded":2,"win_rate":0.0,"timestamp":1609212155,"path_taken":["M","?","$","?","M","R","E","?","T","?","?","E","M","M","R","BOSS"],"items_purchased_type":["Card","Card","Relic"],"build_version":"2020-12-22","purchased_purges":0,"victory":false,"max_hp_per_floor":[65,65,65,65,65,65,65,65,65,65,65,65,65,65,65,65,65],"card_choices":[{"not_picked":["HandsUpB","TiringSlam"],"picked":"ExoVibe","floor":1},{"not_picked":["LockedWhetstone","LockedTurtyl"],"picked":"Stagnate","floor":5},{"not_picked":["CrunchTime","Parity"],"picked":"ReapSow","floor":7},{"not_picked":["Parity","WatchCommand"],"picked":"ResonantCall","floor":10},{"not_picked":["Break","Stagnate","VestedLegacy"],"picked":"SKIP","floor":12},{"not_picked":["Tempo","Echoward"],"picked":"ExoVibe","floor":13},{"not_picked":["WindUp","Echoward"],"picked":"HandsUpC","floor":14}],"player_experience":388096,"relics_obtained":[{"floor":7,"key":"Bag of Marbles"},{"floor":9,"key":"infinitespire:PuzzleCube"},{"floor":12,"key":"Letter Opener"}],"event_choices":[{"damage_healed":0,"gold_gain":0,"player_choice":"Agree","damage_taken":0,"max_hp_gain":0,"max_hp_loss":0,"event_name":"conspire:LoneGhost","floor":2,"gold_loss":0},{"damage_healed":0,"gold_gain":30,"player_choice":"Searched \u00273\u0027 times","damage_taken":0,"relics_obtained":["War Paint"],"max_hp_gain":0,"max_hp_loss":0,"event_name":"Dead Adventurer","floor":8,"gold_loss":0}],"is_beta":false,"boss_relics":[],"items_purged_floors":[],"is_endless":false,"potions_floor_spawned":[7,10,13],"killed_by":"Hexaghost","ascension_level":3}}