{"host":"sc0o2qwpf9j16a4i","time":1609259364,"event":{"mods":["AchievementEnabler","BaseMod","BetterRewards","Block Reminder","Colored Map","Colored Powertips","Custom Start","Highlight Path","Minty Spire (QoL Compilation)","Relic Stats"],"gold_per_floor":[113,133,133,148,148,148,73,100,177,157,191,79,107,118,118,195,195,213,12,12,12,12,12,43,53,53,84,100,12,12,27,27,27,27],"floor_reached":33,"playtime":891,"items_purged":["Blade Dance"],"score":652,"play_id":"e1c8d55d-c0ce-4d4f-b45f-81073774c994","local_time":"20201229182924","is_ascension_mode":true,"campfire_choices":[{"data":"Glass Knife","floor":6,"key":"SMITH"},{"floor":15,"key":"REST"},{"data":"After Image","floor":23,"key":"SMITH"},{"floor":30,"key":"REST"},{"data":"A Thousand Cuts","floor":32,"key":"SMITH"}],"circlet_count":0,"master_deck":["AscendersBane","Survivor","Choke","Deflect","Glass Knife+1","Bane","Bouncing Flask","Blade Dance","Leg Sweep","PiercingWail","Predator+1","Deflect","Deadly Poison","Backstab+1","Sucker Punch+1","Noxious Fumes","Backstab+1","Poisoned Stab+1","After Image+1","Acrobatics","Bane+1","Well Laid Plans","Backflip","Dodge and Roll","A Thousand Cuts+1","Footwork","PiercingWail"],"relics":["Pandora\u0027s Box","Bag of Marbles","Molten Egg 2","Whetstone","Mummified Hand","Black Star","Lee\u0027s Waffle","Orichalcum","HornCleat","Tough Bandages","Juzu Bracelet","Anchor"],"acts_visited":["Exordium","TheCity"],"potions_floor_usage":[11,13,14,33],"damage_taken":[{"damage":3,"enemies":"2 Louse","floor":1,"turns":2},{"damage":0,"enemies":"Small Slimes","floor":2,"turns":2},{"damage":0,"enemies":"Cultist","floor":4,"turns":3},{"damage":20,"enemies":"Lagavulin","floor":8,"turns":6},{"damage":20,"enemies":"3 Sentries","floor":11,"turns":5},{"damage":0,"enemies":"Lagavulin","floor":13,"turns":5},{"damage":0,"enemies":"Exordium Wildlife","floor":14,"turns":1},{"damage":29,"enemies":"Hexaghost","floor":16,"turns":8},{"damage":20,"enemies":"2 Thieves","floor":18,"turns":3},{"damage":17,"enemies":"Slavers","floor":24,"turns":4},{"damage":2,"enemies":"3 Byrds","floor":25,"turns":4},{"damage":16,"enemies":"Book of Stabbing","floor":27,"turns":5},{"damage":0,"enemies":"Centurion and Healer","floor":28,"turns":4},{"damage":0,"enemies":"Sentry and Sphere","floor":31,"turns":3},{"damage":74,"enemies":"Champ","floor":33,"turns":15}],"seed_played":"-705481094000822746","potions_obtained":[{"floor":1,"key":"DuplicationPotion"},{"floor":4,"key":"Block Potion"},{"floor":11,"key":"Explosive Potion"},{"floor":13,"key":"EssenceOfSteel"},{"floor":18,"key":"Ancient Potion"}],"is_trial":false,"path_per_floor":["M","M","?","M","?","R","?","E","T","?","E","$","E","M","R","B",null,"M","$","?","?","$","R","E","M","T","E","M","$","R","M","R","B"],"character_chosen":"THE_SILENT","items_purchased":["Noxious Fumes","Lee\u0027s Waffle","Bane+1","Footwork"],"campfire_rested":2,"item_purchase_floors":[12,19,19,29],"current_hp_per_floor":[56,56,61,61,54,54,54,34,34,34,14,14,14,14,35,6,55,35,78,78,78,78,78,61,59,59,43,43,43,66,66,66,0,0],"gold":27,"neow_bonus":"BOSS_RELIC","is_daily":false,"chose_seed":false,"campfire_upgraded":3,"win_rate":0.0,"timestamp":1609259364,"path_taken":["M","M","?","M","?","R","?","E","T","?","E","$","E","M","R","BOSS","M","?","?","?","?","R","E","?","T","E","M","$","R","M","R","BOSS"],"items_purchased_type":["Card","Relic","Card","Card"],"build_version":"2020-12-22","purchased_purges":1,"victory":false,"max_hp_per_floor":[66,66,71,71,71,71,71,71,71,71,71,71,71,71,71,71,71,71,78,78,78,78,78,78,78,78,78,78,78,78,78,78,78,78],"relic_stats":{"Lee\u0027s Waffle":43,"Tough Bandages":[18],"counters":[15,70],"Mummified Hand":[27],"Pandora\u0027s Box":["Blade Dance","Choke","Deflect","Glass Knife","Bane","Bouncing Flask","Blade Dance","Leg Sweep","PiercingWail","Phantasmal Killer"],"Black Star":2,"Juzu Bracelet":0,"Whetstone":["Predator","Backstab"],"Orichalcum":[0],"obtain_stats":[{"Lee\u0027s Waffle":19,"Juzu Bracelet":27,"Whetstone":11,"Orichalcum":24,"Tough Bandages":26,"Anchor":27,"HornCleat":24,"Mummified Hand":13,"Pandora\u0027s Box":0,"Molten Egg 2":9,"Bag of Marbles":8,"Black Star":17,"Ring of the Snake":0},{"Lee\u0027s Waffle":9,"Juzu Bracelet":12,"Whetstone":5,"Orichalcum":10,"Tough Bandages":11,"Anchor":12,"HornCleat":10,"Mummified Hand":6,"Pandora\u0027s Box":0,"Molten Egg 2":4,"Bag of Marbles":4,"Black Star":8,"Ring of the Snake":0},{"Lee\u0027s Waffle":35,"Juzu Bracelet":48,"Whetstone":18,"Orichalcum":39,"Tough Bandages":43,"Anchor":48,"HornCleat":39,"Mummified Hand":23,"Pandora\u0027s Box":0,"Molten Egg 2":13,"Bag of Marbles":13,"Black Star":32,"Ring of the Snake":0}]},"card_choices":[{"not_picked":["Backflip","Bane"],"picked":"Predator","floor":1},{"not_picked":["Night Terror","Dodge and Roll"],"picked":"Deflect","floor":2},{"not_picked":["Slice","Outmaneuver"],"picked":"Deadly Poison","floor":4},{"not_picked":["Dagger Throw","Quick Slash"],"picked":"Backstab","floor":8},{"not_picked":["Burst","Slice+1"],"picked":"Sucker Punch+1","floor":11},{"not_picked":["Dagger Spray+1","Sucker Punch+1"],"picked":"Backstab+1","floor":13},{"not_picked":["Cloak And Dagger","Underhanded Strike+1"],"picked":"Poisoned Stab+1","floor":14},{"not_picked":["A Thousand Cuts","Phantasmal Killer"],"picked":"After Image","floor":16},{"not_picked":["Distraction","Backstab+1"],"picked":"Acrobatics","floor":18},{"not_picked":["Slice+1","Bane+1"],"picked":"Backflip","floor":24},{"not_picked":["Bane+1","Caltrops","Setup"],"picked":"SKIP","floor":25},{"not_picked":["Dagger Throw+1","Slice+1"],"picked":"Dodge and Roll","floor":27},{"not_picked":["Endless Agony+1","Deadly Poison"],"picked":"A Thousand Cuts","floor":28},{"not_picked":["Riddle With Holes+1","Slice+1"],"picked":"PiercingWail","floor":31}],"player_experience":399750,"relics_obtained":[{"floor":8,"key":"Bag of Marbles"},{"floor":9,"key":"Molten Egg 2"},{"floor":11,"key":"Whetstone"},{"floor":13,"key":"Mummified Hand"},{"floor":24,"key":"Orichalcum"},{"floor":24,"key":"HornCleat"},{"floor":26,"key":"Tough Bandages"},{"floor":27,"key":"Juzu Bracelet"},{"floor":27,"key":"Anchor"}],"event_choices":[{"damage_healed":0,"gold_gain":0,"player_choice":"Donut","damage_taken":0,"max_hp_gain":5,"max_hp_loss":0,"event_name":"Big Fish","floor":3,"gold_loss":0},{"cards_removed":["Phantasmal Killer"],"damage_healed":0,"gold_gain":0,"player_choice":"Card Removal","damage_taken":7,"max_hp_gain":0,"max_hp_loss":0,"event_name":"Golden Wing","floor":5,"gold_loss":0},{"cards_removed":["Neutralize"],"damage_healed":0,"gold_gain":0,"player_choice":"Card Removal","damage_taken":0,"max_hp_gain":0,"max_hp_loss":0,"event_name":"The Cleric","floor":7,"gold_loss":75},{"damage_healed":0,"gold_gain":0,"player_choice":"Bought 1 Potion","damage_taken":0,"max_hp_gain":0,"max_hp_loss":0,"event_name":"The Woman in Blue","floor":10,"gold_loss":0},{"damage_healed":0,"gold_gain":0,"player_choice":"Ignored","damage_taken":0,"max_hp_gain":0,"max_hp_loss":0,"event_name":"The Mausoleum","floor":20,"gold_loss":0},{"damage_healed":0,"gold_gain":0,"player_choice":"Read","damage_taken":0,"max_hp_gain":0,"max_hp_loss":0,"event_name":"The Library","floor":21,"gold_loss":0,"cards_obtained":["Well Laid Plans"]}],"is_beta":false,"boss_relics":[{"not_picked":["Calling Bell","Fusion Hammer"],"picked":"Black Star"}],"items_purged_floors":[12],"is_endless":false,"potions_floor_spawned":[1,4,11,13,18,25,31],"killed_by":"Champ","ascension_level":20}}