{"host":"80x1ozqd5wpd4nvo","time":1609280540,"event":{"mods":["2.2 Compatiblity","Arknights The Spire","Aspiration","BaseMod","Better Altar","Better Match","Better Note","Better Sensory Stone","Better Skull","Better Third Choice","BetterRewards","Card Forge","Custom Start","DNKmod","Defuse TimeMaze Blight","Dota2Spire","Energized Spire","Friendly Minions","GifTheSpireLib","Hubris","Infinite Spire","Minty Spire (QoL Compilation)","Permanent Neow","Shop Mod","Spicy Shops","StSLib","The Blue Laboratory","??????REMEMod"],"gold_per_floor":[1210,1385,1385,1396,1414,1414,1448,1448,1448,1475,1475,1501,574,590,590,695,695,714,714,726,234,252,279,299,299,299,313,313,313,328,356,356,457,457,476,476,495,16,28,57,57,88,114,0,58,76,90,115,115,137,137,137,13,47,129],"floor_reached":56,"playtime":3396,"items_purged":[],"score":1367,"play_id":"e842d838-f5b6-4808-9ec7-d3651e8976ef","local_time":"20201229232220","is_ascension_mode":false,"campfire_choices":[{"data":"ats:Cat Scratch","floor":6.0,"key":"SMITH"},{"data":"ats:Composite Medical Shells","floor":8.0,"key":"SMITH"},{"data":"ats:Part Time Job","floor":15.0,"key":"SMITH"},{"data":"ats:Emotion Absorption","floor":25.0,"key":"SMITH"},{"data":"ats:Dogmatic Field","floor":32,"key":"SMITH"},{"floor":41,"key":"RECALL"},{"data":"ats:Healing Strengthening","floor":49,"key":"SMITH"},{"data":"infinitespire:UltimateForm","floor":52,"key":"SMITH"}],"circlet_count":0,"master_deck":["ats:Strike C","ats:Strike G","ats:Armor Crushing Shot","ats:Defend","ats:Defend","ats:Defend","ats:Defend","ats:Emotion Absorption+1","ats:Cat Scratch+1","ats:Apocalypse","ats:Shell Defense","ats:Composite Medical Shells+1","ats:Poison Spread","ats:Healing Drone","ats:Part Time Job+1","ats:Calcification","ats:Wolf Pack","ats:Shadow Assault","ats:Charging Defense+1","ats:Song Of Battle","ats:Dogmatic Field+1","ats:Blood Oath+1","ats:Soul Rend","infinitespire:UltimateForm+1","ats:Healing Strengthening+1","REME_FirmDetermination","ats:Encircling Forest+1","REME_HeartOfCthun","ats:Defend Order+1","ats:Calcification","The Bomb"],"relics":["ats:Sanity","Hammer of Thor","Seething Fire","Anvil of the Gods","REME_ComplimentaryCards","NeowsBlessing","ats:Originium","aspiration:HiddenCompartment","REME_IWantAll","Dota2Spire:Butterfly","hubris:Icosahedron","aspiration:TomeofQuesting","Shuriken","Singing Bowl","Bronze Scales","ats:Special","aspiration:PoetsPen_weak","ats:Cure","ats:Rhine Circuitry","hubris:CuriousFeather","hubris:PeanutButter","Darkstone Periapt","Mercury Hourglass","aspiration:FetidBarrel","REME_LowDesire","Pen Nib","Potion Belt","ats:Defend","Lantern","infinitespire:Midas Blood","ats:Spiritual Recovery","Red Mask","Gambling Chip","ats:Berate","Oddly Smooth Stone"],"acts_visited":["Exordium","TheCity","TheBeyond","TheEnding"],"potions_floor_usage":[31,33,33,47,50,54,55,55,55,55],"damage_taken":[{"damage":0.0,"enemies":"2 Louse","floor":1.0,"turns":1.0},{"damage":0.0,"enemies":"Jaw Worm","floor":4.0,"turns":1.0},{"damage":0.0,"enemies":"Cultist","floor":5.0,"turns":1.0},{"damage":4.0,"enemies":"Gremlin Nob","floor":7.0,"turns":5.0},{"damage":20.0,"enemies":"3 Sentries","floor":10.0,"turns":9.0},{"damage":12.0,"enemies":"Gremlin Nob","floor":12.0,"turns":4.0},{"damage":0.0,"enemies":"Looter","floor":14.0,"turns":2.0},{"damage":42.0,"enemies":"Hexaghost","floor":16.0,"turns":9.0},{"damage":2.0,"enemies":"Shell Parasite","floor":18.0,"turns":5.0},{"damage":0.0,"enemies":"Chosen","floor":20.0,"turns":4.0},{"damage":7.0,"enemies":"Snake Plant","floor":22.0,"turns":5.0},{"damage":0.0,"enemies":"Book of Stabbing","floor":23.0,"turns":6.0},{"damage":0.0,"enemies":"Shelled Parasite and Fungi","floor":24.0,"turns":6.0},{"damage":0.0,"enemies":"Cultist and Chosen","floor":27.0,"turns":4.0},{"damage":0,"enemies":"Snecko","floor":30,"turns":4},{"damage":2,"enemies":"REME_1_Revenger","floor":31,"turns":5},{"damage":1,"enemies":"Collector","floor":33,"turns":6},{"damage":0,"enemies":"3 Shapes","floor":35,"turns":3},{"damage":4,"enemies":"Orb Walker","floor":37,"turns":3},{"damage":0,"enemies":"Transient","floor":39,"turns":5},{"damage":2,"enemies":"Reptomancer","floor":40,"turns":5},{"damage":25,"enemies":"Nemesis","floor":42,"turns":5},{"damage":10,"enemies":"2 Orb Walkers","floor":45,"turns":4},{"damage":9,"enemies":"Spire Growth","floor":46,"turns":5},{"damage":4,"enemies":"4 Shapes","floor":47,"turns":3},{"damage":39,"enemies":"Writhing Mass","floor":48,"turns":5},{"damage":202,"enemies":"hubris:GrandSnecko","floor":50,"turns":12},{"damage":18,"enemies":"Shield and Spear","floor":54,"turns":6},{"damage":66,"enemies":"The Heart","floor":55,"turns":8}],"seed_played":"4502562141661449188","potions_obtained":[{"floor":5.0,"key":"ats:Emergency Sanity Potion"},{"floor":14.0,"key":"blueLaboratory:FruitPunch"},{"floor":22.0,"key":"BlessingOfTheForge"},{"floor":31,"key":"DistilledChaos"},{"floor":33,"key":"Regen Potion"},{"floor":35,"key":"LiquidBronze"},{"floor":37,"key":"blueLaboratory:HeartbeatPotion"},{"floor":42,"key":"PowerPotion"},{"floor":47,"key":"Dexterity Potion"},{"floor":54,"key":"REME_GoldPotion"}],"is_trial":false,"path_per_floor":["M","?","?","M","M","R","E","R","T","E","?","E","$","M","R","B",null,"M","?","M","$","M","E","M","R","T","M","?","?","M","E","R","B",null,"M","AVR","M","$","M","E","R","E","T","?","?","M","M","M","R","B",null,"R","$","E","B",null],"character_chosen":"DOCTOR_CLASS","items_purchased":["blueLaboratory:FruitPunch","Shuriken","Singing Bowl","Bronze Scales","ats:Special","ats:Part Time Job","ats:Cure","ats:Rhine Circuitry","ats:Song Of Battle","hubris:CuriousFeather","Block Potion","ats:Defend","ats:Healing Strengthening","Lantern","REME_FirmDetermination","ats:Berate","blueLaboratory:LouseDecoction"],"campfire_rested":0,"item_purchase_floors":[13,13,13,13,13,13,21,21,21,21,21,38,38,38,38,53,53],"current_hp_per_floor":[100,100,100,100,100,100,100,100,100,94,94,89,89,102,102,109,109,109,109,111,111,113,115,117,117,117,119,119,119,119,121,121,121,121,123,123,121,121,127,127,127,125,125,125,127,129,129,126,126,12,131,131,131,131,131],"gold":129,"neow_bonus":"THREE_ENEMY_KILL","is_daily":false,"chose_seed":false,"campfire_upgraded":7,"win_rate":0.0,"timestamp":1609280540,"path_taken":["M","?","?","?","M","R","E","R","T","E","?","E","?","M","R","BOSS","M","?","M","$","M","E","?","R","T","?","?","?","M","E","R","BOSS","M","AVR","M","$","M","E","R","E","T","?","?","M","M","M","R","BOSS","R","$","E","BOSS"],"items_purchased_type":["Potion","Relic","Relic","Relic","Relic","Card","Relic","Relic","Card","Relic","Potion","Card","Card","Relic","Card","Relic","Potion"],"build_version":"2020-12-22","purchased_purges":0,"victory":true,"max_hp_per_floor":[100,100,100,100,100,100,100,100,100,100,100,100,100,104,104,109,109,109,109,111,111,113,115,117,117,117,119,119,119,119,121,121,121,121,123,123,125,125,127,127,127,127,127,127,127,129,129,131,131,131,131,131,131,131,131],"card_choices":[{"not_picked":["ats:Consecutive Shot Auto","ats:Guardian Obelisk"],"picked":"ats:Cat Scratch","floor":1.0},{"not_picked":["ats:Revitalization","ats:Leaping Hammer"],"picked":"ats:Apocalypse","floor":4.0},{"not_picked":["ats:Hammer On","ats:Neurotoxin"],"picked":"ats:Shell Defense","floor":5.0},{"not_picked":["ats:Curse Doll","ats:Rat Pack"],"picked":"ats:Composite Medical Shells","floor":7.0},{"not_picked":["ats:Counter Healing Mode","ats:Childhood Dance"],"picked":"ats:Poison Spread","floor":10.0},{"not_picked":["ats:Cat Scratch","ats:Hammer On"],"picked":"ats:Healing Drone","floor":12.0},{"not_picked":["ats:Encircling Forest","ats:Shell Defense","ats:Powerful Strike"],"picked":"Singing Bowl","floor":14.0},{"not_picked":["ats:Calcification","ats:Wolf Pack","ats:Shadow Assault"],"picked":"Singing Bowl","floor":16.0},{"not_picked":["ats:Ignite","ats:Leaping Hammer"],"picked":"ats:Charging Defense+1","floor":18.0},{"not_picked":["ats:Revitalization","ats:Curse Doll","ats:Powerful Strike+1"],"picked":"Singing Bowl","floor":20.0},{"not_picked":["ats:LN2 Cannon","ats:Shell Defense","ats:Leaping Hammer"],"picked":"Singing Bowl","floor":22.0},{"not_picked":["ats:Ignite","ats:Shell Defense","ats:Flame Of Heaven+1"],"picked":"Singing Bowl","floor":23.0},{"not_picked":["ats:Curse Doll+1","ats:Very Hot Blade","ats:Cat Scratch"],"picked":"Singing Bowl","floor":24.0},{"not_picked":["ats:Childhood Dance","ats:Poison Spread+1","ats:Powerful Strike"],"picked":"Singing Bowl","floor":27.0},{"not_picked":["ats:Childhood Dance","ats:Revitalization"],"picked":"ats:Blood Oath+1","floor":30},{"not_picked":["ats:Blood Oath","ats:Cat Scratch+1","ats:Hammer On"],"picked":"Singing Bowl","floor":31},{"not_picked":["ats:Volcano","ats:Echo Reverb"],"picked":"ats:Soul Rend","floor":33},{"not_picked":["ats:Consecutive Shot Auto+1","ats:Leaping Hammer","ats:Poison Spread"],"picked":"Singing Bowl","floor":35},{"not_picked":["ats:Sword Rain","ats:Childhood Dance+1","ats:Curse Doll","Secret Technique"],"picked":"Singing Bowl","floor":37},{"not_picked":["ats:Steam Pump","ats:Revitalization+1","ats:Red Shift","HandOfGreed"],"picked":"Singing Bowl","floor":39},{"not_picked":["ats:Consecutive Shot Auto","ats:Ignite+1","Jack Of All Trades"],"picked":"ats:Encircling Forest+1","floor":40},{"not_picked":["ats:Burning Ground","ats:Leaping Hammer+1","ats:Sunburst+1"],"picked":"REME_HeartOfCthun","floor":42},{"not_picked":["ats:Revitalization","ats:Very Hot Blade+1","Bandage Up+1"],"picked":"ats:Defend Order+1","floor":45},{"not_picked":["ats:Poison Spread","ats:Flexible Camouflage+1","ats:Red Shift","Purity"],"picked":"Singing Bowl","floor":46},{"not_picked":["ats:Ignite","ats:Flexible Camouflage","Blind"],"picked":"ats:Calcification","floor":47},{"not_picked":["ats:Apocalypse+1","ats:Shell Defense","ats:Ignite+1","Good Instincts+1"],"picked":"Singing Bowl","floor":48},{"not_picked":["ats:Shell Defense","ats:Revitalization+1","ats:Hammer On+1"],"picked":"The Bomb","floor":54}],"player_experience":236725,"relics_obtained":[{"floor":7.0,"key":"ats:Originium"},{"floor":7.0,"key":"aspiration:HiddenCompartment"},{"floor":9.0,"key":"REME_IWantAll"},{"floor":10.0,"key":"ats:Originium"},{"floor":10.0,"key":"Dota2Spire:Butterfly"},{"floor":12.0,"key":"ats:Originium"},{"floor":12.0,"key":"aspiration:TomeofQuesting"},{"floor":23.0,"key":"hubris:PeanutButter"},{"floor":26.0,"key":"Darkstone Periapt"},{"floor":31,"key":"Mercury Hourglass"},{"floor":36,"key":"Pen Nib"},{"floor":36,"key":"Potion Belt"},{"floor":40,"key":"infinitespire:Midas Blood"},{"floor":42,"key":"ats:Spiritual Recovery"},{"floor":45,"key":"Gambling Chip"},{"floor":54,"key":"Oddly Smooth Stone"}],"event_choices":[{"damage_healed":0.0,"max_hp_gain":0.0,"max_hp_loss":0.0,"gold_gain":175.0,"event_name":"betterThird:BetterSerpent","player_choice":"AGREE","floor":2.0,"gold_loss":0.0,"damage_taken":1210.0},{"cards_removed":["ats:Strike S"],"damage_healed":0.0,"max_hp_gain":0.0,"max_hp_loss":0.0,"gold_gain":0.0,"event_name":"Bonfire Elementals","player_choice":"Offered Basic","floor":3.0,"gold_loss":0.0,"damage_taken":0.0},{"cards_removed":["ats:Strike V"],"damage_healed":0.0,"max_hp_gain":0.0,"max_hp_loss":0.0,"gold_gain":0.0,"event_name":"Purifier","player_choice":"Purged","floor":19.0,"gold_loss":0.0,"damage_taken":0.0},{"cards_removed":["ats:Defend"],"damage_healed":0,"gold_gain":0,"player_choice":"Give","damage_taken":0,"max_hp_gain":0,"max_hp_loss":0,"event_name":"betterNote:BetterNote","floor":28,"gold_loss":0,"cards_obtained":["None"]},{"damage_healed":0,"gold_gain":0,"player_choice":"Paid","damage_taken":0,"relics_obtained":["Red Mask"],"max_hp_gain":0,"max_hp_loss":0,"event_name":"Tomb of Lord Red Mask","floor":44,"gold_loss":114},{"damage_healed":0,"gold_gain":0,"player_choice":"Fight","damage_taken":0,"max_hp_gain":0,"max_hp_loss":0,"event_name":"Mysterious Sphere","floor":45,"gold_loss":0}],"is_beta":false,"boss_relics":[{"not_picked":["Coffee Dripper","ats:Tactical Delivery"],"picked":"aspiration:PoetsPen_weak"},{"not_picked":["REME_DemonsWealth","energizedSpire:HugeHouse","Velvet Choker"]}],"items_purged_floors":[],"is_endless":false,"potions_floor_spawned":[5,14,22,23,24,31,33,35,37,42,47,54],"ascension_level":0}}