{"host":"ifd7sfhtlbe34qll","time":1609206098,"event":{"mods":["2.2 Compatiblity","BaseMod","Block Reminder","Curses Come First","Highlight Path","Minty Spire (QoL Compilation)","Quick Restart","Relic Stats","StSLib"],"gold_per_floor":[117,117,129,143,37,69,86,120,120,120,140,172,172,184,184,184,184],"floor_reached":16,"playtime":1479,"items_purged":[],"score":244,"play_id":"6ae10ed0-1586-4258-bd8d-19987196a19b","local_time":"20201228194138","is_ascension_mode":true,"campfire_choices":[{"floor":10,"key":"REST"},{"data":"Bash","floor":13,"key":"SMITH"},{"data":"Perfected Strike","floor":15,"key":"SMITH"}],"circlet_count":0,"master_deck":["AscendersBane","Strike_R","Strike_R","Strike_R","Strike_R","Defend_R","Defend_R","Defend_R","Defend_R","Bash+1","Cleave","Thunderclap","Reaper","Evolve","Wild Strike","Dropkick","Exhume","Perfected Strike+1","Shrug It Off"],"relics":["Sozu","Gremlin Horn","Pocketwatch","Bird Faced Urn","Magic Flower"],"acts_visited":["Exordium"],"potions_floor_usage":[],"damage_taken":[{"damage":7,"enemies":"Small Slimes","floor":1,"turns":4},{"damage":6,"enemies":"Cultist","floor":3,"turns":3},{"damage":0,"enemies":"2 Louse","floor":4,"turns":2},{"damage":32,"enemies":"Gremlin Nob","floor":6,"turns":4},{"damage":0,"enemies":"Large Slime","floor":7,"turns":4},{"damage":25,"enemies":"Lagavulin","floor":8,"turns":7},{"damage":4,"enemies":"Red Slaver","floor":11,"turns":3},{"damage":25,"enemies":"3 Sentries","floor":12,"turns":4},{"damage":11,"enemies":"Blue Slaver","floor":14,"turns":5},{"damage":35,"enemies":"Hexaghost","floor":16,"turns":7}],"seed_played":"-713334242423711830","potions_obtained":[],"is_trial":false,"path_per_floor":["M","?","M","M","$","E","M","E","T","R","M","E","R","M","R","B"],"character_chosen":"IRONCLAD","items_purchased":["Evolve","Wild Strike"],"campfire_rested":1,"item_purchase_floors":[5,5],"current_hp_per_floor":[61,61,55,55,55,29,37,12,12,34,34,23,23,21,21,0,0],"gold":184,"neow_bonus":"BOSS_RELIC","is_daily":false,"chose_seed":false,"campfire_upgraded":2,"win_rate":0.0,"timestamp":1609206098,"path_taken":["M","?","M","M","$","E","M","E","T","R","M","E","R","?","R","BOSS"],"items_purchased_type":["Card","Card"],"build_version":"2020-12-22","purchased_purges":0,"victory":false,"max_hp_per_floor":[75,75,75,75,75,75,75,75,75,75,75,75,75,75,75,75,75],"relic_stats":{"Sozu":4,"Gremlin Horn":[2,2],"counters":[10,43],"Bird Faced Urn":[8],"Magic Flower":[6],"obtain_stats":[{"Sozu":0,"Gremlin Horn":6,"Bird Faced Urn":9,"Magic Flower":12,"Burning Blood":0,"Pocketwatch":8},{"Sozu":0,"Gremlin Horn":4,"Bird Faced Urn":6,"Magic Flower":8,"Burning Blood":0,"Pocketwatch":6},{"Sozu":0,"Gremlin Horn":13,"Bird Faced Urn":24,"Magic Flower":31,"Burning Blood":0,"Pocketwatch":24}],"Pocketwatch":[36]},"card_choices":[{"not_picked":["Infernal Blade","Havoc"],"picked":"Cleave","floor":1},{"not_picked":["Body Slam","Iron Wave"],"picked":"Thunderclap","floor":3},{"not_picked":["Second Wind","Wild Strike"],"picked":"Reaper","floor":4},{"not_picked":["Iron Wave","Anger"],"picked":"Dropkick","floor":6},{"not_picked":["Sword Boomerang","Warcry","Flex"],"picked":"SKIP","floor":7},{"not_picked":["Sword Boomerang","Warcry","Flex"],"picked":"SKIP","floor":7},{"not_picked":["Heavy Blade","Wild Strike"],"picked":"Exhume","floor":8},{"not_picked":["Wild Strike","Rampage"],"picked":"Perfected Strike","floor":11},{"not_picked":["Combust","Wild Strike"],"picked":"Shrug It Off","floor":12},{"not_picked":["Body Slam","Perfected Strike","Havoc"],"picked":"SKIP","floor":14}],"player_experience":1419623,"relics_obtained":[{"floor":6,"key":"Gremlin Horn"},{"floor":8,"key":"Pocketwatch"},{"floor":9,"key":"Bird Faced Urn"},{"floor":12,"key":"Magic Flower"}],"event_choices":[{"cards_removed":["Strike_R"],"damage_healed":0,"gold_gain":0,"player_choice":"Purged","damage_taken":0,"max_hp_gain":0,"max_hp_loss":0,"event_name":"Purifier","floor":2,"gold_loss":0}],"is_beta":false,"boss_relics":[],"items_purged_floors":[],"is_endless":false,"potions_floor_spawned":[1,6,7,8],"killed_by":"Hexaghost","ascension_level":20}}