{"host":"981nlwu0905dw1bz","time":1609273284,"event":{"mods":["BaseMod","DeckTracker","Minty Spire (QoL Compilation)","Rare Cards Sparkle","SuperFastMode"],"gold_per_floor":[119,119,119,119,132,167,167,177,204,204,204,237,237,249,249,350,350,365,54,54,64,79,79,79,104,104,115,92,110,110,110,110,212,212,222,222,233,76,0,30,30,30,57,57,57,83,98,48,48,48,48],"floor_reached":50,"playtime":1351,"items_purged":[],"score":779,"play_id":"16d57b50-89df-401a-9926-9f57d37df485","local_time":"20201230052124","is_ascension_mode":true,"campfire_choices":[{"data":"Searing Blow+1","floor":7.0,"key":"SMITH"},{"data":"Searing Blow+2","floor":11.0,"key":"SMITH"},{"floor":15.0,"key":"REST"},{"data":"Apotheosis","floor":23.0,"key":"SMITH"},{"floor":30.0,"key":"REST"},{"data":"Searing Blow+3","floor":32.0,"key":"SMITH"},{"data":"Searing Blow+4","floor":42,"key":"SMITH"},{"data":"Searing Blow+5","floor":45,"key":"SMITH"},{"data":"Searing Blow+6","floor":49,"key":"SMITH"}],"circlet_count":0,"master_deck":["Strike_R","Strike_R","Strike_R","Strike_R","Defend_R","Defend_R+1","Defend_R","Defend_R","Bash","Searing Blow+7","Offering","Iron Wave","Cleave","Clothesline+1","Fire Breathing","Offering","Rage+1","Apotheosis+1","Spot Weakness","Wild Strike","Power Through+1","Shockwave+1","Armaments+1","Flex+1","Limit Break+1","Wild Strike+1","Good Instincts+1","Heavy Blade+1","Madness+1","Madness+1","Wild Strike"],"relics":["Black Blood","NeowsBlessing","Boot","Centennial Puzzle","Matryoshka","Bird Faced Urn","Mark of Pain","Blood Vial","MutagenicStrength","Toxic Egg 2","Toy Ornithopter","Gremlin Horn","Red Skull","Red Mask","Strawberry","Paper Frog","Oddly Smooth Stone","Bronze Scales"],"acts_visited":["Exordium","TheCity","TheBeyond"],"potions_floor_usage":[37,48,50],"damage_taken":[{"damage":0.0,"enemies":"Jaw Worm","floor":1.0,"turns":1.0},{"damage":0.0,"enemies":"Cultist","floor":5.0,"turns":1.0},{"damage":0.0,"enemies":"Gremlin Nob","floor":6.0,"turns":1.0},{"damage":0.0,"enemies":"2 Louse","floor":8.0,"turns":2.0},{"damage":26.0,"enemies":"3 Sentries","floor":12.0,"turns":5.0},{"damage":18.0,"enemies":"Large Slime","floor":14.0,"turns":4.0},{"damage":42.0,"enemies":"Hexaghost","floor":16.0,"turns":9.0},{"damage":6.0,"enemies":"Chosen","floor":18.0,"turns":4.0},{"damage":12.0,"enemies":"Shell Parasite","floor":21.0,"turns":3.0},{"damage":32.0,"enemies":"Centurion and Healer","floor":22.0,"turns":5.0},{"damage":26.0,"enemies":"Book of Stabbing","floor":25.0,"turns":3.0},{"damage":2.0,"enemies":"Cultist and Chosen","floor":27.0,"turns":5.0},{"damage":18.0,"enemies":"3 Cultists","floor":29.0,"turns":5.0},{"damage":81.0,"enemies":"Automaton","floor":33.0,"turns":9.0},{"damage":11.0,"enemies":"3 Shapes","floor":35.0,"turns":5.0},{"damage":12,"enemies":"3 Darklings","floor":37,"turns":3},{"damage":35,"enemies":"Giant Head","floor":40,"turns":6},{"damage":12,"enemies":"Nemesis","floor":46,"turns":2},{"damage":14,"enemies":"4 Shapes","floor":47,"turns":3},{"damage":107,"enemies":"Awakened One","floor":50,"turns":9}],"seed_played":"4704876200747488974","potions_obtained":[{"floor":5.0,"key":"Energy Potion"},{"floor":14.0,"key":"PowerPotion"},{"floor":16.0,"key":"AttackPotion"},{"floor":22.0,"key":"Fire Potion"},{"floor":25.0,"key":"Energy Potion"},{"floor":27.0,"key":"AttackPotion"},{"floor":29.0,"key":"Swift Potion"},{"floor":35.0,"key":"DuplicationPotion"},{"floor":37,"key":"Regen Potion"}],"is_trial":false,"path_per_floor":["M","?","?","$","M","E","R","M","T","T","R","E","?","M","R","B",null,"M","$","?","M","M","R","?","E","T","M","$","M","R","?","R","B",null,"M","?","M","$","?","E","?","R","T","$","R","E","M","$","R","B"],"character_chosen":"IRONCLAD","items_purchased":["Apotheosis","Blood Vial","Armaments+1","Red Skull","BloodPotion"],"campfire_rested":2,"item_purchase_floors":[19,19,28,38,48],"current_hp_per_floor":[78,78,78,78,80,80,80,80,80,80,80,60,44,32,56,24,66,68,68,68,64,40,40,40,22,22,35,35,32,56,80,80,10,63,68,68,75,75,75,63,52,52,52,52,52,54,56,78,78,0,0],"gold":48,"neow_bonus":"THREE_ENEMY_KILL","is_daily":false,"chose_seed":false,"campfire_upgraded":7,"win_rate":0.0,"timestamp":1609273284,"path_taken":["M","?","?","$","?","E","R","M","T","?","R","E","?","M","R","BOSS","M","$","?","M","M","R","?","E","T","M","$","M","R","?","R","BOSS","M","?","M","$","?","E","?","R","T","$","R","E","M","?","R","BOSS"],"items_purchased_type":["Card","Relic","Card","Relic","Potion"],"build_version":"2020-12-22","purchased_purges":0,"victory":false,"max_hp_per_floor":[80,80,80,80,80,80,80,80,80,80,80,80,80,80,80,80,80,80,80,80,80,80,80,80,80,80,80,80,80,80,80,80,80,80,80,80,80,80,80,87,87,87,87,87,87,87,87,87,87,87,87],"card_choices":[{"not_picked":["Armaments","Feel No Pain"],"picked":"Searing Blow","floor":1.0},{"not_picked":["Entrench","Flame Barrier"],"picked":"Iron Wave","floor":5.0},{"not_picked":["Armaments","Warcry"],"picked":"Cleave","floor":6.0},{"not_picked":["Searing Blow","Pommel Strike"],"picked":"Clothesline","floor":8.0},{"not_picked":["Anger","Dropkick"],"picked":"Fire Breathing","floor":12.0},{"not_picked":["Anger","True Grit","Second Wind"],"picked":"SKIP","floor":14.0},{"not_picked":["Corruption","Barricade"],"picked":"Offering","floor":16.0},{"not_picked":["Shrug It Off","Metallicize"],"picked":"Rage+1","floor":18.0},{"not_picked":["Hemokinesis+1","Body Slam"],"picked":"Spot Weakness","floor":21.0},{"not_picked":["Pommel Strike","Reckless Charge"],"picked":"Wild Strike","floor":22.0},{"not_picked":["Havoc+1","Headbutt"],"picked":"Power Through+1","floor":25.0},{"not_picked":["Perfected Strike","Whirlwind"],"picked":"Shockwave+1","floor":27.0},{"not_picked":["Ghostly Armor+1","Clash"],"picked":"Flex+1","floor":29.0},{"not_picked":["Exhume+1","Corruption"],"picked":"Limit Break+1","floor":33.0},{"not_picked":["Cleave","Sentinel+1"],"picked":"Wild Strike+1","floor":35.0},{"not_picked":["Sadistic Nature","Jack Of All Trades+1"],"picked":"Good Instincts+1","floor":36},{"not_picked":["Dark Embrace","Body Slam+1"],"picked":"Heavy Blade+1","floor":37},{"not_picked":["Heavy Blade+1","Entrench+1","Havoc+1"],"picked":"SKIP","floor":40},{"not_picked":["Dark Embrace+1","Barricade"],"picked":"Wild Strike","floor":46},{"not_picked":["Shrug It Off+1","Anger","Evolve"],"picked":"SKIP","floor":47}],"player_experience":512729,"relics_obtained":[{"floor":6.0,"key":"Boot"},{"floor":9.0,"key":"Centennial Puzzle"},{"floor":10.0,"key":"Matryoshka"},{"floor":12.0,"key":"Bird Faced Urn"},{"floor":25.0,"key":"Toxic Egg 2"},{"floor":26.0,"key":"Toy Ornithopter"},{"floor":26.0,"key":"Gremlin Horn"},{"floor":40,"key":"Strawberry"},{"floor":43,"key":"Paper Frog"},{"floor":43,"key":"Oddly Smooth Stone"},{"floor":46,"key":"Bronze Scales"}],"event_choices":[{"damage_healed":0.0,"max_hp_gain":0.0,"max_hp_loss":0.0,"gold_gain":0.0,"event_name":"Living Wall","player_choice":"Grow","floor":2.0,"gold_loss":0.0,"damage_taken":0.0,"cards_upgraded":["Searing Blow"]},{"damage_healed":0.0,"max_hp_gain":0.0,"max_hp_loss":0.0,"gold_gain":0.0,"cards_transformed":["Strike_R"],"event_name":"Transmorgrifier","player_choice":"Transformed","floor":3.0,"gold_loss":0.0,"damage_taken":0.0,"cards_obtained":["Offering"]},{"damage_healed":0.0,"max_hp_gain":0.0,"max_hp_loss":0.0,"gold_gain":0.0,"event_name":"Shining Light","player_choice":"Entered Light","floor":13.0,"gold_loss":0.0,"damage_taken":16.0,"cards_upgraded":["Defend_R","Clothesline"]},{"damage_healed":0.0,"max_hp_gain":0.0,"max_hp_loss":0.0,"gold_gain":0.0,"event_name":"Drug Dealer","player_choice":"Inject Mutagens","floor":20.0,"gold_loss":0.0,"damage_taken":0.0,"relics_obtained":["MutagenicStrength"]},{"damage_healed":0.0,"max_hp_gain":0.0,"max_hp_loss":0.0,"gold_gain":0.0,"event_name":"Ghosts","player_choice":"Ignored","floor":24.0,"gold_loss":0.0,"damage_taken":0.0},{"damage_healed":26.0,"max_hp_gain":0.0,"max_hp_loss":0.0,"gold_gain":0.0,"event_name":"The Library","player_choice":"Heal","floor":31.0,"gold_loss":0.0,"damage_taken":0.0},{"damage_healed":0,"gold_gain":0,"player_choice":"Memory 1","damage_taken":0,"max_hp_gain":0,"max_hp_loss":0,"event_name":"SensoryStone","floor":36,"gold_loss":0},{"damage_healed":0,"gold_gain":0,"player_choice":"Paid","damage_taken":0,"relics_obtained":["Red Mask"],"max_hp_gain":0,"max_hp_loss":0,"event_name":"Tomb of Lord Red Mask","floor":39,"gold_loss":76},{"damage_healed":0,"gold_gain":0,"player_choice":"Embrace Madness","damage_taken":11,"max_hp_gain":0,"max_hp_loss":0,"event_name":"Winding Halls","floor":41,"gold_loss":0,"cards_obtained":["Madness","Madness"]}],"is_beta":false,"boss_relics":[{"not_picked":["Busted Crown","Empty Cage"],"picked":"Mark of Pain"},{"not_picked":["Sozu","SlaversCollar"],"picked":"Black Blood"}],"items_purged_floors":[],"is_endless":false,"potions_floor_spawned":[5,14,16,22,25,27,29,35,37],"killed_by":"Awakened One","ascension_level":6}}