{"host":"92108ef2q9tm8rod","time":1609205117,"event":{"mods":["BaseMod","Defuse TimeMaze Blight","Minty Spire (QoL Compilation)","StSLib","The Jungle"],"gold_per_floor":[112,112,127,146,161,190,190,203,228,228,256,256,256,274,274,376,376,388,234,154,254,267,267,285,310,310,335,335,335,182,214,214,317,317,327,106,117,117,117,117,136,136,189,189,0,31,42,77,77,77],"floor_reached":51,"playtime":2434,"items_purged":[],"score":1046,"play_id":"30bcb5b2-e7e6-40b5-96ef-f10b2db9cbf8","local_time":"20201229012517","daily_mods":["SealedDeck","Colorless Cards","Heirloom","Flight"],"is_ascension_mode":false,"campfire_choices":[{"data":"Good Instincts","floor":7,"key":"SMITH"},{"data":"Backflip","floor":10,"key":"SMITH"},{"data":"Sadistic Nature","floor":12,"key":"SMITH"},{"data":"Deadly Poison","floor":13,"key":"SMITH"},{"data":"Cloak And Dagger","floor":15,"key":"SMITH"},{"data":"Finesse","floor":23,"key":"SMITH"},{"data":"Catalyst","floor":28,"key":"SMITH"},{"data":"Noxious Fumes","floor":32,"key":"SMITH"},{"data":"1","floor":40,"key":"LIFT"},{"data":"Accuracy","floor":42,"key":"SMITH"},{"data":"2","floor":44,"key":"LIFT"},{"data":"Cloak And Dagger","floor":49,"key":"SMITH"}],"circlet_count":0,"master_deck":["Accuracy+1","Cloak And Dagger+1","Cloak And Dagger+1","PiercingWail+1","Backflip+1","Bane+1","Escape Plan+1","Deadly Poison+1","Crippling Poison","Good Instincts+1","Swift Strike+1","Sadistic Nature+1","Escape Plan","Noxious Fumes+1","Finesse+1","Catalyst+1","Catalyst+1","Setup+1","Dramatic Entrance+1"],"relics":["Ring of the Snake","Prayer Wheel","Matryoshka","Boot","Blood Vial","Vajra","Busted Crown","War Paint","Paper Crane","Akabeko","Gremlin Horn","Toy Ornithopter","Shuriken","Membership Card","Unceasing Top","Black Star","Bronze Scales","Girya","Bag of Marbles","Red Mask","Whetstone","Meat on the Bone","Ancient Tea Set","Pen Nib"],"acts_visited":["Exordium","Exordium","TheBeyond"],"potions_floor_usage":[33,41,50,50,50],"damage_taken":[{"damage":0,"enemies":"Small Slimes","floor":1,"turns":3},{"damage":0,"enemies":"Cultist","floor":3,"turns":3},{"damage":0,"enemies":"2 Louse","floor":4,"turns":2},{"damage":0,"enemies":"Large Slime","floor":5,"turns":6},{"damage":0,"enemies":"Lagavulin","floor":6,"turns":6},{"damage":0,"enemies":"Exordium Thugs","floor":8,"turns":3},{"damage":0,"enemies":"3 Sentries","floor":11,"turns":6},{"damage":0,"enemies":"Blue Slaver","floor":14,"turns":2},{"damage":0,"enemies":"Hexaghost","floor":16,"turns":6},{"damage":0,"enemies":"Shell Parasite","floor":18,"turns":3},{"damage":0,"enemies":"theJungle:5_Spyders","floor":22,"turns":3},{"damage":0,"enemies":"theJungle:Lyon","floor":24,"turns":3},{"damage":0,"enemies":"theJungle:Cassacara","floor":25,"turns":4},{"damage":0,"enemies":"theJungle:MamaSnecko","floor":27,"turns":3},{"damage":0,"enemies":"JungleHuntersEvent","floor":29,"turns":4},{"damage":0,"enemies":"theJungle:2_Phrogs","floor":31,"turns":4},{"damage":0,"enemies":"theJungle:TotemBoss","floor":33,"turns":4},{"damage":0,"enemies":"3 Darklings","floor":35,"turns":3},{"damage":0,"enemies":"3 Shapes","floor":37,"turns":2},{"damage":0,"enemies":"Writhing Mass","floor":41,"turns":3},{"damage":0,"enemies":"Reptomancer","floor":46,"turns":2},{"damage":0,"enemies":"Transient","floor":47,"turns":5},{"damage":4,"enemies":"Nemesis","floor":48,"turns":3},{"damage":9,"enemies":"Awakened One","floor":50,"turns":6}],"seed_played":"-5376062941038043645","potions_obtained":[{"floor":1,"key":"AttackPotion"},{"floor":6,"key":"Energy Potion"},{"floor":8,"key":"Strength Potion"},{"floor":24,"key":"GhostInAJar"},{"floor":33,"key":"LiquidBronze"},{"floor":35,"key":"Block Potion"},{"floor":41,"key":"ColorlessPotion"},{"floor":48,"key":"DuplicationPotion"}],"is_trial":true,"path_per_floor":["M","?","M","M","M","E","R","M","T","R","E","R","R","M","R","B",null,"M","$","$","?","M","R","M","E","T","E","R","?","$","E","R","B",null,"M","$","M","?","?","R","M","R","T","R","?","E","M","E","R","B",null],"character_chosen":"THE_SILENT","items_purchased":["War Paint","Noxious Fumes","Membership Card","Bronze Scales","Girya"],"campfire_rested":0,"item_purchase_floors":[19,20,30,36,36],"current_hp_per_floor":[70,70,70,70,70,70,70,70,70,70,70,70,70,70,70,70,70,70,70,70,66,68,68,70,70,70,70,70,70,70,70,70,70,70,70,70,70,66,66,66,66,66,66,66,66,66,66,62,62,62],"gold":77,"neow_bonus":"","is_daily":false,"chose_seed":false,"campfire_upgraded":10,"win_rate":0.0,"timestamp":1609205117,"path_taken":["M","?","M","M","M","E","R","M","T","R","E","R","R","M","R","BOSS","M","?","$","?","M","R","M","E","T","E","R","?","$","E","R","BOSS","M","$","M","?","?","R","?","R","T","R","?","E","M","E","R","BOSS"],"items_purchased_type":["Relic","Card","Relic","Relic","Relic"],"build_version":"2020-12-22","purchased_purges":0,"victory":true,"max_hp_per_floor":[70,70,70,70,70,70,70,70,70,70,70,70,70,70,70,70,70,70,70,70,70,70,70,70,70,70,70,70,70,70,70,70,70,70,70,70,70,66,66,66,66,66,66,66,66,66,66,66,66,66],"card_choices":[{"not_picked":["PanicButton","Outmaneuver"],"picked":"Swift Strike","floor":1},{"not_picked":["Dagger Throw","Dash","Well Laid Plans"],"picked":"SKIP","floor":1},{"not_picked":["Dodge and Roll","Bane","Mind Blast"],"picked":"SKIP","floor":3},{"not_picked":["Dagger Throw","Bane","Outmaneuver"],"picked":"SKIP","floor":3},{"not_picked":["Swift Strike","PiercingWail"],"picked":"Sadistic Nature","floor":4},{"not_picked":["Masterful Stab","Choke"],"picked":"Escape Plan","floor":4},{"not_picked":["Deadly Poison","Deflect","Flying Knee"],"picked":"SKIP","floor":5},{"not_picked":["Mind Blast","Heel Hook","Backstab"],"picked":"SKIP","floor":5},{"not_picked":["Dagger Throw","Quick Slash","Backflip"],"picked":"SKIP","floor":6},{"not_picked":["Underhanded Strike","Sucker Punch","PiercingWail"],"picked":"SKIP","floor":8},{"not_picked":["Reflex","Quick Slash","Dash"],"picked":"SKIP","floor":8},{"not_picked":["Masterful Stab","Poisoned Stab","Eviscerate"],"picked":"SKIP","floor":11},{"not_picked":["Deadly Poison","Sucker Punch","Deflect"],"picked":"SKIP","floor":14},{"not_picked":["Poisoned Stab","Secret Weapon","Dagger Spray"],"picked":"SKIP","floor":14},{"not_picked":["Mind Blast"],"picked":"SKIP","floor":18},{"not_picked":["Sucker Punch"],"picked":"SKIP","floor":18},{"not_picked":[],"picked":"Finesse","floor":22},{"not_picked":["Deflect"],"picked":"SKIP","floor":22},{"not_picked":[],"picked":"Catalyst+1","floor":24},{"not_picked":["Distraction"],"picked":"SKIP","floor":24},{"not_picked":["Discovery"],"picked":"SKIP","floor":25},{"not_picked":[],"picked":"Catalyst","floor":27},{"not_picked":["Bane"],"picked":"SKIP","floor":31},{"not_picked":["Prepared+1"],"picked":"SKIP","floor":35},{"not_picked":["Underhanded Strike+1"],"picked":"SKIP","floor":35},{"not_picked":[],"picked":"Setup+1","floor":37},{"not_picked":["Choke"],"picked":"SKIP","floor":37},{"not_picked":["PiercingWail+1"],"picked":"SKIP","floor":41},{"not_picked":["Blade Dance"],"picked":"SKIP","floor":41},{"not_picked":["Flying Knee"],"picked":"SKIP","floor":46},{"not_picked":[],"picked":"Dramatic Entrance+1","floor":47},{"not_picked":["Sucker Punch+1"],"picked":"SKIP","floor":47},{"not_picked":["A Thousand Cuts"],"picked":"SKIP","floor":48}],"player_experience":3211894,"relics_obtained":[{"floor":6,"key":"Matryoshka"},{"floor":9,"key":"Boot"},{"floor":9,"key":"Blood Vial"},{"floor":11,"key":"Vajra"},{"floor":25,"key":"Paper Crane"},{"floor":26,"key":"Akabeko"},{"floor":26,"key":"Gremlin Horn"},{"floor":27,"key":"Toy Ornithopter"},{"floor":29,"key":"Shuriken"},{"floor":31,"key":"Unceasing Top"},{"floor":43,"key":"Bag of Marbles"},{"floor":46,"key":"Whetstone"},{"floor":46,"key":"Meat on the Bone"},{"floor":48,"key":"Ancient Tea Set"},{"floor":48,"key":"Pen Nib"}],"event_choices":[{"damage_healed":0,"gold_gain":0,"player_choice":"Bought 0 Potions","damage_taken":0,"max_hp_gain":0,"max_hp_loss":0,"event_name":"The Woman in Blue","floor":2,"gold_loss":0},{"damage_healed":0,"gold_gain":0,"player_choice":"Max HP","damage_taken":0,"max_hp_gain":0,"max_hp_loss":4,"event_name":"Winding Halls","floor":38,"gold_loss":0},{"damage_healed":0,"gold_gain":0,"player_choice":"Ignored","damage_taken":0,"max_hp_gain":0,"max_hp_loss":0,"event_name":"Transmorgrifier","floor":39,"gold_loss":0},{"damage_healed":0,"gold_gain":0,"player_choice":"Paid","damage_taken":0,"relics_obtained":["Red Mask"],"max_hp_gain":0,"max_hp_loss":0,"event_name":"Tomb of Lord Red Mask","floor":45,"gold_loss":189}],"is_beta":false,"boss_relics":[{"not_picked":["Runic Pyramid","Tiny House"],"picked":"Busted Crown"},{"not_picked":["Snecko Eye","Runic Dome"],"picked":"Black Star"}],"items_purged_floors":[],"is_endless":false,"potions_floor_spawned":[1,6,8,14,24,25,27,33,35,41,48],"ascension_level":0}}