{"host":"ec09novo68szpe7d","time":1609261020,"event":{"mods":["AchievementEnabler","BaseMod","Bestiary","Minty Spire (QoL Compilation)","StSLib"],"gold_per_floor":[111,111,36,46,57,57,86,102,102,277,296,296,40,5,5,5,5],"floor_reached":16,"playtime":685,"items_purged":["Strike_G","Doubt"],"score":115,"play_id":"c95a1b3c-e440-4c7b-9b01-5cb9e4584bbc","local_time":"20201229175700","is_ascension_mode":true,"campfire_choices":[{"floor":6.0,"key":"REST"},{"floor":15,"key":"DIG"}],"circlet_count":0,"master_deck":["Strike_G","Strike_G","Strike_G","Strike_G","Defend_G","Defend_G","Defend_G","Defend_G","Defend_G","Survivor","Neutralize","Dagger Throw","Backflip","Skewer","Leg Sweep","Sucker Punch","Backflip+1"],"relics":["Ring of the Snake","NeowsBlessing","Happy Flower","Toxic Egg 2","Shovel","Juzu Bracelet","Singing Bowl"],"acts_visited":["Exordium"],"potions_floor_usage":[8,16],"damage_taken":[{"damage":0.0,"enemies":"2 Louse","floor":1.0,"turns":1.0},{"damage":0.0,"enemies":"Cultist","floor":4.0,"turns":1.0},{"damage":0.0,"enemies":"Jaw Worm","floor":5.0,"turns":1.0},{"damage":31.0,"enemies":"3 Sentries","floor":7.0,"turns":16.0},{"damage":2,"enemies":"Lots of Slimes","floor":8,"turns":6},{"damage":2,"enemies":"Exordium Thugs","floor":11,"turns":5},{"damage":43,"enemies":"Slime Boss","floor":16,"turns":8}],"seed_played":"2934433316263458996","potions_obtained":[{"floor":4.0,"key":"Weak Potion"},{"floor":5.0,"key":"DuplicationPotion"},{"floor":7.0,"key":"CunningPotion"}],"is_trial":false,"path_per_floor":["M","?","$","M","M","R","E","M","T","?","M","?","$","?","R","B"],"character_chosen":"THE_SILENT","items_purchased":["Juzu Bracelet"],"campfire_rested":1,"item_purchase_floors":[13],"current_hp_per_floor":[70,63,63,63,63,70,39,37,37,37,35,23,23,40,40,0,0],"gold":5,"neow_bonus":"THREE_ENEMY_KILL","is_daily":false,"chose_seed":false,"campfire_upgraded":0,"win_rate":0.0,"timestamp":1609261020,"path_taken":["M","?","$","M","?","R","E","M","T","?","M","?","?","?","R","BOSS"],"items_purchased_type":["Relic"],"build_version":"2020-12-22","purchased_purges":2,"victory":false,"max_hp_per_floor":[70,70,70,70,70,70,70,70,70,70,70,70,70,70,70,70,70],"card_choices":[{"not_picked":["Deflect","Bane"],"picked":"Dagger Throw","floor":1.0},{"not_picked":["Poisoned Stab","Blade Dance"],"picked":"Backflip","floor":4.0},{"not_picked":["Flying Knee","Masterful Stab"],"picked":"Skewer","floor":5.0},{"not_picked":["Masterful Stab","Blur"],"picked":"Leg Sweep","floor":7.0},{"not_picked":["Footwork","Cloak And Dagger"],"picked":"Sucker Punch","floor":8},{"not_picked":["Finisher","Flechettes"],"picked":"Backflip+1","floor":11}],"player_experience":224161,"relics_obtained":[{"floor":7.0,"key":"Happy Flower"},{"floor":9,"key":"Toxic Egg 2"},{"floor":15,"key":"Singing Bowl"}],"event_choices":[{"damage_healed":0.0,"max_hp_gain":0.0,"max_hp_loss":0.0,"gold_gain":0.0,"event_name":"Wheel of Change","player_choice":"Damaged","floor":2.0,"gold_loss":0.0,"damage_taken":7.0},{"damage_healed":0,"gold_gain":175,"player_choice":"AGREE","damage_taken":0,"max_hp_gain":0,"max_hp_loss":0,"event_name":"Liars Game","floor":10,"gold_loss":0,"cards_obtained":["Doubt"]},{"damage_healed":0,"gold_gain":0,"player_choice":"Success","damage_taken":12,"relics_obtained":["Shovel"],"max_hp_gain":0,"max_hp_loss":0,"event_name":"Scrap Ooze","floor":12,"gold_loss":0},{"damage_healed":17,"gold_gain":0,"player_choice":"Healed","damage_taken":0,"max_hp_gain":0,"max_hp_loss":0,"event_name":"The Cleric","floor":14,"gold_loss":35}],"is_beta":false,"boss_relics":[],"items_purged_floors":[3,13],"is_endless":false,"potions_floor_spawned":[4,5,7],"killed_by":"Slime Boss","ascension_level":3}}