{"host":"sav7uxregyirlf69","time":1609240399,"event":{"mods":["AchievementEnabler","BaseMod","Colored Map","DeckTracker","Keyboard Shortcuts","Minty Spire (QoL Compilation)","READ ME - Guardian Mod","StSLib","SuperFastMode"],"gold_per_floor":[119,119,44,44,59,59,76,76,76,103,103,128,128,145,145,222,272,290,290,304,219,230,230,259,259,285,560,56,74,22,34,34,109,109,128,128,0,19,46,76,89,118,144,156,156,156,184,197,197,197,197,197,197,15,44,44,44],"floor_reached":56,"playtime":1354,"items_purged":["Strike_G","Regret","Defend_G"],"score":2326,"play_id":"dcfad33b-d02d-4085-8ad3-391348713e4a","local_time":"20201229201319","is_ascension_mode":true,"campfire_choices":[{"data":"Terror","floor":6.0,"key":"SMITH"},{"floor":13.0,"key":"REST"},{"data":"Neutralize","floor":15.0,"key":"SMITH"},{"data":"Blade Dance","floor":23.0,"key":"SMITH"},{"data":"Strike_G","floor":25.0,"key":"PURGE"},{"data":"Blade Dance","floor":32.0,"key":"SMITH"},{"data":"Strike_G","floor":45,"key":"PURGE"},{"floor":49,"key":"RECALL"},{"data":"Strike_G","floor":53,"key":"PURGE"}],"circlet_count":0,"master_deck":["AscendersBane","Defend_G","Defend_G","Defend_G+1","Survivor","Neutralize+1","Riddle With Holes","Terror+1","Calculated Gamble","Dagger Throw","Backflip","Blade Dance+1","Adrenaline","Accuracy+1","Tactician","Accuracy+1","Accuracy+1","Cloak And Dagger","Footwork+1","Acrobatics","Blade Dance+1","Acrobatics","PiercingWail","Blur","Accuracy+1","Blade Dance","PiercingWail"],"relics":["Ring of the Snake","Strawberry","Oddly Smooth Stone","Frozen Egg 2","Peace Pipe","Nunchaku","Tiny House","InkBottle","Gremlin Horn","Akabeko","Mummified Hand","Fusion Hammer","Red Mask","Centennial Puzzle","Bag of Marbles","Torii","Regal Pillow","Mango","Boot"],"acts_visited":["Exordium","TheCity","TheBeyond","TheEnding"],"potions_floor_usage":[42,50,56,56],"damage_taken":[{"damage":1.0,"enemies":"Small Slimes","floor":1.0,"turns":3.0},{"damage":6.0,"enemies":"Cultist","floor":5.0,"turns":3.0},{"damage":3.0,"enemies":"Jaw Worm","floor":7.0,"turns":3.0},{"damage":23.0,"enemies":"3 Sentries","floor":10.0,"turns":9.0},{"damage":5.0,"enemies":"Lagavulin","floor":12.0,"turns":5.0},{"damage":0.0,"enemies":"Blue Slaver","floor":14.0,"turns":4.0},{"damage":9.0,"enemies":"The Guardian","floor":16.0,"turns":16.0},{"damage":0.0,"enemies":"3 Byrds","floor":18.0,"turns":4.0},{"damage":0.0,"enemies":"Chosen","floor":20.0,"turns":2.0},{"damage":1.0,"enemies":"Snecko","floor":22.0,"turns":3.0},{"damage":5.0,"enemies":"Slavers","floor":24.0,"turns":3.0},{"damage":11.0,"enemies":"Snake Plant","floor":29.0,"turns":2.0},{"damage":0.0,"enemies":"Shelled Parasite and Fungi","floor":31.0,"turns":2.0},{"damage":3.0,"enemies":"Champ","floor":33.0,"turns":4.0},{"damage":0.0,"enemies":"3 Darklings","floor":35.0,"turns":2.0},{"damage":0.0,"enemies":"3 Shapes","floor":38.0,"turns":3.0},{"damage":0.0,"enemies":"Giant Head","floor":40.0,"turns":4.0},{"damage":0.0,"enemies":"Transient","floor":41.0,"turns":6.0},{"damage":0,"enemies":"Reptomancer","floor":42,"turns":3},{"damage":0,"enemies":"Jaw Worm Horde","floor":44,"turns":2},{"damage":0,"enemies":"Giant Head","floor":47,"turns":2},{"damage":0,"enemies":"Writhing Mass","floor":48,"turns":4},{"damage":0,"enemies":"Donu and Deca","floor":50,"turns":4},{"damage":51,"enemies":"Awakened One","floor":51,"turns":5},{"damage":0,"enemies":"Shield and Spear","floor":55,"turns":3},{"damage":101,"enemies":"The Heart","floor":56,"turns":5}],"seed_played":"-4258148929280309523","potions_obtained":[{"floor":1.0,"key":"Fire Potion"},{"floor":5.0,"key":"Swift Potion"},{"floor":10.0,"key":"SteroidPotion"},{"floor":17.0,"key":"Fire Potion"},{"floor":18.0,"key":"Block Potion"},{"floor":24.0,"key":"SpeedPotion"},{"floor":33.0,"key":"Fire Potion"},{"floor":44,"key":"Block Potion"}],"is_trial":false,"path_per_floor":["M","?","$","?","M","R","M","?","T","E","T","E","R","M","R","B",null,"M","?","M","?","M","R","E","R","T","?","$","M","$","M","R","B",null,"M","?","?","M","T","E","M","E","T","M","R","?","E","M","R","B","B",null,"R","$","E","B"],"character_chosen":"THE_SILENT","items_purchased":["Accuracy+1","Mummified Hand","Cloak And Dagger","Acrobatics","SkillPotion"],"campfire_rested":1,"item_purchase_floors":[28,28,28,30,54],"current_hp_per_floor":[58,39,39,39,33,33,30,30,30,7,7,2,22,22,22,13,59,59,59,59,59,58,58,53,53,53,53,53,42,42,42,42,39,64,64,64,64,64,64,64,64,64,64,64,64,64,78,78,78,78,27,68,68,68,68,0,0],"gold":44,"neow_bonus":"TRANSFORM_TWO_CARDS","is_daily":false,"chose_seed":false,"campfire_upgraded":4,"win_rate":0.0,"timestamp":1609240399,"path_taken":["M","?","$","?","?","R","M","?","T","E","?","E","R","M","R","BOSS","M","?","M","?","M","R","E","R","T","?","$","?","?","?","R","BOSS","M","?","?","M","?","E","M","E","T","M","R","?","E","?","R","BOSS","BOSS","R","$","E","BOSS"],"items_purchased_type":["Card","Relic","Card","Card","Potion"],"build_version":"2020-12-22","purchased_purges":3,"victory":false,"max_hp_per_floor":[60,67,67,67,67,67,67,67,67,67,67,67,67,67,67,67,72,72,72,72,72,72,72,72,72,72,72,72,72,72,72,72,72,72,72,68,68,68,68,68,68,68,68,68,68,68,82,82,82,82,82,82,82,82,82,82,82],"card_choices":[{"not_picked":["Underhanded Strike","PiercingWail"],"picked":"Terror","floor":1.0},{"not_picked":["Bane","Poisoned Stab"],"picked":"Calculated Gamble","floor":5.0},{"not_picked":["Prepared","Flying Knee"],"picked":"Dagger Throw","floor":7.0},{"not_picked":["Dagger Throw","Sucker Punch"],"picked":"Backflip","floor":10.0},{"not_picked":["Glass Knife","Dodge and Roll","Flying Knee"],"picked":"SKIP","floor":12.0},{"not_picked":["Slice","Dodge and Roll"],"picked":"Blade Dance","floor":14.0},{"not_picked":["Doppelganger","Unload"],"picked":"Adrenaline","floor":16.0},{"not_picked":["Poisoned Stab","Dagger Throw"],"picked":"Accuracy+1","floor":17.0},{"not_picked":["Poisoned Stab","Sucker Punch","Deflect"],"picked":"SKIP","floor":18.0},{"not_picked":["Setup+1","Flying Knee"],"picked":"Tactician","floor":20.0},{"not_picked":["Poisoned Stab","Escape Plan"],"picked":"Accuracy+1","floor":22.0},{"not_picked":["Caltrops+1","Slice","Outmaneuver"],"picked":"SKIP","floor":24.0},{"not_picked":["Setup","Backflip+1"],"picked":"Footwork+1","floor":29.0},{"not_picked":["Bane","Deflect"],"picked":"Blade Dance","floor":31.0},{"not_picked":["Flying Knee","Underhanded Strike","PiercingWail"],"picked":"SKIP","floor":35.0},{"not_picked":["Dagger Spray","Blade Dance"],"picked":"Acrobatics","floor":38.0},{"not_picked":["All Out Attack","Dagger Throw+1","Envenom+1"],"picked":"SKIP","floor":40.0},{"not_picked":["Finisher","Calculated Gamble+1"],"picked":"PiercingWail","floor":41},{"not_picked":["Blade Dance","Sucker Punch+1","Skewer"],"picked":"SKIP","floor":42},{"not_picked":["PiercingWail+1","Infinite Blades+1"],"picked":"Blur","floor":44},{"not_picked":["Dodge and Roll","PiercingWail","Distraction"],"picked":"SKIP","floor":47},{"not_picked":["Deflect","Glass Knife"],"picked":"Blade Dance","floor":48},{"not_picked":["Backstab","Sucker Punch"],"picked":"PiercingWail","floor":55}],"player_experience":1050347,"relics_obtained":[{"floor":9.0,"key":"Frozen Egg 2"},{"floor":10.0,"key":"Peace Pipe"},{"floor":12.0,"key":"Nunchaku"},{"floor":24.0,"key":"Gremlin Horn"},{"floor":26.0,"key":"Akabeko"},{"floor":39.0,"key":"Centennial Puzzle"},{"floor":40.0,"key":"Bag of Marbles"},{"floor":42,"key":"Torii"},{"floor":43,"key":"Regal Pillow"},{"floor":47,"key":"Mango"},{"floor":55,"key":"Boot"}],"event_choices":[{"damage_healed":0.0,"max_hp_gain":0.0,"max_hp_loss":0.0,"gold_gain":0.0,"event_name":"Scrap Ooze","player_choice":"Success","floor":2.0,"gold_loss":0.0,"damage_taken":26.0,"relics_obtained":["Strawberry"]},{"cards_removed":["Underhanded Strike"],"damage_healed":0.0,"max_hp_gain":0.0,"max_hp_loss":0.0,"gold_gain":0.0,"event_name":"WeMeetAgain","player_choice":"Gave Card","floor":4.0,"gold_loss":0.0,"damage_taken":0.0,"relics_obtained":["Oddly Smooth Stone"]},{"damage_healed":0.0,"max_hp_gain":0.0,"max_hp_loss":0.0,"gold_gain":0.0,"event_name":"Liars Game","player_choice":"Ignored","floor":8.0,"gold_loss":0.0,"damage_taken":0.0},{"damage_healed":0.0,"max_hp_gain":0.0,"max_hp_loss":0.0,"gold_gain":0.0,"event_name":"The Mausoleum","player_choice":"Ignored","floor":19.0,"gold_loss":0.0,"damage_taken":0.0},{"damage_healed":0.0,"max_hp_gain":0.0,"max_hp_loss":0.0,"gold_gain":0.0,"event_name":"Addict","player_choice":"Obtained Relic","floor":21.0,"gold_loss":85.0,"damage_taken":0.0,"relics_obtained":["InkBottle"]},{"damage_healed":0.0,"max_hp_gain":0.0,"max_hp_loss":0.0,"gold_gain":275.0,"event_name":"Golden Shrine","player_choice":"Desecrate","floor":27.0,"gold_loss":0.0,"damage_taken":0.0,"cards_obtained":["Regret"]},{"damage_healed":0.0,"max_hp_gain":0.0,"max_hp_loss":4.0,"gold_gain":0.0,"event_name":"Winding Halls","player_choice":"Max HP","floor":36.0,"gold_loss":0.0,"damage_taken":0.0},{"damage_healed":0.0,"max_hp_gain":0.0,"max_hp_loss":0.0,"gold_gain":0.0,"event_name":"Tomb of Lord Red Mask","player_choice":"Paid","floor":37.0,"gold_loss":128.0,"damage_taken":0.0,"relics_obtained":["Red Mask"]},{"damage_healed":0,"gold_gain":0,"player_choice":"Copied","damage_taken":0,"max_hp_gain":0,"max_hp_loss":0,"event_name":"Duplicator","floor":46,"gold_loss":0,"cards_obtained":["Accuracy"]}],"is_beta":false,"boss_relics":[{"not_picked":["Black Star","Snecko Eye"],"picked":"Tiny House"},{"not_picked":["Ring of the Serpent","Pandora\u0027s Box"],"picked":"Fusion Hammer"}],"items_purged_floors":[3,28,54],"is_endless":false,"potions_floor_spawned":[1,5,10,18,24,33,38,40,44],"killed_by":"The Heart","ascension_level":20}}