{"host":"qc1sjgtdjonvdsd8","time":1609227464,"event":{"mods":["BaseMod","Colored Map","Colored Powertips","Curses Come First","Minty Spire (QoL Compilation)","Replay The Spire","StSLib"],"gold_per_floor":[118,128,142,142,158,158,175,194,194,221,234,246,246,246,246,341,341,361,416,426,437,437,437,450,450,450,450,460,479,198,214,214,313,313,324,61,71,91,91,91,106,121,171,171,46,75,75,94,94,94,94,94,94,121,121],"floor_reached":56,"playtime":4743,"items_purged":["Body Slam","Strike_R","Strike_R"],"score":937,"play_id":"118305ea-cd07-436b-84a2-cf21d91ce6de","local_time":"20201228233744","is_ascension_mode":false,"campfire_choices":[{"data":"Armaments","floor":6,"key":"SMITH"},{"data":"Bash","floor":13,"key":"SMITH"},{"data":"Carnage","floor":15,"key":"SMITH"},{"data":"ReplayTheSpireMod:Strike From Hell","floor":23,"key":"SMITH"},{"data":"ReplayTheSpireMod:Strike From Hell","floor":27,"key":"SMITH"},{"floor":32,"key":"REST"},{"data":"Seeing Red","floor":40,"key":"SMITH"},{"floor":44,"key":"RECALL"},{"floor":49,"key":"REST"},{"data":"Abandon","floor":52,"key":"SMITH"}],"circlet_count":0,"master_deck":["Strike_R","Strike_R","Defend_R","Defend_R","Defend_R","ReplayTheSpireMod:Strike From Hell","ReplayTheSpireMod:Strike From Hell+1","Armaments+1","Cleave","ReplayTheSpireMod:Strike From Hell+1","Carnage+1","Fiend Fire","Seeing Red+1","Abandon+1","True Grit+1","Feel No Pain+1","Dark Embrace+1","Offering","ReplayTheSpireMod:Necrogeddon","Inflame+1","Battle Trance+1","Seeing Red+1","Dark Embrace+1","Life Link+1"],"relics":["Burning Blood","Centennial Puzzle","Replay:Towering Pillar of Hats","Runic Cube","Red Skull","Bag of Marbles","Ooze Armor","Replay:Baseball","PreservedInsect","Kunai"],"acts_visited":["Exordium","TheCity","TheBeyond","TheEnding"],"potions_floor_usage":[7,10,12,21,33,41,50,50,50],"damage_taken":[{"damage":7,"enemies":"2 Louse","floor":1,"turns":3},{"damage":1,"enemies":"Cultist","floor":2,"turns":4},{"damage":3,"enemies":"Small Slimes","floor":3,"turns":3},{"damage":5,"enemies":"Looter","floor":5,"turns":4},{"damage":0,"enemies":"Large Slime","floor":7,"turns":4},{"damage":7,"enemies":"Blue Slaver","floor":8,"turns":4},{"damage":40,"enemies":"3 Sentries","floor":10,"turns":6},{"damage":0,"enemies":"Exordium Wildlife","floor":11,"turns":3},{"damage":6,"enemies":"Large Slime","floor":12,"turns":3},{"damage":36,"enemies":"Fading Forest","floor":16,"turns":11},{"damage":25,"enemies":"3 Byrds","floor":18,"turns":4},{"damage":9,"enemies":"Shell Parasite","floor":20,"turns":5},{"damage":16,"enemies":"Chosen and Byrds","floor":21,"turns":5},{"damage":11,"enemies":"Snake Plant","floor":24,"turns":2},{"damage":15,"enemies":"Snecko","floor":28,"turns":3},{"damage":17,"enemies":"Cultist and Chosen","floor":29,"turns":8},{"damage":12,"enemies":"3 Cultists","floor":31,"turns":3},{"damage":19,"enemies":"Collector","floor":33,"turns":5},{"damage":7,"enemies":"3 Shapes","floor":35,"turns":3},{"damage":24,"enemies":"3 Darklings","floor":37,"turns":4},{"damage":1,"enemies":"Transient","floor":38,"turns":5},{"damage":12,"enemies":"Spire Growth","floor":41,"turns":4},{"damage":6,"enemies":"Jaw Worm Horde","floor":42,"turns":2},{"damage":41,"enemies":"Nemesis","floor":46,"turns":3},{"damage":6,"enemies":"3 Darklings","floor":48,"turns":1},{"damage":56,"enemies":"Replay:Hell Engine","floor":50,"turns":5},{"damage":6,"enemies":"Shield and Spear","floor":54,"turns":2},{"damage":63,"enemies":"The Heart","floor":55,"turns":5}],"seed_played":"-6224985811530755915","potions_obtained":[{"floor":1,"key":"AttackPotion"},{"floor":3,"key":"Energy Potion"},{"floor":10,"key":"AttackPotion"},{"floor":11,"key":"BloodPotion"},{"floor":19,"key":"LiquidBronze"},{"floor":20,"key":"SkillPotion"},{"floor":31,"key":"Flashbang"},{"floor":33,"key":"BlessingOfTheForge"},{"floor":46,"key":"FearPotion"}],"is_trial":false,"path_per_floor":["M","M","M","?","M","R","M","M","T","E","M","M","R","?","R","B",null,"M","?","M","M","?","R","M","?","T","R","M","M","$","M","R","B",null,"M","$","M","M","?","R","M","M","T","R","$","E","?","M","R","B",null,"R","$","E","B",null],"character_chosen":"IRONCLAD","items_purchased":["Dark Embrace+1","Bag of Marbles","ReplayTheSpireMod:Necrogeddon"],"campfire_rested":2,"item_purchase_floors":[30,30,36],"current_hp_per_floor":[79,80,80,80,80,80,80,79,79,45,51,51,51,51,51,31,80,61,61,58,48,48,48,43,43,43,43,34,23,23,17,41,28,80,79,79,61,66,66,66,60,60,60,60,60,25,25,25,49,15,80,80,80,80,23],"gold":121,"neow_bonus":"TRANSFORM_CARD","is_daily":false,"chose_seed":false,"campfire_upgraded":7,"win_rate":0.0,"timestamp":1609227464,"path_taken":["M","M","M","?","M","R","M","M","T","E","M","M","R","?","R","BOSS","M","?","M","?","?","R","M","?","T","R","M","M","$","M","R","BOSS","M","$","M","M","?","R","M","M","T","R","$","E","?","M","R","BOSS","R","$","E","BOSS"],"items_purchased_type":["Card","Relic","Card"],"build_version":"2020-12-22","purchased_purges":3,"victory":true,"max_hp_per_floor":[80,80,80,80,80,80,80,80,80,80,80,80,80,80,80,80,80,80,80,80,80,80,80,80,80,80,80,80,80,80,80,80,80,80,80,80,80,80,80,80,80,80,80,80,80,80,80,80,80,80,80,80,80,80,80],"card_choices":[{"not_picked":["Clash","Havoc"],"picked":"ReplayTheSpireMod:Strike From Hell","floor":1},{"not_picked":["ReplayTheSpireMod:Stacked","Anger"],"picked":"ReplayTheSpireMod:Strike From Hell","floor":2},{"not_picked":["Replay:Undeath\u0027s Touch","Clash"],"picked":"Armaments","floor":3},{"not_picked":["Shrug It Off","Demonic Infusion"],"picked":"Cleave","floor":5},{"not_picked":["Cleave","Perfected Strike"],"picked":"ReplayTheSpireMod:Strike From Hell","floor":7},{"not_picked":["Pummel","Shrug It Off","Infernal Blade"],"picked":"SKIP","floor":8},{"not_picked":["Flex","Headbutt","Iron Wave"],"picked":"SKIP","floor":10},{"not_picked":["Havoc","Shrug It Off"],"picked":"Carnage","floor":11},{"not_picked":["Havoc","Sword Boomerang","Anger"],"picked":"SKIP","floor":12},{"not_picked":["Demonic Infusion","Double Tap"],"picked":"Fiend Fire","floor":16},{"not_picked":["Perfected Strike","Replay:Undeath\u0027s Touch","Heavy Blade+1"],"picked":"SKIP","floor":18},{"not_picked":["Anger+1","Run Through"],"picked":"Seeing Red","floor":19},{"not_picked":["Clash","Reaper","Armaments"],"picked":"SKIP","floor":20},{"not_picked":["Twin Strike+1","Replay:Undeath\u0027s Touch","Entrench"],"picked":"SKIP","floor":21},{"not_picked":["Perfected Strike","Clash"],"picked":"True Grit+1","floor":24},{"not_picked":["Disarm","ReplayTheSpireMod:LeadingStrike"],"picked":"Feel No Pain+1","floor":28},{"not_picked":["Thunderclap","Pommel Strike","ReplayTheSpireMod:Strike From Hell"],"picked":"SKIP","floor":29},{"not_picked":["Iron Wave","Dark Embrace","Searing Blow+1"],"picked":"SKIP","floor":31},{"not_picked":["Demon Form","Double Tap"],"picked":"Offering","floor":33},{"not_picked":["Shrug It Off","Spot Weakness","Life Link"],"picked":"SKIP","floor":35},{"not_picked":["Heavy Blade","Wild Strike+1"],"picked":"Inflame+1","floor":37},{"not_picked":["Heavy Blade","Warcry"],"picked":"Battle Trance+1","floor":38},{"not_picked":["Wild Strike","Shockwave+1"],"picked":"Seeing Red+1","floor":41},{"not_picked":["Run Through+1","Havoc","Anger+1"],"picked":"SKIP","floor":42},{"not_picked":["Warcry","Run Through+1","Replay:Undeath\u0027s Touch+1"],"picked":"SKIP","floor":46},{"not_picked":["Replay:Undeath\u0027s Touch+1","True Grit+1"],"picked":"Dark Embrace+1","floor":48},{"not_picked":["Twin Strike+1","Clash"],"picked":"Life Link+1","floor":54}],"player_experience":193894,"relics_obtained":[{"floor":9,"key":"Centennial Puzzle"},{"floor":10,"key":"Replay:Towering Pillar of Hats"},{"floor":19,"key":"Red Skull"},{"floor":43,"key":"Replay:Baseball"},{"floor":46,"key":"PreservedInsect"},{"floor":54,"key":"Kunai"}],"event_choices":[{"damage_healed":0,"gold_gain":0,"cards_transformed":["ReplayTheSpireMod:Corrosion Curse"],"player_choice":"Transformed","damage_taken":0,"max_hp_gain":0,"max_hp_loss":0,"event_name":"Transmorgrifier","floor":14,"gold_loss":0,"cards_obtained":["Body Slam"]},{"damage_healed":0,"gold_gain":0,"player_choice":"Read","damage_taken":0,"max_hp_gain":0,"max_hp_loss":0,"event_name":"The Library","floor":22,"gold_loss":0,"cards_obtained":["Abandon"]},{"damage_healed":0,"gold_gain":0,"player_choice":"Ignored","damage_taken":0,"max_hp_gain":0,"max_hp_loss":0,"event_name":"Ghosts","floor":25,"gold_loss":0},{"damage_healed":0,"gold_gain":0,"player_choice":"Ignored","damage_taken":0,"max_hp_gain":0,"max_hp_loss":0,"event_name":"Tomb of Lord Red Mask","floor":39,"gold_loss":0},{"cards_removed":["Bash"],"damage_healed":0,"gold_gain":0,"player_choice":"Removed Attack","damage_taken":0,"max_hp_gain":0,"max_hp_loss":0,"event_name":"Falling","floor":47,"gold_loss":0}],"is_beta":false,"boss_relics":[{"not_picked":["ChewingGum","Abe\u0027s Treasure"],"picked":"Runic Cube"},{"not_picked":["Electric Blood","Cursed Key"],"picked":"Ooze Armor"}],"items_purged_floors":[30,36,45],"is_endless":false,"potions_floor_spawned":[1,3,10,11,20,31,33,46,48],"ascension_level":0}}