{"host":"4tnjxquzd1sn7hrw","time":1609223743,"event":{"mods":["BaseMod","Colored Map","Downfall","Hubris","Minty Spire (QoL Compilation)","Quick Restart","StSLib"],"gold_per_floor":[99,114,129,193,211,211,211,238,250,250,267,301,226,238,256,355,355,355,355,355,355,355,355,355,355,355,355,10,10,10,10,10,10,10,10,10,10,10,10,10],"floor_reached":38,"playtime":2034,"items_purged":[],"score":628,"play_id":"4fb68c34-76b1-433c-8ac5-7978cd756bf8","local_time":"20201229153543","is_ascension_mode":true,"campfire_choices":[{"data":"champ:Taunt","floor":1,"key":"SMITH"},{"floor":13,"key":"RECALL"},{"data":"champ:SteelEdge","floor":18,"key":"SMITH"},{"data":"champ:GladiatorStyle","floor":29,"key":"SMITH"},{"data":"champ:ShieldSigil","floor":35,"key":"SMITH"}],"circlet_count":0,"master_deck":["champ:Strike","champ:Strike","champ:Strike","champ:Defend","champ:Defend","champ:Defend","champ:Defend","champ:Execute","champ:Taunt+1","champ:RecklessLeap+1","champ:RapidStrikes","champ:GladiatorStyle","champ:BerserkersShout","champ:FaceSlap","champ:ShieldSigil+1","champ:ShieldSigil+1","champ:RisingSlash","champ:FanOfKnives","champ:SteelEdge+1","champ:BerserkerStyle+1","champ:RageSigil","champ:SwordSigil","champ:FocusedGladiator","champ:SwordSigil","champ:Haymaker+1","champ:GladiatorStyle+1","champ:GladiatorsShout","Writhe","champ:GladiatorStyle","champ:ShieldSigil","champ:ShieldSigil"],"relics":["Coffee Dripper","Art of War","MealTicket","InkBottle","downfall:HeartBlessingBlue","downfall:Hecktoplasm","downfall:HeartBlessingRed","champ:BlackKnightHelmet","Question Card","hubris:BottledHeart","Vajra","Matryoshka","hubris:CrystalStatue","downfall:HeartBlessingGreen","Boot","Guardian:GemstoneGun","hubris:ScarierMask","champ:GladiatorsBookOfMartialProwess"],"acts_visited":["Exordium","TheCity","TheBeyond"],"potions_floor_usage":[4,16,20,30,33,37],"damage_taken":[{"damage":5,"enemies":"Jaw Worm","floor":2,"turns":3},{"damage":22,"enemies":"Small Slimes","floor":3,"turns":3},{"damage":48,"enemies":"Lagavulin Event","floor":4,"turns":5},{"damage":5,"enemies":"Cultist","floor":5,"turns":3},{"damage":36,"enemies":"Gremlin Nob","floor":8,"turns":3},{"damage":20,"enemies":"3 Louse","floor":9,"turns":3},{"damage":20,"enemies":"2 Fungi Beasts","floor":11,"turns":2},{"damage":43,"enemies":"Lagavulin","floor":12,"turns":6},{"damage":36,"enemies":"Exordium Wildlife","floor":14,"turns":2},{"damage":21,"enemies":"Large Slime","floor":15,"turns":3},{"damage":47,"enemies":"downfall:Ironclad","floor":16,"turns":4},{"damage":26,"enemies":"Spheric Guardian","floor":19,"turns":2},{"damage":47,"enemies":"Spheric Guardian","floor":20,"turns":3},{"damage":0,"enemies":"3 Byrds","floor":23,"turns":5},{"damage":0,"enemies":"Centurion and Healer","floor":25,"turns":3},{"damage":0,"enemies":"Book of Stabbing","floor":27,"turns":2},{"damage":0,"enemies":"downfall:FleeingMerchant","floor":28,"turns":4},{"damage":0,"enemies":"Gremlin Leader","floor":30,"turns":2},{"damage":0,"enemies":"Shelled Parasite and Fungi","floor":32,"turns":1},{"damage":0,"enemies":"downfall:Watcher","floor":33,"turns":3},{"damage":0,"enemies":"3 Darklings","floor":36,"turns":2},{"damage":0,"enemies":"Mind Bloom Boss Battle","floor":37,"turns":2}],"seed_played":"-5301528709953148549","potions_obtained":[{"floor":2,"key":"champ:UltimateStancePotion"},{"floor":3,"key":"SkillPotion"},{"floor":9,"key":"LiquidBronze"},{"floor":15,"key":"ColorlessPotion"},{"floor":20,"key":"FearPotion"},{"floor":26,"key":"CultistPotion"},{"floor":30,"key":"DuplicationPotion"},{"floor":32,"key":"DuplicationPotion"},{"floor":33,"key":"GamblersBrew"}],"is_trial":false,"path_per_floor":["R","M","M","?","M","?","T","E","M","?","M","E","R","M","M","B",null,"R","M","?","?","?","M","T","M","?","E","$","R","E","?","M","B",null,"R","M","?","?"],"character_chosen":"THE_CHAMP","items_purchased":["hubris:CrystalStatue","champ:GladiatorStyle"],"campfire_rested":0,"item_purchase_floors":[28,28],"current_hp_per_floor":[90,90,83,60,60,60,60,44,44,44,44,40,50,37,34,7,100,100,100,92,1,1,1,1,1,1,1,1,1,1,1,1,1,1,1,1,1,0,0,0],"gold":10,"neow_bonus":"BOSS_RELIC","is_daily":false,"chose_seed":false,"campfire_upgraded":4,"win_rate":0.0,"timestamp":1609223743,"path_taken":["R","M","M","?","M","?","T","E","?","?","M","E","R","M","M","BOSS","R","M","?","?","?","?","T","M","?","E","$","R","E","?","M","BOSS","R","M","?","?"],"items_purchased_type":["Relic","Card"],"build_version":"2020-12-22","purchased_purges":0,"victory":false,"max_hp_per_floor":[90,90,90,90,90,90,90,90,90,90,90,90,100,100,100,100,100,100,100,100,1,1,1,1,1,1,1,1,1,1,1,1,1,1,1,1,1,1,1,1],"card_choices":[{"not_picked":["champ:CalledShot","champ:ShieldSigil"],"picked":"champ:RecklessLeap","floor":2},{"not_picked":["champ:RageSigil","champ:IronFortress"],"picked":"champ:RapidStrikes","floor":3},{"not_picked":["champ:TornadoPunch","champ:GutPunch"],"picked":"champ:GladiatorStyle","floor":4},{"not_picked":["champ:Haymaker","champ:StanceDance"],"picked":"champ:BerserkersShout","floor":5},{"not_picked":["champ:FocusedBerserking","champ:Haymaker"],"picked":"champ:FaceSlap","floor":8},{"not_picked":["champ:PreciseThrust","champ:CrookedStrike"],"picked":"champ:ShieldSigil","floor":9},{"not_picked":["champ:IronFortress","champ:Devastate"],"picked":"champ:ShieldSigil","floor":11},{"not_picked":["champ:GladiatorsShout","champ:Control"],"picked":"champ:RisingSlash","floor":12},{"not_picked":["champ:CrookedStrike","champ:EnGarde"],"picked":"champ:FanOfKnives","floor":14},{"not_picked":["champ:TornadoPunch","champ:StanceDance","champ:PerfectedStrike"],"picked":"SKIP","floor":15},{"not_picked":["champ:SwordThrow","champ:EnchantCrown"],"picked":"champ:SteelEdge","floor":16},{"not_picked":["champ:Backstep+1","champ:DefensiveShout"],"picked":"champ:BerserkerStyle+1","floor":19},{"not_picked":["champ:FlashCut","champ:DefensiveShout"],"picked":"champ:RageSigil","floor":20},{"not_picked":["champ:SkillfulDodge","champ:TornadoPunch+1","champ:BerserkersShout+1"],"picked":"champ:SwordSigil","floor":23},{"not_picked":["champ:BringItOn","champ:Riposte+1","champ:FanOfKnives"],"picked":"champ:FocusedGladiator","floor":25},{"not_picked":["champ:StanceDance","champ:FalseCounter","champ:FanOfKnives"],"picked":"champ:SwordSigil","floor":27},{"not_picked":["champ:GutPunch","champ:FocusedBerserking+1","champ:Devastate"],"picked":"champ:Haymaker+1","floor":28},{"not_picked":["champ:FocusedBerserking","champ:CrookedStrike+1","champ:PerfectedStrike"],"picked":"champ:GladiatorsShout","floor":30},{"not_picked":["champ:AdrenalArmor","champ:BerserkersShout+1","champ:HeartStrike"],"picked":"champ:GladiatorStyle","floor":32},{"not_picked":["champ:Haymaker+1","champ:EnragedBash","champ:FightOn"],"picked":"champ:ShieldSigil","floor":36},{"not_picked":["champ:RageSigil","champ:GutPunch+1","champ:BladeFlurry+1"],"picked":"champ:ShieldSigil","floor":37}],"player_experience":517534,"relics_obtained":[{"floor":4,"key":"Art of War"},{"floor":8,"key":"MealTicket"},{"floor":12,"key":"InkBottle"},{"floor":20,"key":"champ:BlackKnightHelmet"},{"floor":20,"key":"Question Card"},{"floor":24,"key":"Vajra"},{"floor":27,"key":"Matryoshka"},{"floor":30,"key":"Boot"},{"floor":37,"key":"champ:GladiatorsBookOfMartialProwess"}],"event_choices":[{"damage_healed":0,"gold_gain":0,"player_choice":"Forge","damage_taken":0,"max_hp_gain":0,"max_hp_loss":0,"event_name":"Accursed Blacksmith","floor":6,"gold_loss":0,"cards_upgraded":["champ:RecklessLeap"]},{"cards_removed":["champ:Strike"],"damage_healed":0,"gold_gain":0,"player_choice":"Card Removal","damage_taken":0,"max_hp_gain":0,"max_hp_loss":0,"event_name":"The Cleric","floor":10,"gold_loss":0}],"is_beta":false,"boss_relics":[{"not_picked":["expansioncontent:StudyCardRelic","hubris:VirtuousBlindfold"],"picked":"downfall:Hecktoplasm"},{"not_picked":["Runic Pyramid","hubris:RunicObelisk"],"picked":"hubris:ScarierMask"}],"items_purged_floors":[],"is_endless":false,"potions_floor_spawned":[2,3,9,15,20,30,32,33],"ascension_level":3}}