{"host":"xcuflocadasoaqda","time":1609228823,"event":{"mods":["BaseMod","Bestiary","Filter the Spire","Minty Spire (QoL Compilation)","Relic Stats"],"gold_per_floor":[113,113,126,138,0,0,25,25,25,25,56,76,102,27,27,104,104,117,117,136,148,166,199,199,69,69,69,94,106,118,134,134,212,212,228,241,255,255,269,269,316,121,148,148,175,200,230,245,245,245,245,245,245,170,205,205],"floor_reached":57,"playtime":3697,"items_purged":["Rage"],"score":3419,"play_id":"57951f0f-12c6-4c4a-93d6-cd0e70f62bac","local_time":"20201229020023","is_ascension_mode":true,"campfire_choices":[{"data":"Bludgeon","floor":6,"key":"SMITH"},{"data":"Carnage","floor":8,"key":"SMITH"},{"data":"Uppercut","floor":15,"key":"SMITH"},{"data":"Whirlwind","floor":24,"key":"SMITH"},{"data":"Inflame","floor":27,"key":"SMITH"},{"data":"Immolate","floor":32,"key":"SMITH"},{"data":"Juggernaut","floor":40,"key":"SMITH"},{"floor":49,"key":"RECALL"},{"data":"Shockwave","floor":53,"key":"SMITH"}],"circlet_count":0,"master_deck":["AscendersBane","Evolve","Burning Pact","Uppercut+1","Limit Break","Carnage+1","Ghostly Armor","Bludgeon+1","Anger","Whirlwind+1","Shrug It Off","Feel No Pain","Shrug It Off","Power Through","Shrug It Off","Corruption","Feel No Pain","Armaments+1","Battle Trance+1","Power Through+1","Inflame+1","Body Slam","Offering","Shrug It Off","Shrug It Off","Immolate+1","Juggernaut+1","Spot Weakness+1","Feel No Pain","Flex+1","Shrug It Off+1","Sentinel+1","Shockwave+1","Corruption","Shrug It Off+1","Barricade","Feel No Pain","Shrug It Off"],"relics":["Pandora\u0027s Box","Prayer Wheel","HornCleat","Thread and Needle","Singing Bowl","Ancient Tea Set","Dream Catcher","Sozu","Mercury Hourglass","InkBottle","Pear","Runic Pyramid","Peace Pipe","Mummified Hand","Torii","Blood Vial","Centennial Puzzle"],"acts_visited":["Exordium","TheCity","TheBeyond","TheEnding"],"potions_floor_usage":[11,16,41],"damage_taken":[{"damage":3,"enemies":"Small Slimes","floor":1,"turns":3},{"damage":2,"enemies":"Jaw Worm","floor":3,"turns":2},{"damage":6,"enemies":"2 Louse","floor":4,"turns":2},{"damage":8,"enemies":"Gremlin Nob","floor":7,"turns":3},{"damage":0,"enemies":"Lagavulin","floor":11,"turns":4},{"damage":0,"enemies":"Large Slime","floor":12,"turns":4},{"damage":3,"enemies":"3 Sentries","floor":13,"turns":4},{"damage":0,"enemies":"The Guardian","floor":16,"turns":13},{"damage":0,"enemies":"Spheric Guardian","floor":18,"turns":5},{"damage":0,"enemies":"Chosen","floor":20,"turns":3},{"damage":0,"enemies":"Sentry and Sphere","floor":21,"turns":6},{"damage":0,"enemies":"Snake Plant","floor":22,"turns":5},{"damage":0,"enemies":"Gremlin Leader","floor":23,"turns":8},{"damage":5,"enemies":"Book of Stabbing","floor":28,"turns":5},{"damage":0,"enemies":"Centurion and Healer","floor":29,"turns":5},{"damage":6,"enemies":"Chosen and Byrds","floor":30,"turns":5},{"damage":4,"enemies":"Snake Plant","floor":31,"turns":5},{"damage":7,"enemies":"Collector","floor":33,"turns":8},{"damage":0,"enemies":"3 Darklings","floor":35,"turns":5},{"damage":0,"enemies":"Orb Walker","floor":36,"turns":3},{"damage":6,"enemies":"3 Darklings","floor":37,"turns":3},{"damage":24,"enemies":"4 Shapes","floor":39,"turns":4},{"damage":11,"enemies":"2 Orb Walkers","floor":41,"turns":3},{"damage":0,"enemies":"Nemesis","floor":45,"turns":3},{"damage":0,"enemies":"Mind Bloom Boss Battle","floor":46,"turns":3},{"damage":6,"enemies":"Reptomancer","floor":47,"turns":3},{"damage":0,"enemies":"Spire Growth","floor":48,"turns":3},{"damage":6,"enemies":"Donu and Deca","floor":50,"turns":4},{"damage":6,"enemies":"Awakened One","floor":51,"turns":7},{"damage":7,"enemies":"Shield and Spear","floor":55,"turns":5},{"damage":15,"enemies":"The Heart","floor":56,"turns":8}],"seed_played":"-1939061911205886124","potions_obtained":[{"floor":7,"key":"DuplicationPotion"},{"floor":12,"key":"PowerPotion"},{"floor":16,"key":"BloodPotion"}],"is_trial":false,"path_per_floor":["M","?","M","M","$","R","E","R","T","T","E","M","E","?","R","B",null,"M","?","M","M","M","E","R","$","T","R","E","M","M","M","R","B",null,"M","M","M","$","M","R","?","$","T","?","E","?","E","M","R","B","B",null,"R","$","E","B",null],"character_chosen":"IRONCLAD","items_purchased":["Feel No Pain","Block Potion","Inflame","Body Slam","Shockwave","Corruption"],"campfire_rested":0,"item_purchase_floors":[5,5,25,25,42,42],"current_hp_per_floor":[65,39,37,31,31,31,23,23,23,23,23,27,24,24,24,24,65,67,67,69,71,73,75,75,75,75,75,82,84,80,76,76,69,96,98,100,96,96,74,74,63,63,63,63,63,65,59,61,61,57,53,100,100,100,97,84],"gold":205,"neow_bonus":"BOSS_RELIC","is_daily":false,"chose_seed":false,"campfire_upgraded":8,"win_rate":0.0,"timestamp":1609228823,"path_taken":["M","?","M","M","$","R","E","R","T","?","E","M","E","?","R","BOSS","M","?","M","M","M","E","R","$","T","R","E","M","M","M","R","BOSS","M","M","M","$","M","R","?","$","T","?","E","?","E","M","R","BOSS","BOSS","R","$","E","BOSS"],"items_purchased_type":["Card","Potion","Card","Card","Card","Card"],"build_version":"2020-12-22","purchased_purges":1,"victory":true,"max_hp_per_floor":[75,75,75,75,75,75,75,75,75,75,75,79,79,79,79,79,79,81,81,83,85,87,89,89,89,89,89,101,103,105,105,105,105,105,107,109,111,111,113,113,113,113,113,113,113,115,115,115,115,115,115,115,115,115,117,117],"relic_stats":{"Singing Bowl":32,"Torii":4,"counters":[31,144],"Mercury Hourglass":[360],"Sozu":11,"Peace Pipe":0,"Blood Vial":10,"Dream Catcher":0,"Centennial Puzzle":[3],"Mummified Hand":[88],"Pandora\u0027s Box":["Evolve","Rage","Burning Pact","Reckless Charge","Uppercut","Limit Break","Carnage","Ghostly Armor","Bludgeon"],"Prayer Wheel":15,"obtain_stats":[{"Pear":28,"Singing Bowl":10,"Torii":46,"Thread and Needle":9,"Ancient Tea Set":11,"Burning Blood":0,"Mercury Hourglass":23,"Sozu":17,"Peace Pipe":41,"Blood Vial":47,"Dream Catcher":13,"Centennial Puzzle":55,"HornCleat":7,"Mummified Hand":45,"Pandora\u0027s Box":0,"Prayer Wheel":2,"InkBottle":26,"Runic Pyramid":34},{"Pear":14,"Singing Bowl":4,"Torii":25,"Thread and Needle":4,"Ancient Tea Set":5,"Burning Blood":0,"Mercury Hourglass":13,"Sozu":8,"Peace Pipe":23,"Blood Vial":26,"Dream Catcher":7,"Centennial Puzzle":30,"HornCleat":4,"Mummified Hand":24,"Pandora\u0027s Box":0,"Prayer Wheel":1,"InkBottle":13,"Runic Pyramid":18},{"Pear":67,"Singing Bowl":10,"Torii":114,"Thread and Needle":10,"Ancient Tea Set":14,"Burning Blood":0,"Mercury Hourglass":62,"Sozu":35,"Peace Pipe":108,"Blood Vial":117,"Dream Catcher":22,"Centennial Puzzle":136,"HornCleat":10,"Mummified Hand":111,"Pandora\u0027s Box":0,"Prayer Wheel":3,"InkBottle":62,"Runic Pyramid":90}],"InkBottle":[34]},"card_choices":[{"not_picked":["Pommel Strike","Havoc"],"picked":"Anger","floor":1},{"not_picked":["Headbutt","Heavy Blade"],"picked":"Whirlwind","floor":3},{"not_picked":["Twin Strike","Anger","Reckless Charge"],"picked":"SKIP","floor":3},{"not_picked":["Pummel","Rampage"],"picked":"Shrug It Off","floor":4},{"not_picked":["Clothesline","Combust","Dark Embrace"],"picked":"SKIP","floor":4},{"not_picked":["Demon Form","Dropkick"],"picked":"Shrug It Off","floor":7},{"not_picked":["Bloodletting","Combust"],"picked":"Power Through","floor":11},{"not_picked":["Iron Wave","Evolve","Rage"],"picked":"Singing Bowl","floor":12},{"not_picked":["Sword Boomerang","Heavy Blade","Clash"],"picked":"Singing Bowl","floor":12},{"not_picked":["Headbutt","Limit Break"],"picked":"Shrug It Off","floor":13},{"not_picked":["Brutality","Bludgeon"],"picked":"Corruption","floor":16},{"not_picked":["Anger","Flex"],"picked":"Feel No Pain","floor":18},{"not_picked":["Perfected Strike+1","Clash","Blood for Blood"],"picked":"Singing Bowl","floor":18},{"not_picked":["Clothesline","Pommel Strike","Havoc"],"picked":"Singing Bowl","floor":20},{"not_picked":["True Grit","Brutality"],"picked":"Armaments+1","floor":20},{"not_picked":["Twin Strike","Clash+1","Thunderclap"],"picked":"Singing Bowl","floor":21},{"not_picked":["Body Slam","Sword Boomerang"],"picked":"Battle Trance+1","floor":21},{"not_picked":["Fire Breathing","Warcry","Perfected Strike"],"picked":"Singing Bowl","floor":22},{"not_picked":["Iron Wave","Sword Boomerang+1"],"picked":"Power Through+1","floor":22},{"not_picked":["Armaments","Infernal Blade","Sword Boomerang"],"picked":"Singing Bowl","floor":23},{"not_picked":["Heavy Blade","Havoc","Anger"],"picked":"Singing Bowl","floor":28},{"not_picked":["Heavy Blade","Body Slam","Perfected Strike"],"picked":"Singing Bowl","floor":29},{"not_picked":["Thunderclap","Iron Wave"],"picked":"Offering","floor":29},{"not_picked":["Flex","Heavy Blade"],"picked":"Shrug It Off","floor":30},{"not_picked":["Headbutt","Sword Boomerang","Cleave"],"picked":"Singing Bowl","floor":30},{"not_picked":["Cleave","Perfected Strike"],"picked":"Shrug It Off","floor":31},{"not_picked":["Perfected Strike","Spot Weakness"],"picked":"Immolate","floor":31},{"not_picked":["Bludgeon","Immolate"],"picked":"Juggernaut","floor":33},{"not_picked":["Iron Wave","Anger"],"picked":"Spot Weakness+1","floor":35},{"not_picked":["Wild Strike","Clash","Body Slam"],"picked":"Singing Bowl","floor":35},{"not_picked":["Twin Strike","Offering","Clash"],"picked":"Singing Bowl","floor":36},{"not_picked":["Body Slam","Heavy Blade"],"picked":"Feel No Pain","floor":36},{"not_picked":["Havoc","Twin Strike"],"picked":"Flex+1","floor":37},{"not_picked":["Battle Trance","Thunderclap","Perfected Strike"],"picked":"Singing Bowl","floor":37},{"not_picked":["Pommel Strike","Infernal Blade"],"picked":"Shrug It Off+1","floor":39},{"not_picked":["Wild Strike","Heavy Blade","Second Wind"],"picked":"Singing Bowl","floor":39},{"not_picked":["Cleave+1","Havoc+1"],"picked":"Sentinel+1","floor":41},{"not_picked":["Power Through","Warcry"],"picked":"Shrug It Off+1","floor":45},{"not_picked":["Sword Boomerang","Dropkick+1","Havoc"],"picked":"Singing Bowl","floor":46},{"not_picked":["Cleave","Pommel Strike+1"],"picked":"Barricade","floor":47},{"not_picked":["Twin Strike+1","Reckless Charge"],"picked":"Feel No Pain","floor":48},{"not_picked":["Hemokinesis","Iron Wave"],"picked":"Shrug It Off","floor":48},{"not_picked":["Blood for Blood","Offering","Warcry"],"picked":"Singing Bowl","floor":55}],"player_experience":1809218,"relics_obtained":[{"floor":7,"key":"HornCleat"},{"floor":9,"key":"Thread and Needle"},{"floor":10,"key":"Singing Bowl"},{"floor":11,"key":"Ancient Tea Set"},{"floor":13,"key":"Dream Catcher"},{"floor":23,"key":"Mercury Hourglass"},{"floor":26,"key":"InkBottle"},{"floor":28,"key":"Pear"},{"floor":41,"key":"Peace Pipe"},{"floor":45,"key":"Mummified Hand"},{"floor":46,"key":"Torii"},{"floor":47,"key":"Blood Vial"},{"floor":55,"key":"Centennial Puzzle"}],"event_choices":[{"damage_healed":0,"gold_gain":0,"player_choice":"Success","damage_taken":26,"relics_obtained":["Prayer Wheel"],"max_hp_gain":0,"max_hp_loss":0,"event_name":"Scrap Ooze","floor":2,"gold_loss":0},{"cards_removed":["Bash"],"damage_healed":0,"gold_gain":0,"player_choice":"Card Removal","damage_taken":0,"max_hp_gain":0,"max_hp_loss":0,"event_name":"The Cleric","floor":14,"gold_loss":75},{"damage_healed":0,"gold_gain":0,"player_choice":"Ignored","damage_taken":0,"max_hp_gain":0,"max_hp_loss":0,"event_name":"Beggar","floor":19,"gold_loss":0},{"damage_healed":0,"gold_gain":0,"player_choice":"Fight","damage_taken":0,"max_hp_gain":0,"max_hp_loss":0,"event_name":"Mysterious Sphere","floor":41,"gold_loss":0},{"cards_removed":["Reckless Charge"],"damage_healed":0,"gold_gain":0,"player_choice":"Removed Attack","damage_taken":0,"max_hp_gain":0,"max_hp_loss":0,"event_name":"Falling","floor":44,"gold_loss":0},{"damage_healed":0,"gold_gain":0,"player_choice":"Fight","damage_taken":0,"max_hp_gain":0,"max_hp_loss":0,"event_name":"MindBloom","floor":46,"gold_loss":0}],"is_beta":false,"boss_relics":[{"not_picked":["Black Star","Astrolabe"],"picked":"Sozu"},{"not_picked":["SacredBark","Runic Cube"],"picked":"Runic Pyramid"}],"items_purged_floors":[54],"is_endless":false,"potions_floor_spawned":[7,12,16,18,20,23,28,29,31,35,36,37,39,48],"ascension_level":20}}