{"host":"873t0y8ybyo38pfq","time":1609262346,"event":{"mods":["BaseMod","Bestiary","Colored Map","Colored Powertips","Highlight Path","Minty Spire (QoL Compilation)","Quick Restart","RNG Fix","Rare Cards Sparkle","Relic Stats","StSLib"],"gold_per_floor":[119,119,119,119,142,183,183,18,45,80,80,95,95,116,116,205,205,219,238,238,238,238,238],"floor_reached":22,"playtime":1346,"items_purged":[],"score":434,"play_id":"4d12d194-b2f6-4d93-9a40-c135f7c6fb2b","local_time":"20201229121906","is_ascension_mode":true,"campfire_choices":[{"data":"Noxious Fumes","floor":7,"key":"SMITH"},{"data":"Neutralize","floor":11,"key":"SMITH"},{"data":"Predator","floor":15,"key":"SMITH"}],"circlet_count":0,"master_deck":["AscendersBane","Strike_G","Strike_G","Strike_G","Strike_G","Strike_G","Defend_G","Defend_G","Defend_G","Defend_G","Survivor","Neutralize+1","Noxious Fumes+1","Bane","Deadly Poison","Predator+1","PiercingWail","Acrobatics","Tools of the Trade"],"relics":["Ring of the Snake","NeowsBlessing","Golden Idol","Boot","Pocketwatch","ClockworkSouvenir","Juzu Bracelet","Toy Ornithopter","Snecko Eye","Smiling Mask","The Specimen"],"acts_visited":["Exordium","TheCity"],"potions_floor_usage":[10,14,15],"damage_taken":[{"damage":0,"enemies":"2 Louse","floor":1,"turns":1},{"damage":0,"enemies":"Cultist","floor":5,"turns":1},{"damage":0,"enemies":"Lagavulin","floor":6,"turns":1},{"damage":19,"enemies":"Gremlin Nob","floor":10,"turns":4},{"damage":0,"enemies":"Jaw Worm","floor":12,"turns":3},{"damage":8,"enemies":"Exordium Thugs","floor":14,"turns":6},{"damage":4,"enemies":"Hexaghost","floor":16,"turns":10},{"damage":13,"enemies":"Shell Parasite","floor":18,"turns":4},{"damage":29,"enemies":"3 Byrds","floor":19,"turns":4},{"damage":19,"enemies":"Snecko","floor":22,"turns":5}],"seed_played":"-4666372857905240902","potions_obtained":[{"floor":5,"key":"Poison Potion"},{"floor":12,"key":"Energy Potion"},{"floor":14,"key":"Fruit Juice"},{"floor":19,"key":"FairyPotion"}],"is_trial":false,"path_per_floor":["M","?","?","?","M","E","R","$","T","E","R","M","?","M","R","B",null,"M","M","?","T","M"],"character_chosen":"THE_SILENT","items_purchased":["ClockworkSouvenir"],"campfire_rested":0,"item_purchase_floors":[8],"current_hp_per_floor":[59,59,59,54,54,54,54,54,54,35,35,35,35,32,42,38,58,45,16,16,16,0,0],"gold":238,"neow_bonus":"THREE_ENEMY_KILL","is_daily":false,"chose_seed":false,"campfire_upgraded":3,"win_rate":0.0,"timestamp":1609262346,"path_taken":["M","?","?","?","?","E","R","$","T","E","R","M","?","M","R","BOSS","M","M","?","?","M"],"items_purchased_type":["Relic"],"build_version":"2020-12-22","purchased_purges":0,"victory":false,"max_hp_per_floor":[66,66,60,60,60,60,60,60,60,60,60,60,60,60,65,65,65,65,65,65,65,65,65],"relic_stats":{"counters":[10,39],"Golden Idol":52,"Snecko Eye":[41,28,37,28],"Juzu Bracelet":0,"Boot":[43],"Smiling Mask":0,"obtain_stats":[{"NeowsBlessing":0,"The Specimen":21,"Golden Idol":3,"Snecko Eye":17,"Juzu Bracelet":9,"Boot":4,"Smiling Mask":20,"Toy Ornithopter":10,"Ring of the Snake":0,"Pocketwatch":6,"ClockworkSouvenir":8},{"NeowsBlessing":0,"The Specimen":9,"Golden Idol":1,"Snecko Eye":7,"Juzu Bracelet":3,"Boot":1,"Smiling Mask":9,"Toy Ornithopter":4,"Ring of the Snake":0,"Pocketwatch":3,"ClockworkSouvenir":3},{"NeowsBlessing":0,"The Specimen":34,"Golden Idol":1,"Snecko Eye":26,"Juzu Bracelet":3,"Boot":1,"Smiling Mask":34,"Toy Ornithopter":7,"Ring of the Snake":0,"Pocketwatch":3,"ClockworkSouvenir":3}],"Toy Ornithopter":10,"Ring of the Snake":[20],"Pocketwatch":[72]},"card_choices":[{"not_picked":["Riddle With Holes","Backflip"],"picked":"Noxious Fumes","floor":1},{"not_picked":["Outmaneuver","Deflect"],"picked":"Bane","floor":5},{"not_picked":["Escape Plan","After Image"],"picked":"Deadly Poison","floor":6},{"not_picked":["Sucker Punch","Acrobatics"],"picked":"Predator","floor":10},{"not_picked":["Noxious Fumes","Deadly Poison"],"picked":"PiercingWail","floor":12},{"not_picked":["Tactician","Noxious Fumes"],"picked":"Acrobatics","floor":14},{"not_picked":["Wraith Form v2","Glass Knife"],"picked":"Tools of the Trade","floor":16},{"not_picked":["Prepared","Dodge and Roll","Blade Dance+1"],"picked":"SKIP","floor":18},{"not_picked":["Riddle With Holes","Prepared","Caltrops"],"picked":"SKIP","floor":19}],"player_experience":1397363,"relics_obtained":[{"floor":6,"key":"Pocketwatch"},{"floor":9,"key":"Juzu Bracelet"},{"floor":10,"key":"Toy Ornithopter"},{"floor":21,"key":"The Specimen"}],"event_choices":[{"cards_removed":["Defend_G"],"damage_healed":0,"gold_gain":0,"player_choice":"Offered Basic","damage_taken":0,"max_hp_gain":0,"max_hp_loss":0,"event_name":"Bonfire Elementals","floor":2,"gold_loss":0},{"damage_healed":0,"gold_gain":0,"player_choice":"Lose Max HP","damage_taken":0,"relics_obtained":["Golden Idol"],"max_hp_gain":0,"max_hp_loss":6,"event_name":"Golden Idol","floor":3,"gold_loss":0},{"damage_healed":0,"gold_gain":0,"player_choice":"Success","damage_taken":5,"relics_obtained":["Boot"],"max_hp_gain":0,"max_hp_loss":0,"event_name":"Scrap Ooze","floor":4,"gold_loss":0},{"damage_healed":0,"gold_gain":0,"player_choice":"Ignored","damage_taken":0,"max_hp_gain":0,"max_hp_loss":0,"event_name":"Liars Game","floor":13,"gold_loss":0},{"damage_healed":0,"gold_gain":0,"player_choice":"Gave Potion","damage_taken":0,"relics_obtained":["Smiling Mask"],"max_hp_gain":0,"max_hp_loss":0,"event_name":"WeMeetAgain","floor":20,"gold_loss":0}],"is_beta":false,"boss_relics":[{"not_picked":["Busted Crown","Tiny House"],"picked":"Snecko Eye"}],"items_purged_floors":[],"is_endless":false,"potions_floor_spawned":[5,12,14,19],"killed_by":"Snecko","ascension_level":20}}