{"host":"hdafziggwnbzqpcb","time":1609225451,"event":{"mods":["BaseMod","Better Vampires","Colored Map","Colored Powertips","Curses Come First","Duelist Mod","GifTheSpireLib","Hero for Fun","Minty Spire (QoL Compilation)","Quick Restart","Rare Cards Sparkle","Relic Stats","Spicy Shops","StSLib","The Bug Knight","The Cursed","The Marked","The Senshi","The Wild Card","TheHero"],"gold_per_floor":[360,379,379,379,379,379,414,429,429,60,60,74,6,19,19,140,140,164,164,164,149,71,71,95,95,146,71,71,92,92,17,17,136,136,154,154,154],"floor_reached":36,"playtime":1905,"items_purged":["theSenshi:SailorBlock"],"score":424,"play_id":"d3426129-5911-42cd-9ecc-70c724eb1b0f","local_time":"20201228230411","is_ascension_mode":true,"campfire_choices":[{"floor":6,"key":"REST"},{"floor":11,"key":"REST"},{"data":"theSenshi:MoonCrisisMakeUp","floor":15,"key":"SMITH"},{"data":"theSenshi:SilverMoonCrystalPowerKiss","floor":23,"key":"SMITH"},{"data":"theSenshi:MoonGorgeousMeditation","floor":25,"key":"SMITH"},{"data":"theSenshi:MoonPrincessHalation","floor":30,"key":"SMITH"},{"floor":32,"key":"REST"}],"circlet_count":0,"master_deck":["theSenshi:SailorKick","theSenshi:SailorKick","theSenshi:RoseThrow","theSenshi:MoonPrismPowerMakeUp","theSenshi:MoonCrisisMakeUp+1","theSenshi:SailorMercuryAssists","theSenshi:MoonPrincessHalation+1","theSenshi:MoonPunch","theSenshi:SilverMoonCrystalPowerKiss+1","theSenshi:MoonGorgeousMeditation+1","theSenshi:SteeledNerves","theSenshi:Overload+1"],"relics":["theSenshi:TransformationBroochRelic","Golden Idol","Ginger","theSenshi:CutieMoonRodRelic","theSenshi:CosmicHeartCompactRelic","SlaversCollar","theSenshi:RoseRelic","Tiny Chest","Empty Cage"],"acts_visited":["Exordium","TheCity","TheBeyond"],"potions_floor_usage":[16,16,36,36],"damage_taken":[{"damage":0,"enemies":"Small Slimes","floor":1,"turns":4},{"damage":0,"enemies":"2 Louse","floor":2,"turns":4},{"damage":24,"enemies":"Gremlin Nob","floor":7,"turns":5},{"damage":8,"enemies":"Jaw Worm","floor":8,"turns":4},{"damage":1,"enemies":"2 Fungi Beasts","floor":12,"turns":5},{"damage":6,"enemies":"Gremlin Gang","floor":14,"turns":5},{"damage":17,"enemies":"The Guardian","floor":16,"turns":7},{"damage":6,"enemies":"Shell Parasite","floor":18,"turns":6},{"damage":24,"enemies":"2 Thieves","floor":21,"turns":4},{"damage":4,"enemies":"Chosen and Byrds","floor":24,"turns":4},{"damage":0,"enemies":"Centurion and Healer","floor":29,"turns":4},{"damage":5,"enemies":"Champ","floor":33,"turns":7},{"damage":8,"enemies":"Orb Walker","floor":35,"turns":3},{"damage":68,"enemies":"2 Orb Walkers","floor":36,"turns":4}],"seed_played":"8707670112906911544","potions_obtained":[{"floor":2,"key":"SpeedPotion"},{"floor":14,"key":"DuplicationPotion"},{"floor":16,"key":"Explosive Potion"},{"floor":24,"key":"SkillPotion"},{"floor":29,"key":"SteroidPotion"},{"floor":33,"key":"SteroidPotion"}],"is_trial":false,"path_per_floor":["M","M","?","?","?","R","E","M","T","$","R","M","$","M","R","B",null,"M","?","?","M","$","R","M","R","T","?","?","M","R","$","R","B",null,"M","?"],"character_chosen":"THE_SENSHI","items_purchased":["theSenshi:CutieMoonRodRelic","theSenshi:MoonPrincessHalation","theSenshi:CosmicHeartCompactRelic","theSenshi:SilverMoonCrystalPowerKiss","theSenshi:SteeledNerves"],"campfire_rested":3,"item_purchase_floors":[10,10,10,13,22],"current_hp_per_floor":[54,54,47,47,47,67,43,35,35,35,55,54,54,48,48,31,69,63,63,63,39,39,39,35,35,35,35,35,35,35,35,55,50,69,61,0,0],"gold":154,"neow_bonus":"TWO_FIFTY_GOLD","is_daily":false,"chose_seed":false,"campfire_upgraded":4,"win_rate":0.0,"timestamp":1609225451,"path_taken":["M","M","?","?","?","R","E","M","T","$","R","M","?","M","R","BOSS","M","?","?","?","$","R","M","R","T","?","?","M","R","$","R","BOSS","M","?"],"items_purchased_type":["Relic","Card","Relic","Card","Card"],"build_version":"2020-12-22","purchased_purges":1,"victory":false,"max_hp_per_floor":[75,75,75,75,69,69,69,69,69,69,69,69,69,69,69,69,69,69,69,69,69,69,69,69,69,69,69,69,69,69,69,69,69,69,69,69,69],"relic_stats":{"counters":[14,66],"Golden Idol":97,"Tiny Chest":0,"Ginger":[10],"obtain_stats":[{"theSenshi:CutieMoonRodRelic":10,"SlaversCollar":17,"theSenshi:TransformationBroochRelic":0,"Golden Idol":5,"theSenshi:RoseRelic":20,"Tiny Chest":26,"Ginger":7,"Empty Cage":34,"theSenshi:CosmicHeartCompactRelic":10},{"theSenshi:CutieMoonRodRelic":4,"SlaversCollar":7,"theSenshi:TransformationBroochRelic":0,"Golden Idol":2,"theSenshi:RoseRelic":8,"Tiny Chest":10,"Ginger":3,"Empty Cage":12,"theSenshi:CosmicHeartCompactRelic":4},{"theSenshi:CutieMoonRodRelic":17,"SlaversCollar":34,"theSenshi:TransformationBroochRelic":0,"Golden Idol":8,"theSenshi:RoseRelic":40,"Tiny Chest":48,"Ginger":13,"Empty Cage":59,"theSenshi:CosmicHeartCompactRelic":17}]},"card_choices":[{"not_picked":["theSenshi:MoonPower","theSenshi:EncouragingSpeech","theSenshi:SailorChibiMoonAssists"],"picked":"SKIP","floor":1},{"not_picked":["theSenshi:UranusStrength","theSenshi:LunasBite","theSenshi:MoonPower"],"picked":"SKIP","floor":2},{"not_picked":["theSenshi:DramaticEntrance","theSenshi:InTheNickOfTime"],"picked":"theSenshi:MoonCrisisMakeUp","floor":7},{"not_picked":["theSenshi:PlutosSolemnity","theSenshi:MoonsReflection"],"picked":"theSenshi:SailorMercuryAssists","floor":8},{"not_picked":["theSenshi:LunasBite","theSenshi:MoonTwilightFlash"],"picked":"theSenshi:MoonPunch","floor":12},{"not_picked":["theSenshi:SailorV","theSenshi:LunasBite","theSenshi:SailorMarsAssists"],"picked":"SKIP","floor":14},{"not_picked":["theSenshi:SailorPlutoAssists","theSenshi:StudyParty"],"picked":"theSenshi:MoonGorgeousMeditation","floor":16},{"not_picked":["theSenshi:SailorStarMakerAssists","theSenshi:KlutzyLuck","theSenshi:SupersonicWaves"],"picked":"SKIP","floor":18},{"not_picked":["theSenshi:SailorJupiterAssists","theSenshi:TuxedoSmokingBomber","theSenshi:LunasBite"],"picked":"SKIP","floor":21},{"not_picked":["theSenshi:MoonPunch","theSenshi:SupersonicWaves","theSenshi:OdangoHead"],"picked":"SKIP","floor":24},{"not_picked":["theSenshi:OdangoHead","theSenshi:MoonTiaraMagic+1"],"picked":"theSenshi:Overload+1","floor":29},{"not_picked":["theSenshi:SupersonicWaves+1","theSenshi:MoonKick+1","theSenshi:MoonPrincessHalation"],"picked":"SKIP","floor":35}],"player_experience":679277,"relics_obtained":[{"floor":7,"key":"Ginger"},{"floor":26,"key":"Tiny Chest"}],"event_choices":[{"cards_removed":["theSenshi:SailorBlock"],"damage_healed":0,"gold_gain":0,"player_choice":"Card Removal","damage_taken":7,"max_hp_gain":0,"max_hp_loss":0,"event_name":"Golden Wing","floor":3,"gold_loss":0},{"cards_removed":["theSenshi:SailorKick"],"damage_healed":0,"gold_gain":0,"player_choice":"Forget","damage_taken":0,"max_hp_gain":0,"max_hp_loss":0,"event_name":"Living Wall","floor":4,"gold_loss":0},{"damage_healed":0,"gold_gain":0,"player_choice":"Lose Max HP","damage_taken":0,"relics_obtained":["Golden Idol"],"max_hp_gain":0,"max_hp_loss":6,"event_name":"Golden Idol","floor":5,"gold_loss":0},{"damage_healed":0,"gold_gain":0,"player_choice":"Ignored","damage_taken":0,"max_hp_gain":0,"max_hp_loss":0,"event_name":"Ghosts","floor":19,"gold_loss":0},{"damage_healed":0,"gold_gain":0,"player_choice":"Gave Potion","damage_taken":0,"relics_obtained":["theSenshi:RoseRelic"],"max_hp_gain":0,"max_hp_loss":0,"event_name":"WeMeetAgain","floor":20,"gold_loss":0},{"cards_removed":["theSenshi:SailorKick"],"damage_healed":0,"gold_gain":0,"player_choice":"Gave Gold","damage_taken":0,"max_hp_gain":0,"max_hp_loss":0,"event_name":"Beggar","floor":27,"gold_loss":75},{"damage_healed":0,"gold_gain":0,"player_choice":"Ignored","damage_taken":0,"max_hp_gain":0,"max_hp_loss":0,"event_name":"The Mausoleum","floor":28,"gold_loss":0},{"damage_healed":0,"gold_gain":0,"player_choice":"Fight","damage_taken":0,"max_hp_gain":0,"max_hp_loss":0,"event_name":"Mysterious Sphere","floor":36,"gold_loss":0}],"is_beta":false,"boss_relics":[{"not_picked":["Sozu","Velvet Choker"],"picked":"SlaversCollar"},{"not_picked":["Calling Bell","Cursed Key"],"picked":"Empty Cage"}],"items_purged_floors":[31],"is_endless":false,"potions_floor_spawned":[2,14,16,24,29,33,35],"killed_by":"2 Orb Walkers","ascension_level":2}}