{"host":"wshh0nphwn6jv7vj","time":1609264270,"event":{"mods":["BaseMod","Bestiary","Minty Spire (QoL Compilation)"],"gold_per_floor":[117,192,203,69,82,107,107,127,152,152,177,195,195,229,229,229,229],"floor_reached":16,"playtime":658,"items_purged":["Strike_R"],"score":268,"play_id":"3f3db854-0b8a-4c63-a9fb-18cb6e3049e7","local_time":"20201229125110","is_ascension_mode":true,"campfire_choices":[{"data":"Evolve","floor":7,"key":"SMITH"},{"floor":15,"key":"REST"}],"circlet_count":0,"master_deck":["AscendersBane","Strike_R","Strike_R","Strike_R","Defend_R","Defend_R","Defend_R","Defend_R+1","Bash","Wild Strike","Flame Barrier+1","Havoc","Evolve+1","Fiend Fire","Reckless Charge","Doubt","Spot Weakness","Shrug It Off","Sever Soul","Clothesline"],"relics":["Cursed Key","War Paint","CultistMask","Potion Belt","Pen Nib"],"acts_visited":["Exordium"],"potions_floor_usage":[6,8,12,14],"damage_taken":[{"damage":5,"enemies":"2 Louse","floor":1,"turns":4},{"damage":0,"enemies":"Cultist","floor":3,"turns":2},{"damage":8,"enemies":"Small Slimes","floor":5,"turns":4},{"damage":30,"enemies":"3 Sentries","floor":6,"turns":8},{"damage":0,"enemies":"Exordium Thugs","floor":8,"turns":3},{"damage":20,"enemies":"Gremlin Nob","floor":11,"turns":5},{"damage":5,"enemies":"Looter","floor":12,"turns":2},{"damage":0,"enemies":"3 Sentries","floor":14,"turns":4},{"damage":28,"enemies":"Hexaghost","floor":16,"turns":9}],"seed_played":"-8533586323397394546","potions_obtained":[{"floor":5,"key":"Regen Potion"},{"floor":6,"key":"BlessingOfTheForge"},{"floor":11,"key":"HeartOfIron"},{"floor":12,"key":"ColorlessPotion"}],"is_trial":false,"path_per_floor":["M","?","M","$","M","E","R","M","T","?","E","M","?","E","R","B"],"character_chosen":"IRONCLAD","items_purchased":["Havoc"],"campfire_rested":1,"item_purchase_floors":[4],"current_hp_per_floor":[63,52,52,52,44,29,29,29,29,29,9,4,4,4,26,0,0],"gold":229,"neow_bonus":"BOSS_RELIC","is_daily":false,"chose_seed":false,"campfire_upgraded":1,"win_rate":0.0,"timestamp":1609264270,"path_taken":["M","?","M","$","M","E","R","M","T","?","E","?","?","E","R","BOSS"],"items_purchased_type":["Card"],"build_version":"2020-12-22","purchased_purges":1,"victory":false,"max_hp_per_floor":[75,75,75,75,75,75,75,75,75,75,75,75,75,75,75,75,75],"card_choices":[{"not_picked":["Twin Strike","Headbutt"],"picked":"Wild Strike","floor":1},{"not_picked":["Iron Wave","Perfected Strike"],"picked":"Flame Barrier","floor":3},{"not_picked":["Blood for Blood","Reckless Charge"],"picked":"Evolve","floor":5},{"not_picked":["Havoc","Anger"],"picked":"Fiend Fire","floor":6},{"not_picked":["Bloodletting","Intimidate"],"picked":"Reckless Charge","floor":8},{"not_picked":["Carnage","Thunderclap"],"picked":"Spot Weakness","floor":11},{"not_picked":["Armaments","Sentinel"],"picked":"Shrug It Off","floor":12},{"not_picked":["Sword Boomerang","Clash"],"picked":"Clothesline","floor":14}],"player_experience":1526806,"relics_obtained":[{"floor":6,"key":"War Paint"},{"floor":11,"key":"Potion Belt"},{"floor":14,"key":"Pen Nib"}],"event_choices":[{"damage_healed":0,"gold_gain":75,"player_choice":"Gather Gold","damage_taken":11,"max_hp_gain":0,"max_hp_loss":0,"event_name":"World of Goop","floor":2,"gold_loss":0},{"damage_healed":0,"gold_gain":0,"player_choice":"Trade","damage_taken":0,"relics_obtained":["CultistMask"],"max_hp_gain":0,"max_hp_loss":0,"event_name":"FaceTrader","floor":10,"gold_loss":0},{"damage_healed":0,"gold_gain":0,"cards_transformed":["Strike_R"],"player_choice":"Change","damage_taken":0,"max_hp_gain":0,"max_hp_loss":0,"event_name":"Living Wall","floor":13,"gold_loss":0,"cards_obtained":["Sever Soul"]}],"is_beta":false,"boss_relics":[],"items_purged_floors":[4],"is_endless":false,"potions_floor_spawned":[5,6,11,12],"killed_by":"Hexaghost","ascension_level":17}}