{"host":"m3herrhkesxm9ooc","time":1609236179,"event":{"mods":["BaseMod","Hermit","Minty Spire (QoL Compilation)","StSLib","The Hierophant"],"gold_per_floor":[114,114,183,196,196,196,224,238,261,261,286,286,296,311,311,383,383,400,400,425,439,439,439],"floor_reached":22,"playtime":558,"items_purged":[],"score":331,"play_id":"72d6fff2-2b26-4c01-89c1-2ead866dc8ce","local_time":"20201229190259","is_ascension_mode":true,"campfire_choices":[{"floor":6,"key":"REST"},{"floor":10,"key":"REST"},{"floor":12,"key":"REST"},{"data":"hermit:Determination","floor":15,"key":"SMITH"}],"circlet_count":0,"master_deck":["AscendersBane","hermit:Strike_Hermit","hermit:Strike_Hermit","hermit:Strike_Hermit","hermit:Strike_Hermit","hermit:Defend_Hermit","hermit:Defend_Hermit+1","hermit:Defend_Hermit","hermit:Defend_Hermit","hermit:Snapshot","hermit:Covet+1","hermit:BodyArmor","hermit:Ricochet","hermit:HighCaliber","hermit:Headshot","hermit:Determination+1","hermit:Glare","hermit:HeroicBravado","hermit:Brawl+1","hermit:Headshot"],"relics":["hermit:ClaspedLocket","Toy Ornithopter","Mummified Hand","Strawberry","Omamori","Dream Catcher","hermit:RyeStalk"],"acts_visited":["Exordium","TheCity"],"potions_floor_usage":[7,16],"damage_taken":[{"damage":2,"enemies":"2 Louse","floor":1,"turns":4},{"damage":2,"enemies":"Jaw Worm","floor":4,"turns":3},{"damage":38,"enemies":"Lagavulin","floor":7,"turns":8},{"damage":0,"enemies":"Cultist","floor":8,"turns":2},{"damage":6,"enemies":"Looter","floor":13,"turns":3},{"damage":0,"enemies":"Blue Slaver","floor":14,"turns":2},{"damage":21,"enemies":"Slime Boss","floor":16,"turns":9},{"damage":25,"enemies":"Shell Parasite","floor":18,"turns":6},{"damage":34,"enemies":"2 Thieves","floor":21,"turns":4},{"damage":25,"enemies":"Snake Plant","floor":22,"turns":3}],"seed_played":"-3627654358762295079","potions_obtained":[{"floor":1,"key":"Block Potion"},{"floor":13,"key":"Swift Potion"}],"is_trial":false,"path_per_floor":["M","?","?","M","?","R","E","M","T","R","T","R","M","M","R","B",null,"M","?","T","M","M"],"character_chosen":"HERMIT","items_purchased":[],"campfire_rested":3,"item_purchase_floors":[],"current_hp_per_floor":[69,58,58,56,33,56,23,23,30,55,55,80,74,74,74,58,78,53,53,53,19,0,0],"gold":439,"neow_bonus":"TEN_PERCENT_HP_BONUS","is_daily":false,"chose_seed":false,"campfire_upgraded":1,"win_rate":0.0,"timestamp":1609236179,"path_taken":["M","?","?","M","?","R","E","M","T","R","?","R","M","M","R","BOSS","M","?","?","M","M"],"items_purchased_type":[],"build_version":"2020-12-22","purchased_purges":0,"victory":false,"max_hp_per_floor":[78,78,78,78,78,78,78,78,85,85,85,85,85,85,85,85,85,85,85,85,85,85,85],"card_choices":[{"not_picked":["hermit:LuckOfTheDraw","hermit:Quickdraw"],"picked":"hermit:BodyArmor","floor":1},{"not_picked":["hermit:Feint","hermit:HoleUp"],"picked":"hermit:Ricochet","floor":4},{"not_picked":["hermit:Glare","hermit:FullyLoaded"],"picked":"hermit:HighCaliber","floor":7},{"not_picked":["hermit:Snipe","hermit:RoundhouseKick"],"picked":"hermit:Headshot","floor":8},{"not_picked":["hermit:HoleUp","hermit:Feint"],"picked":"hermit:Determination","floor":13},{"not_picked":["hermit:Showdown","hermit:Vantage"],"picked":"hermit:Glare","floor":14},{"not_picked":["hermit:Gambit","hermit:Magnum"],"picked":"hermit:HeroicBravado","floor":16},{"not_picked":["hermit:LuckOfTheDraw","hermit:CursedWeapon"],"picked":"hermit:Brawl+1","floor":18},{"not_picked":["hermit:CalledShot","hermit:BigShot"],"picked":"hermit:Headshot","floor":21}],"player_experience":660438,"relics_obtained":[{"floor":7,"key":"Mummified Hand"},{"floor":9,"key":"Strawberry"},{"floor":11,"key":"Omamori"},{"floor":20,"key":"hermit:RyeStalk"}],"event_choices":[{"damage_healed":0,"gold_gain":0,"player_choice":"Success","damage_taken":11,"relics_obtained":["Toy Ornithopter"],"max_hp_gain":0,"max_hp_loss":0,"event_name":"Scrap Ooze","floor":2,"gold_loss":0},{"damage_healed":0,"gold_gain":69,"player_choice":"Gained Gold","damage_taken":0,"max_hp_gain":0,"max_hp_loss":0,"event_name":"Golden Wing","floor":3,"gold_loss":0},{"damage_healed":0,"gold_gain":0,"player_choice":"Entered Light","damage_taken":23,"max_hp_gain":0,"max_hp_loss":0,"event_name":"Shining Light","floor":5,"gold_loss":0,"cards_upgraded":["hermit:Covet","hermit:Defend_Hermit"]},{"damage_healed":0,"gold_gain":0,"player_choice":"Stole Relic","damage_taken":0,"relics_obtained":["Dream Catcher"],"max_hp_gain":0,"max_hp_loss":0,"event_name":"Addict","floor":19,"gold_loss":0,"cards_obtained":["Shame"]}],"is_beta":false,"boss_relics":[{"not_picked":["Ectoplasm","Velvet Choker"],"picked":"hermit:ClaspedLocket"}],"items_purged_floors":[],"is_endless":false,"potions_floor_spawned":[1,13],"killed_by":"Snake Plant","ascension_level":16}}