{"host":"h7xtspmc2x3i8s2i","time":1609225572,"event":{"mods":["2.2 Compatiblity","AchievementEnabler","Act Like it!","AlwaysNeverKeys","Aspiration","Astrologer","BaseMod","Beaked The Cultist","Bestiary","Better Altar","Better Match","Better Note","Better Sensory Stone","Better Skull","Better Third Choice","Better Vampires","Better-Laid Plans","BetterRewards","Challenge The Spire","Colored Map","Colored Powertips","Colorless Booster Pack","Curses Come First","Defuse TimeMaze Blight","Dio Mod","Disable Question Mark Monsters","Downfall","Duelist Mod","EXCEPTION","Emptier Cage","Energized Spire","Friendly Minions","GifTheSpireLib","Gold Saver","Gremlin Skip","Halation","Hubris","Ironclad Rager","Jedi Mod","Key Reminder","Marked Mod","Minty Spire (QoL Compilation)","Permanent Neow","Potion Indicator Mod","Quick Restart","Random Character Button","Random Character Mod","Rare Cards Sparkle","Relic Filter","Relic Stats","Replay The Spire","SacredBarkPlus","Shop Mod","Somnambulant","Spicy Shops","Spikes Relics","Spire Birthday Party","StSLib","Steal the Spire","Stuff the Spire","SuperFastMode","The Awakened One except there are too many feathers","The Blue Laboratory","The Cursed","The Death Knight","The Dragon Tamer","The Edgeheg","The Hierophant","The Problem Sleuth","The Runesmith","The Wild Card","TheVelvet","Transform Curses","Uncapped","Unceasing Turn Reminder","Virulent Crown","everything is the same but u backflip on backflip","slay the spire mod where everything is the same but ironclad has a cowboy hat","vexMod"],"gold_per_floor":[987,34,109,128,159,184,184,215,267,267,267,282,282,295,295,398,398,408,408,426,2,2,30,30,59,59,78,78,78,78,108,108,210,210,225,195,211,224,244,277,295,326,352,0,34,34,34,56,56,65,65,65,65,105,119],"floor_reached":56,"playtime":2481,"items_purged":["Strike_R"],"score":1324,"play_id":"4d494f49-e746-4345-b095-8ebb80e6f0ea","local_time":"20201229020612","is_ascension_mode":true,"campfire_choices":[{"floor":7,"key":"REST"},{"floor":10,"key":"RECALL"},{"data":"Magnetism","floor":13,"key":"SMITH"},{"data":"MasterReality","floor":15,"key":"SMITH"},{"data":"Havoc","floor":28,"key":"SMITH"},{"floor":30,"key":"REST"},{"floor":32,"key":"REST"},{"data":"Corruption","floor":47,"key":"SMITH"},{"data":"Absolvement","floor":49,"key":"SMITH"},{"data":"Havoc","floor":52,"key":"SMITH"}],"circlet_count":0,"master_deck":["Strike_R","Strike_R","Strike_R","Strike_R","Defend_R","Defend_R","Defend_R","Defend_R","Bash","Metallicize","Magnetism+1","Well Laid Plans","Shrug It Off","Feel No Pain","MasterReality+1","Havoc+1","Intimidate","Corruption+1","Absolvement+1","Juggernaut","Evolve","jedi:MakeshiftSword","ReplayReversal","Berserk","Exhume","Inflame+1","Havoc+1","Impervious","Dark Embrace+1","Intimidate","StuffTheSpire:FreeRealEstate","Flash of Steel","Iron Wave"],"relics":["Burning Blood","Replay:M_StaffOfTheSnake","MerchantsRug","InkBottle","BicycleWheel","ReplayTheSpireMod:Shallot","Charon\u0027s Ashes","jedi:bottledfury","energizedSpire:OgreHead","StuffTheSpire:CocoNut","halation:WeightlessCrab","halation:EternalFortune","Ancient Tea Set","StuffTheSpire:HeavyRock","Bloody Idol","Blood Vial","Shuriken","Replay:Bottled Flurry","Bronze Scales","sneckomod:BlankCard","Red Mask","halation:AfternoonTea","Bag of Marbles"],"acts_visited":["Exordium","TheCity","TheBeyond","TheEnding"],"potions_floor_usage":[20,33,38,41,42,42,42,42,50],"damage_taken":[{"damage":5,"enemies":"Small Slimes","floor":1,"turns":5},{"damage":4,"enemies":"2 Louse","floor":4,"turns":7},{"damage":18,"enemies":"Lagavulin","floor":6,"turns":9},{"damage":6,"enemies":"3 Sentries","floor":8,"turns":6},{"damage":5,"enemies":"Jaw Worm","floor":12,"turns":5},{"damage":0,"enemies":"Large Slime","floor":14,"turns":5},{"damage":25,"enemies":"The Guardian","floor":16,"turns":12},{"damage":7,"enemies":"3 Byrds","floor":18,"turns":3},{"damage":0,"enemies":"Spheric Guardian","floor":20,"turns":3},{"damage":0,"enemies":"theDuelist:KaibaA2","floor":23,"turns":3},{"damage":22,"enemies":"Slavers","floor":25,"turns":4},{"damage":0,"enemies":"Snake Plant","floor":27,"turns":2},{"damage":0,"enemies":"theDuelist:KaibaA2","floor":31,"turns":3},{"damage":0,"enemies":"Champ","floor":33,"turns":6},{"damage":3,"enemies":"3 Shapes","floor":35,"turns":3},{"damage":0,"enemies":"Orb Walker","floor":37,"turns":3},{"damage":0,"enemies":"3 Darklings","floor":38,"turns":3},{"damage":0,"enemies":"4 Shapes","floor":39,"turns":2},{"damage":0,"enemies":"R_Hoarder","floor":40,"turns":7},{"damage":17,"enemies":"Jaw Worm Horde","floor":41,"turns":4},{"damage":31,"enemies":"Giant Head","floor":42,"turns":7},{"damage":0,"enemies":"beaked:SuperParasite","floor":45,"turns":5},{"damage":0,"enemies":"Writhing Mass","floor":48,"turns":3},{"damage":5,"enemies":"Replay:Hell Engine","floor":50,"turns":4},{"damage":10,"enemies":"Shield and Spear","floor":54,"turns":3},{"damage":59,"enemies":"The Heart","floor":55,"turns":5}],"seed_played":"-3648452022119654667","potions_obtained":[{"floor":1,"key":"GamblersBrew"},{"floor":14,"key":"blueLaboratory:Moonshine"},{"floor":18,"key":"AttackPotion"},{"floor":25,"key":"DeathKnight:RimePotion"},{"floor":36,"key":"Guardian:BlockOnCardUsePotion"},{"floor":36,"key":"DuplicationPotion"},{"floor":37,"key":"Fire Potion"},{"floor":39,"key":"SpeedPotion"},{"floor":40,"key":"blueLaboratory:FrostheartPotion"},{"floor":45,"key":"blueLaboratory:PhilterOfMotion"},{"floor":48,"key":"ColorlessPotion"}],"is_trial":false,"path_per_floor":["M","$","?","M","?","E","R","E","T","R","T","M","R","M","R","B",null,"M","?","M","$","?","E","?","E","T","M","R","?","R","E","R","B",null,"M","?","M","M","M","E","M","E","T","?","E","?","R","M","R","B",null,"R","$","E","B",null],"character_chosen":"IRONCLAD","items_purchased":["MerchantsRug","Magnetism","Quantum Egg","InkBottle","Well Laid Plans","Shrug It Off","Juggernaut","StuffTheSpire:CocoNut"],"campfire_rested":3,"item_purchase_floors":[2,2,2,2,2,2,21,21],"current_hp_per_floor":[80,80,69,71,39,36,60,60,60,60,60,71,71,77,77,58,80,79,79,80,87,87,87,90,74,74,88,88,20,47,60,87,90,90,90,90,90,90,90,90,84,66,71,71,84,84,84,90,90,90,90,90,90,90,47],"gold":119,"neow_bonus":"NOSTALGIA","is_daily":false,"chose_seed":false,"campfire_upgraded":6,"win_rate":0.0,"timestamp":1609225572,"path_taken":["M","$","?","M","?","E","R","E","T","R","?","M","R","?","R","BOSS","M","?","M","$","?","E","?","E","T","M","R","?","R","E","R","BOSS","M","?","M","M","?","E","M","E","T","?","E","?","R","M","R","BOSS","R","$","E","BOSS"],"items_purchased_type":["Relic","Card","Relic","Relic","Card","Card","Card","Relic"],"build_version":"2020-12-22","purchased_purges":1,"victory":true,"max_hp_per_floor":[80,80,80,80,80,80,80,80,80,80,80,80,80,80,80,80,80,80,80,80,87,87,87,90,90,90,90,90,90,90,90,90,90,90,90,90,90,90,90,90,90,90,90,90,90,90,90,90,90,90,90,90,90,90,90],"relic_stats":{"Blood Vial":10,"counters":[26,121],"Shuriken":[13],"Bloody Idol":49,"Bronze Scales":[102],"Charon\u0027s Ashes":[867],"obtain_stats":[{"sneckomod:BlankCard":43,"halation:WeightlessCrab":23,"jedi:bottledfury":11,"Ancient Tea Set":25,"Burning Blood":0,"Blood Vial":29,"StuffTheSpire:HeavyRock":26,"Replay:Bottled Flurry":40,"Red Mask":44,"InkBottle":2,"BicycleWheel":5,"MerchantsRug":2,"Replay:M_StaffOfTheSnake":0,"aspiration:Nostalgia":0,"Quantum Egg":2,"Charon\u0027s Ashes":8,"energizedSpire:OgreHead":17,"keyreminder:keyreminder":8,"ReplayTheSpireMod:Shallot":6,"Shuriken":31,"Bloody Idol":29,"Bronze Scales":42,"halation:EternalFortune":24,"StuffTheSpire:CocoNut":21,"Bag of Marbles":54,"halation:AfternoonTea":45},{"sneckomod:BlankCard":21,"halation:WeightlessCrab":10,"jedi:bottledfury":4,"Ancient Tea Set":11,"Burning Blood":0,"Blood Vial":12,"StuffTheSpire:HeavyRock":11,"Replay:Bottled Flurry":19,"Red Mask":21,"InkBottle":1,"BicycleWheel":2,"MerchantsRug":1,"Replay:M_StaffOfTheSnake":0,"aspiration:Nostalgia":0,"Quantum Egg":1,"Charon\u0027s Ashes":4,"energizedSpire:OgreHead":7,"keyreminder:keyreminder":4,"ReplayTheSpireMod:Shallot":3,"Shuriken":13,"Bloody Idol":12,"Bronze Scales":21,"halation:EternalFortune":10,"StuffTheSpire:CocoNut":9,"Bag of Marbles":25,"halation:AfternoonTea":22},{"sneckomod:BlankCard":101,"halation:WeightlessCrab":58,"jedi:bottledfury":27,"Ancient Tea Set":62,"Burning Blood":0,"Blood Vial":64,"StuffTheSpire:HeavyRock":62,"Replay:Bottled Flurry":91,"Red Mask":101,"InkBottle":5,"BicycleWheel":12,"MerchantsRug":5,"Replay:M_StaffOfTheSnake":0,"aspiration:Nostalgia":0,"Quantum Egg":5,"Charon\u0027s Ashes":27,"energizedSpire:OgreHead":49,"keyreminder:keyreminder":27,"ReplayTheSpireMod:Shallot":21,"Shuriken":67,"Bloody Idol":64,"Bronze Scales":101,"halation:EternalFortune":58,"StuffTheSpire:CocoNut":55,"Bag of Marbles":116,"halation:AfternoonTea":106}],"Burning Blood":99,"InkBottle":[66]},"card_choices":[{"not_picked":["Shrug It Off","Outmaneuver"],"picked":"Metallicize","floor":1},{"not_picked":["Headbutt","StuffTheSpire:Slingshot","jedi:fear"],"picked":"SKIP","floor":4},{"not_picked":["Cleave","Entrench"],"picked":"Feel No Pain","floor":5},{"not_picked":["Shrug It Off","Rampage"],"picked":"MasterReality","floor":6},{"not_picked":["Dagger Throw","jedi:fear"],"picked":"Havoc","floor":8},{"not_picked":["Clothesline","StuffTheSpire:Slingshot","Acrobatics"],"picked":"SKIP","floor":12},{"not_picked":["Second Wind","Headbutt"],"picked":"Intimidate","floor":14},{"not_picked":["Berserk","hubris:StunningStrike"],"picked":"Corruption","floor":16},{"not_picked":["Dual Wield","Life Link+1","True Grit"],"picked":"SKIP","floor":18},{"not_picked":["Warcry","Heavy Blade+1"],"picked":"Absolvement","floor":20},{"not_picked":["Anger+1","Blood for Blood"],"picked":"Evolve","floor":23},{"not_picked":["Clash","Ghostly Armor"],"picked":"jedi:MakeshiftSword","floor":25},{"not_picked":["Body Slam","Anger"],"picked":"ReplayReversal","floor":27},{"not_picked":["Clothesline+1","Cleave"],"picked":"Berserk","floor":31},{"not_picked":["Double Tap","Demonic Infusion"],"picked":"Exhume","floor":33},{"not_picked":["Wild Strike+1","Flex"],"picked":"Inflame+1","floor":35},{"not_picked":["Sword Boomerang+1","StuffTheSpire:RockThrow"],"picked":"Havoc","floor":37},{"not_picked":["hubris:SharpeningStone","Replay:Undeath\u0027s Touch+1"],"picked":"Impervious","floor":38},{"not_picked":["Clothesline","Wild Strike+1"],"picked":"Dark Embrace+1","floor":39},{"not_picked":["hubris:SharpeningStone+1","Headbutt"],"picked":"Intimidate","floor":40},{"not_picked":["Thunderclap+1","Rampage+1","Anger"],"picked":"SKIP","floor":41},{"not_picked":["Rampage","Anger+1","Clothesline+1"],"picked":"SKIP","floor":42},{"not_picked":["jedi:collectorstrike","Heavy Blade+1","hubris:ReadiedAction+1"],"picked":"SKIP","floor":45},{"not_picked":["Secret Technique","Replay:SS_hec_4"],"picked":"StuffTheSpire:FreeRealEstate","floor":46},{"not_picked":["Deep Breath","Secret Weapon"],"picked":"Flash of Steel","floor":46},{"not_picked":["Thunderclap+1","True Grit+1","Rupture+1"],"picked":"SKIP","floor":48},{"not_picked":["Flex","ReplayTheSpireMod:Muscle Training"],"picked":"Iron Wave","floor":54}],"player_experience":611474,"relics_obtained":[{"floor":5,"key":"BicycleWheel"},{"floor":6,"key":"ReplayTheSpireMod:Shallot"},{"floor":8,"key":"Charon\u0027s Ashes"},{"floor":11,"key":"jedi:bottledfury"},{"floor":23,"key":"halation:WeightlessCrab"},{"floor":25,"key":"Ancient Tea Set"},{"floor":26,"key":"StuffTheSpire:HeavyRock"},{"floor":31,"key":"Shuriken"},{"floor":40,"key":"Replay:Bottled Flurry"},{"floor":42,"key":"Bronze Scales"},{"floor":43,"key":"sneckomod:BlankCard"},{"floor":45,"key":"halation:AfternoonTea"},{"floor":54,"key":"Bag of Marbles"}],"event_choices":[{"damage_healed":0,"gold_gain":75,"player_choice":"Gold","damage_taken":11,"max_hp_gain":0,"max_hp_loss":0,"event_name":"betterThird:BetterGoop","floor":3,"gold_loss":0},{"damage_healed":0,"gold_gain":0,"player_choice":" Idol Vial ","damage_taken":68,"relics_obtained":["Bloody Idol","Blood Vial"],"max_hp_gain":88,"max_hp_loss":20,"event_name":"betterAltar:BetterAltar","floor":29,"potions_obtained":[],"relics_lost":[],"gold_loss":0},{"damage_healed":0,"gold_gain":0,"player_choice":"Bought 2 Potions","damage_taken":0,"max_hp_gain":0,"max_hp_loss":0,"event_name":"The Woman in Blue","floor":36,"gold_loss":0},{"damage_healed":0,"gold_gain":0,"player_choice":"Paid","damage_taken":0,"relics_obtained":["Red Mask"],"max_hp_gain":0,"max_hp_loss":0,"event_name":"Tomb of Lord Red Mask","floor":44,"gold_loss":352},{"damage_healed":0,"gold_gain":3,"player_choice":"1","damage_taken":0,"max_hp_gain":0,"max_hp_loss":0,"event_name":"betterStone:BetterStone","floor":46,"gold_loss":0}],"is_beta":false,"boss_relics":[{"not_picked":["aspiration:BeakedSkillbook","hubris:Stopwatch"],"picked":"energizedSpire:OgreHead"},{"not_picked":["jedi:battlestandard","Snecko Eye","Abe\u0027s Treasure"]}],"items_purged_floors":[21],"is_endless":false,"potions_floor_spawned":[1,14,18,25,37,39,40,45,48],"ascension_level":1}}