{"host":"07ljfmttuzqopd7f","time":1609202669,"event":{"mods":["2.2 Compatiblity","BaseMod","Bestiary","Block Reminder","Colored Map","Colored Powertips","Hermit","Minty Spire (QoL Compilation)","Quick Restart","Rare Cards Sparkle","Relic Stats","StSLib"],"gold_per_floor":[110,126,138,32,47,47,107,142,166,183,183,218,150,164,164,266,266,276,276,291,291,14,43,43,73,73,83,83,83,83,83,83,186,186,202,37,37,51,66,95,165,177,200,200,200],"floor_reached":44,"playtime":1900,"items_purged":["Strike_B"],"score":884,"play_id":"e1ffc1ef-06d4-4fbc-b0d1-29d1deece6be","local_time":"20201228194429","is_ascension_mode":true,"campfire_choices":[{"data":"Sweeping Beam","floor":6,"key":"SMITH"},{"data":"Consume","floor":11,"key":"SMITH"},{"data":"Glacier","floor":15,"key":"SMITH"},{"floor":24,"key":"REST"},{"floor":28,"key":"REST"},{"data":"Buffer","floor":32,"key":"SMITH"}],"circlet_count":0,"master_deck":["Zap+1","Dualcast","Melter","Ball Lightning","Sweeping Beam+1","Self Repair","Undo","Cold Snap","Consume+1","Glacier+1","Sunder","Hologram","Electrodynamics","CurseOfTheBell","Buffer+1","Leap+1","Bite","Bite","Bite","Bite","Bite","Machine Learning","Melter","Hello World","Defragment","FTL+1","Defragment","Chaos+1","Skim"],"relics":["Runic Dome","Potion Belt","Akabeko","Anchor","Emotion Chip","Vajra","Calling Bell","InkBottle","Du-Vu Doll","Regal Pillow","Question Card","Dream Catcher","War Paint","Pandora\u0027s Box","Membership Card","Omamori","Kunai","Toy Ornithopter"],"acts_visited":["Exordium","TheCity","TheBeyond"],"potions_floor_usage":[7,7,12,16,16,23,33],"damage_taken":[{"damage":5,"enemies":"Small Slimes","floor":1,"turns":2},{"damage":0,"enemies":"Cultist","floor":2,"turns":4},{"damage":4,"enemies":"Jaw Worm","floor":3,"turns":3},{"damage":8,"enemies":"Exordium Wildlife","floor":5,"turns":3},{"damage":5,"enemies":"Lagavulin Event","floor":7,"turns":5},{"damage":16,"enemies":"3 Sentries","floor":8,"turns":6},{"damage":0,"enemies":"Lots of Slimes","floor":10,"turns":2},{"damage":4,"enemies":"Gremlin Nob","floor":12,"turns":4},{"damage":0,"enemies":"Exordium Thugs","floor":14,"turns":3},{"damage":22,"enemies":"The Guardian","floor":16,"turns":13},{"damage":26,"enemies":"Chosen","floor":18,"turns":5},{"damage":6,"enemies":"3 Byrds","floor":20,"turns":4},{"damage":35,"enemies":"Gremlin Leader","floor":23,"turns":8},{"damage":30,"enemies":"Slavers","floor":25,"turns":7},{"damage":6,"enemies":"Centurion and Healer","floor":27,"turns":5},{"damage":54,"enemies":"Collector","floor":33,"turns":11},{"damage":39,"enemies":"3 Darklings","floor":35,"turns":4},{"damage":0,"enemies":"3 Shapes","floor":38,"turns":5},{"damage":10,"enemies":"Sphere and 2 Shapes","floor":39,"turns":7},{"damage":30,"enemies":"Reptomancer","floor":40,"turns":8},{"damage":0,"enemies":"4 Shapes","floor":42,"turns":5},{"damage":75,"enemies":"3 Darklings","floor":44,"turns":5}],"seed_played":"8823062790389336938","potions_obtained":[{"floor":3,"key":"Weak Potion"},{"floor":5,"key":"PowerPotion"},{"floor":8,"key":"LiquidMemories"},{"floor":12,"key":"EssenceOfSteel"},{"floor":14,"key":"LiquidMemories"},{"floor":18,"key":"Explosive Potion"},{"floor":25,"key":"DuplicationPotion"},{"floor":33,"key":"Dexterity Potion"},{"floor":40,"key":"LiquidMemories"},{"floor":42,"key":"Dexterity Potion"}],"is_trial":false,"path_per_floor":["M","M","M","$","M","R","?","E","T","M","R","E","?","M","R","B",null,"M","?","M","?","$","E","R","E","T","M","R","?","?","$","R","B",null,"M","$","?","M","M","E","T","M","T","M"],"character_chosen":"DEFECT","items_purchased":["Self Repair","Undo","SpeedPotion","Regal Pillow","Membership Card","Defragment"],"campfire_rested":2,"item_purchase_floors":[4,4,22,22,36,36],"current_hp_per_floor":[63,63,59,59,58,58,60,51,51,51,51,54,54,61,61,46,68,44,44,47,47,47,21,58,37,37,40,75,75,75,75,75,46,68,44,44,44,57,64,48,48,65,65,0,0],"gold":200,"neow_bonus":"BOSS_RELIC","is_daily":false,"chose_seed":false,"campfire_upgraded":4,"win_rate":0.0,"timestamp":1609202669,"path_taken":["M","M","M","$","M","R","?","E","T","M","R","E","?","?","R","BOSS","M","?","M","?","?","E","R","E","T","?","R","?","?","$","R","BOSS","M","$","?","M","M","E","?","?","T","M"],"items_purchased_type":["Card","Card","Potion","Relic","Relic","Card"],"build_version":"2020-12-22","purchased_purges":1,"victory":false,"max_hp_per_floor":[75,75,75,75,75,75,75,75,75,75,75,75,75,75,75,75,75,75,75,75,75,75,75,75,75,75,75,75,75,75,75,75,75,75,75,75,75,75,75,75,75,75,75,75,75],"relic_stats":{"Emotion Chip":[43,24,19,0,0],"Regal Pillow":28,"Dream Catcher":1,"counters":[22,119],"Pandora\u0027s Box":["Melter","Hello World","Defragment"],"Kunai":[2],"War Paint":["Defend_B","Zap"],"Question Card":10,"obtain_stats":[{"Potion Belt":7,"Regal Pillow":22,"Vajra":13,"Omamori":40,"War Paint":26,"Question Card":23,"Akabeko":8,"Calling Bell":17,"Blood Vial":17,"Du-Vu Doll":17,"Runic Dome":0,"Anchor":9,"Emotion Chip":12,"Dream Catcher":25,"Pandora\u0027s Box":34,"Membership Card":36,"Kunai":41,"Cracked Core":0,"InkBottle":17,"Toy Ornithopter":43},{"Potion Belt":5,"Regal Pillow":12,"Vajra":8,"Omamori":20,"War Paint":14,"Question Card":13,"Akabeko":6,"Calling Bell":10,"Blood Vial":10,"Du-Vu Doll":10,"Runic Dome":0,"Anchor":6,"Emotion Chip":8,"Dream Catcher":14,"Pandora\u0027s Box":16,"Membership Card":17,"Kunai":20,"Cracked Core":0,"InkBottle":10,"Toy Ornithopter":21},{"Potion Belt":17,"Regal Pillow":54,"Vajra":29,"Omamori":109,"War Paint":69,"Question Card":62,"Akabeko":23,"Calling Bell":45,"Blood Vial":45,"Du-Vu Doll":45,"Runic Dome":0,"Anchor":23,"Emotion Chip":29,"Dream Catcher":69,"Pandora\u0027s Box":85,"Membership Card":89,"Kunai":109,"Cracked Core":0,"InkBottle":45,"Toy Ornithopter":114}],"InkBottle":[24],"Toy Ornithopter":0},"card_choices":[{"not_picked":["Streamline","Beam Cell"],"picked":"Melter","floor":1},{"not_picked":["Compile Driver","Steam"],"picked":"Ball Lightning","floor":2},{"not_picked":["Hologram","Turbo"],"picked":"Sweeping Beam","floor":3},{"not_picked":["Streamline","Turbo"],"picked":"Cold Snap","floor":5},{"not_picked":["Sweeping Beam","Heatsinks"],"picked":"Consume","floor":7},{"not_picked":["Blizzard","Redo"],"picked":"Glacier","floor":8},{"not_picked":["Ball Lightning","Thunder Strike"],"picked":"Sunder","floor":10},{"not_picked":["Undo","Sweeping Beam"],"picked":"Hologram","floor":12},{"not_picked":["Auto Shields","Stack","Sweeping Beam"],"picked":"SKIP","floor":14},{"not_picked":["Fission","Machine Learning"],"picked":"Electrodynamics","floor":16},{"not_picked":["Streamline","Redo","Conserve Battery"],"picked":"SKIP","floor":18},{"not_picked":["Rebound","Steam","Consume"],"picked":"SKIP","floor":20},{"not_picked":["Cold Snap+1","Steam","Stack"],"picked":"SKIP","floor":23},{"not_picked":["Turbo","Gash+1","Rebound"],"picked":"Buffer","floor":25},{"not_picked":["Barrage","Beam Cell","Chaos"],"picked":"Leap+1","floor":27},{"not_picked":["Core Surge","Reboot","Seek"],"picked":"Machine Learning","floor":33},{"not_picked":["Force Field+1","Cold Snap","Undo"],"picked":"FTL+1","floor":35},{"not_picked":["Genetic Algorithm","Undo+1","Force Field+1"],"picked":"Chaos+1","floor":38},{"not_picked":["Cold Snap","BootSequence+1","Self Repair","Genetic Algorithm+1"],"picked":"SKIP","floor":39},{"not_picked":["Fusion+1","Cold Snap+1","Electrodynamics"],"picked":"Skim","floor":40},{"not_picked":["Self Repair+1","Melter","Consume","Beam Cell+1"],"picked":"SKIP","floor":42}],"player_experience":426303,"relics_obtained":[{"floor":7,"key":"Potion Belt"},{"floor":8,"key":"Akabeko"},{"floor":9,"key":"Anchor"},{"floor":12,"key":"Emotion Chip"},{"floor":17,"key":"Blood Vial"},{"floor":17,"key":"InkBottle"},{"floor":17,"key":"Du-Vu Doll"},{"floor":23,"key":"Question Card"},{"floor":25,"key":"Dream Catcher"},{"floor":26,"key":"War Paint"},{"floor":40,"key":"Omamori"},{"floor":41,"key":"Kunai"},{"floor":43,"key":"Toy Ornithopter"}],"event_choices":[{"damage_healed":0,"gold_gain":0,"player_choice":"Searched \u00272\u0027 times","damage_taken":0,"max_hp_gain":0,"max_hp_loss":0,"event_name":"Dead Adventurer","floor":7,"gold_loss":0},{"damage_healed":0,"gold_gain":0,"player_choice":"Paid Gold","damage_taken":0,"relics_obtained":["Vajra"],"max_hp_gain":0,"max_hp_loss":0,"event_name":"WeMeetAgain","floor":13,"gold_loss":68},{"damage_healed":0,"gold_gain":0,"player_choice":"Smashed Altar","damage_taken":0,"max_hp_gain":0,"max_hp_loss":0,"event_name":"Forgotten Altar","floor":19,"gold_loss":0,"cards_obtained":["Decay"]},{"cards_removed":["Decay"],"damage_healed":0,"gold_gain":0,"player_choice":"Elegance","damage_taken":0,"max_hp_gain":0,"max_hp_loss":0,"event_name":"Back to Basics","floor":21,"gold_loss":0},{"damage_healed":0,"gold_gain":0,"player_choice":"Became a vampire (Vial)","damage_taken":0,"max_hp_gain":0,"max_hp_loss":0,"event_name":"Vampires","floor":29,"relics_lost":["Blood Vial"],"gold_loss":0,"cards_obtained":["Bite","Bite","Bite","Bite","Bite"]},{"cards_removed":["Defend_B"],"damage_healed":0,"gold_gain":0,"player_choice":"Purged","damage_taken":0,"max_hp_gain":0,"max_hp_loss":0,"event_name":"Purifier","floor":30,"gold_loss":0},{"damage_healed":0,"gold_gain":0,"player_choice":"Memory 1","damage_taken":0,"max_hp_gain":0,"max_hp_loss":0,"event_name":"SensoryStone","floor":37,"gold_loss":0}],"is_beta":false,"boss_relics":[{"not_picked":["Snecko Eye","Ectoplasm"],"picked":"Calling Bell"},{"not_picked":["SacredBark","Black Star"],"picked":"Pandora\u0027s Box"}],"items_purged_floors":[22],"is_endless":false,"potions_floor_spawned":[3,5,8,12,14,18,25,33,40,42],"killed_by":"3 Darklings","ascension_level":7}}