{"host":"9ylwqx3xq4e4v98b","time":1609277758,"event":{"mods":["AchievementEnabler","BaseMod","Colored Map","DeckTracker","Minty Spire (QoL Compilation)","Permanent Neow","StSLib","SuperFastMode","Td1madao Mod","The Animator"],"gold_per_floor":[111,111,111,127,127,140,155,155,208,208,219,219,219,234,234,234,234],"floor_reached":16,"playtime":1144,"items_purged":[],"score":92,"play_id":"686388e0-22de-4b4f-8cd1-de781480a4e6","local_time":"20201229133558","is_ascension_mode":false,"campfire_choices":[{"data":"Black Spear","floor":8,"key":"SMITH"},{"data":"Floating Swing Kick","floor":10,"key":"SMITH"},{"data":"Here Defend Chip","floor":13,"key":"SMITH"},{"data":"Provocative","floor":15,"key":"SMITH"}],"circlet_count":0,"master_deck":["Strike_C+1","Strike_C","Strike_C","Defend_C+1","Defend_C","Defend_C","Knight Kick","Chip","Floating Swing Kick+1","Perfect Defend+1","Sudden Beat","Black Spear+1","Here Defend Chip+1","Provocative+1"],"relics":["Apod"],"acts_visited":["Exordium"],"potions_floor_usage":[6,16,16],"damage_taken":[{"damage":1,"enemies":"2 Louse","floor":1,"turns":4},{"damage":0,"enemies":"Cultist","floor":4,"turns":4},{"damage":3,"enemies":"Small Slimes","floor":6,"turns":6},{"damage":2,"enemies":"3 Louse","floor":7,"turns":3},{"damage":8,"enemies":"Looter","floor":11,"turns":4},{"damage":8,"enemies":"Lots of Slimes","floor":14,"turns":5},{"damage":28,"enemies":"The Guardian","floor":16,"turns":5}],"seed_played":"-285388988289087649","potions_obtained":[{"floor":4,"key":"Weak Potion"},{"floor":7,"key":"Ancient Potion"},{"floor":11,"key":"Strength Potion"}],"is_trial":false,"path_per_floor":["M","?","?","M","?","M","M","R","T","R","M","?","R","M","R","B"],"character_chosen":"TD1MADAO_CLASS","items_purchased":[],"campfire_rested":0,"item_purchase_floors":[],"current_hp_per_floor":[69,62,48,48,48,45,43,43,43,43,35,35,35,27,27,0,0],"gold":234,"neow_bonus":"REMOVE_CARD","is_daily":false,"chose_seed":false,"campfire_upgraded":4,"win_rate":0.0,"timestamp":1609277758,"path_taken":["M","?","?","M","?","?","M","R","T","R","M","?","R","?","R","BOSS"],"items_purchased_type":[],"build_version":"2020-12-22","purchased_purges":0,"victory":false,"max_hp_per_floor":[70,70,70,70,70,70,70,70,70,70,70,70,70,70,70,70,70],"card_choices":[{"not_picked":["Sudden Beat","Oblique Hack"],"picked":"Floating Swing Kick","floor":1},{"not_picked":["Ruin Defend","Judgment"],"picked":"Perfect Defend","floor":4},{"not_picked":["Judgment","Fire Up"],"picked":"Sudden Beat","floor":6},{"not_picked":["Paralysis","Oblique Hack"],"picked":"Black Spear","floor":7},{"not_picked":["Lunge","Floating Even"],"picked":"Here Defend Chip","floor":11},{"not_picked":["Thunder Jump","Pod Laser"],"picked":"Provocative","floor":14}],"player_experience":187095,"relics_obtained":[],"event_choices":[{"cards_removed":["Strike_C"],"damage_healed":0,"gold_gain":0,"player_choice":"Card Removal","damage_taken":7,"max_hp_gain":0,"max_hp_loss":0,"event_name":"Golden Wing","floor":2,"gold_loss":0},{"damage_healed":0,"gold_gain":0,"player_choice":"Entered Light","damage_taken":14,"max_hp_gain":0,"max_hp_loss":0,"event_name":"Shining Light","floor":3,"gold_loss":0,"cards_upgraded":["Defend_C","Strike_C"]},{"damage_healed":0,"gold_gain":0,"player_choice":"Upgraded","damage_taken":0,"max_hp_gain":0,"max_hp_loss":0,"event_name":"Upgrade Shrine","floor":5,"gold_loss":0,"cards_upgraded":["Perfect Defend"]},{"damage_healed":0,"gold_gain":0,"player_choice":"Bought 0 Potions","damage_taken":0,"max_hp_gain":0,"max_hp_loss":0,"event_name":"The Woman in Blue","floor":12,"gold_loss":0}],"is_beta":false,"boss_relics":[],"items_purged_floors":[],"is_endless":false,"potions_floor_spawned":[4,7,11],"killed_by":"The Guardian","ascension_level":0}}