{"host":"y89x8uui45kcjy42","time":1609217672,"event":{"mods":["2.2 Compatiblity","BaseMod","CapriCore","Colored Map","Colored Powertips","Custom Start","Friendly Minions","Highlight Path","Keyboard Shortcuts","Minty Spire (QoL Compilation)","Relic Stats","Slay the Relics Exporter","StSLib","SuperFastMode","Waifu the Spire"],"gold_per_floor":[129,164,218,258,309,309,309,379,379,379,379,396,396,411,411,488,488,526,446,446],"floor_reached":19,"playtime":409,"items_purged":[],"score":326,"play_id":"978e9af5-d7a1-4b30-b9dc-94c7af1674fd","local_time":"20201229135432","is_ascension_mode":true,"campfire_choices":[{"data":"HandOfGreed","floor":6,"key":"SMITH"},{"data":"Fire Breathing","floor":11,"key":"SMITH"},{"data":"Inflame","floor":13,"key":"SMITH"},{"data":"Evolve","floor":15,"key":"SMITH"}],"circlet_count":0,"master_deck":["AscendersBane","Strike_R","Strike_R","Strike_R","Strike_R","Defend_R","Defend_R","Defend_R","Defend_R","Bash","HandOfGreed+1","Pummel","Evolve+1","Battle Trance","Fire Breathing+1","Inflame+1","Writhe","Reaper","Barricade","Shrug It Off"],"relics":["Burning Blood","Bag of Preparation","Sozu"],"acts_visited":["Exordium","TheCity"],"potions_floor_usage":[16],"damage_taken":[{"damage":6,"enemies":"Cultist","floor":1,"turns":3},{"damage":7,"enemies":"Jaw Worm","floor":2,"turns":3},{"damage":16,"enemies":"2 Louse","floor":3,"turns":7},{"damage":12,"enemies":"Looter","floor":4,"turns":3},{"damage":31,"enemies":"2 Fungi Beasts","floor":5,"turns":6},{"damage":28,"enemies":"3 Louse","floor":8,"turns":4},{"damage":22,"enemies":"Looter","floor":12,"turns":4},{"damage":24,"enemies":"Blue Slaver","floor":14,"turns":4},{"damage":28,"enemies":"Slime Boss","floor":16,"turns":5},{"damage":41,"enemies":"Shell Parasite","floor":18,"turns":4},{"damage":31,"enemies":"2 Thieves","floor":19,"turns":2}],"seed_played":"-6534497015381699691","potions_obtained":[{"floor":1,"key":"Weak Potion"},{"floor":2,"key":"SneckoOil"},{"floor":8,"key":"SpeedPotion"}],"is_trial":false,"path_per_floor":["M","M","M","M","M","R","?","M","T","?","R","M","R","M","R","B",null,"M","M"],"character_chosen":"IRONCLAD","items_purchased":[],"campfire_rested":0,"item_purchase_floors":[],"current_hp_per_floor":[50,49,39,33,8,8,1,53,53,53,53,43,43,32,32,10,59,24,0,0],"gold":446,"neow_bonus":"RANDOM_COLORLESS_2","is_daily":false,"chose_seed":false,"campfire_upgraded":4,"win_rate":0.0,"timestamp":1609217672,"path_taken":["M","M","M","M","M","R","?","M","T","?","R","M","R","?","R","BOSS","M","M"],"items_purchased_type":[],"build_version":"2020-12-22","purchased_purges":0,"victory":false,"max_hp_per_floor":[75,75,75,75,75,75,75,75,75,75,75,75,75,75,75,75,75,75,75,75],"relic_stats":{"Sozu":0,"counters":[11,45],"Bag of Preparation":[10],"obtain_stats":[{"Sozu":17,"Bag of Preparation":9,"Burning Blood":0},{"Sozu":9,"Bag of Preparation":6,"Burning Blood":0},{"Sozu":39,"Bag of Preparation":26,"Burning Blood":0}],"Burning Blood":60},"card_choices":[{"not_picked":["Apotheosis","Sadistic Nature"],"picked":"HandOfGreed","floor":0},{"not_picked":["Sword Boomerang","Wild Strike"],"picked":"Pummel","floor":1},{"not_picked":["Bloodletting","Sword Boomerang"],"picked":"Evolve","floor":2},{"not_picked":["Body Slam","Iron Wave","Havoc"],"picked":"SKIP","floor":3},{"not_picked":["Thunderclap","Reaper"],"picked":"Battle Trance","floor":4},{"not_picked":["Heavy Blade","Dual Wield"],"picked":"Fire Breathing","floor":5},{"not_picked":["Intimidate","Twin Strike"],"picked":"Inflame","floor":8},{"not_picked":["Flex","Pommel Strike","Inflame"],"picked":"SKIP","floor":12},{"not_picked":["Wild Strike","Evolve","Rampage"],"picked":"SKIP","floor":14},{"not_picked":["Bludgeon","Demon Form"],"picked":"Barricade","floor":16},{"not_picked":["Combust","Heavy Blade+1"],"picked":"Shrug It Off","floor":18}],"player_experience":524011,"relics_obtained":[{"floor":9,"key":"Bag of Preparation"}],"event_choices":[{"cards_removed":["Strike_R"],"damage_healed":0,"gold_gain":0,"player_choice":"Card Removal","damage_taken":7,"max_hp_gain":0,"max_hp_loss":0,"event_name":"Golden Wing","floor":7,"gold_loss":0},{"damage_healed":0,"gold_gain":0,"player_choice":"2 cards matched","damage_taken":0,"max_hp_gain":0,"max_hp_loss":0,"event_name":"Match and Keep!","floor":10,"gold_loss":0,"cards_obtained":["Writhe","Reaper"]}],"is_beta":false,"boss_relics":[{"not_picked":["Philosopher\u0027s Stone","Fusion Hammer"],"picked":"Sozu"}],"items_purged_floors":[],"is_endless":false,"potions_floor_spawned":[1,2,8,14],"killed_by":"2 Thieves","ascension_level":20}}