{"host":"by3dnjj711vo194a","time":1609260449,"event":{"mods":["2.2 Compatiblity","AchievementEnabler","BaseMod","Colored Map","DeckTracker","KOR Keyword Fix","Keyboard Shortcuts","Minty Spire (QoL Compilation)","Permanent Neow","Quick Restart","StSLib","SuperFastMode","everything is the same but u backflip on backflip"],"gold_per_floor":[117,117,117,136,67,98,98,123,168,168,196,196,196,210,210,306,306,321,173,193,208,308,337,352,352,376,403,403,423,423,423,423,523,523,542,558,558,558],"floor_reached":37,"playtime":1289,"items_purged":[],"score":585,"play_id":"9d321e68-5558-4b37-b5ad-d4ed0cb9cf6b","local_time":"20201230014729","is_ascension_mode":true,"campfire_choices":[{"data":"Armaments","floor":7.0,"key":"SMITH"},{"data":"Bash","floor":10.0,"key":"SMITH"},{"data":"Shrug It Off","floor":13.0,"key":"SMITH"},{"data":"Twin Strike","floor":15.0,"key":"SMITH"},{"floor":25.0,"key":"REST"},{"data":"Evolve","floor":28.0,"key":"SMITH"},{"floor":32.0,"key":"REST"}],"circlet_count":0,"master_deck":["Strike_R","Strike_R+1","Strike_R","Strike_R","Defend_R","Defend_R","Defend_R","Defend_R","Bash+1","Thunderclap+1","Armaments+1","Spot Weakness","Shrug It Off+1","Dual Wield","Twin Strike+1","Offering","Evolve+1","Barricade","Body Slam","Carnage","Heavy Blade","True Grit","Pommel Strike","Sentinel","Double Tap"],"relics":["Burning Blood","NeowsBlessing","Juzu Bracelet","Eternal Feather","Red Skull","Pear","Mark of Pain","Paper Frog","Orichalcum","Shuriken","NlothsMask","Busted Crown"],"acts_visited":["Exordium","TheCity","TheBeyond"],"potions_floor_usage":[33,33],"damage_taken":[{"damage":0.0,"enemies":"Cultist","floor":1.0,"turns":1.0},{"damage":0.0,"enemies":"Small Slimes","floor":4.0,"turns":1.0},{"damage":0.0,"enemies":"Lagavulin","floor":6.0,"turns":1.0},{"damage":24.0,"enemies":"Gremlin Nob","floor":8.0,"turns":4.0},{"damage":27.0,"enemies":"Lagavulin","floor":11.0,"turns":6.0},{"damage":11.0,"enemies":"Jaw Worm","floor":14.0,"turns":5.0},{"damage":61.0,"enemies":"Slime Boss","floor":16.0,"turns":10.0},{"damage":26.0,"enemies":"2 Thieves","floor":18.0,"turns":3.0},{"damage":27.0,"enemies":"Shell Parasite","floor":20.0,"turns":4.0},{"damage":22.0,"enemies":"Chosen and Byrds","floor":21.0,"turns":6.0},{"damage":13.0,"enemies":"Slavers","floor":23.0,"turns":2.0},{"damage":24.0,"enemies":"Centurion and Healer","floor":24.0,"turns":2.0},{"damage":30.0,"enemies":"Gremlin Leader","floor":27.0,"turns":6.0},{"damage":19.0,"enemies":"Cultist and Chosen","floor":29.0,"turns":4.0},{"damage":47,"enemies":"Collector","floor":33,"turns":7},{"damage":32,"enemies":"3 Shapes","floor":35,"turns":3},{"damage":45,"enemies":"3 Darklings","floor":36,"turns":6},{"damage":11,"enemies":"Spire Growth","floor":37,"turns":2}],"seed_played":"-1561768580363817772","potions_obtained":[{"floor":4.0,"key":"BloodPotion"},{"floor":11.0,"key":"Ancient Potion"},{"floor":16.0,"key":"Dexterity Potion"},{"floor":23.0,"key":"PowerPotion"},{"floor":24.0,"key":"Fire Potion"},{"floor":29.0,"key":"Weak Potion"},{"floor":36,"key":"Fire Potion"}],"is_trial":false,"path_per_floor":["M","?","?","M","$","E","R","E","T","R","E","?","R","M","R","B",null,"M","$","M","M","?","E","M","R","T","E","R","M","?","?","R","B",null,"M","M","M"],"character_chosen":"IRONCLAD","items_purchased":["Spot Weakness","Barricade"],"campfire_rested":2,"item_purchase_floors":[5,19],"current_hp_per_floor":[78,78,62,68,68,74,74,56,56,62,51,90,90,85,90,35,76,56,56,35,37,37,30,12,51,51,27,39,26,26,26,65,24,74,48,9,0,0],"gold":558,"neow_bonus":"THREE_ENEMY_KILL","is_daily":false,"chose_seed":false,"campfire_upgraded":5,"win_rate":0.0,"timestamp":1609260449,"path_taken":["M","?","?","?","?","E","R","E","T","R","E","?","R","M","R","BOSS","M","$","M","M","?","E","M","R","T","E","R","M","?","?","R","BOSS","M","M","M"],"items_purchased_type":["Card","Card"],"build_version":"2020-12-22","purchased_purges":0,"victory":false,"max_hp_per_floor":[80,80,80,80,80,80,80,80,80,80,90,90,90,90,90,90,90,90,90,90,90,90,90,90,90,90,90,90,90,90,90,90,90,90,90,90,90,90],"card_choices":[{"not_picked":["Flex","Sever Soul"],"picked":"Thunderclap","floor":1.0},{"not_picked":["Thunderclap","Clash"],"picked":"Armaments","floor":4.0},{"not_picked":["Rage","Iron Wave"],"picked":"Inflame","floor":6.0},{"not_picked":["Clothesline","Reckless Charge"],"picked":"Shrug It Off","floor":8.0},{"not_picked":["Thunderclap","Second Wind"],"picked":"Dual Wield","floor":11.0},{"not_picked":["Intimidate","Sword Boomerang"],"picked":"Twin Strike","floor":14.0},{"not_picked":["Bludgeon","Juggernaut"],"picked":"Offering","floor":16.0},{"not_picked":["Carnage","Armaments"],"picked":"Evolve","floor":18.0},{"not_picked":["Infernal Blade","Burning Pact"],"picked":"Body Slam","floor":20.0},{"not_picked":["Searing Blow","Warcry+1","Headbutt"],"picked":"SKIP","floor":21.0},{"not_picked":["Iron Wave+1","Thunderclap"],"picked":"Carnage","floor":23.0},{"not_picked":["Pummel","Armaments"],"picked":"Heavy Blade","floor":24.0},{"not_picked":["Carnage","Anger+1"],"picked":"True Grit","floor":27.0},{"not_picked":["Iron Wave","Dual Wield"],"picked":"Pommel Strike","floor":29.0},{"not_picked":["Exhume","Bludgeon"],"picked":"Double Tap","floor":33},{"not_picked":["Twin Strike+1"],"picked":"SKIP","floor":35},{"not_picked":["Flex"],"picked":"SKIP","floor":36}],"player_experience":143219,"relics_obtained":[{"floor":6.0,"key":"Juzu Bracelet"},{"floor":8.0,"key":"Eternal Feather"},{"floor":9.0,"key":"Red Skull"},{"floor":11.0,"key":"Pear"},{"floor":23.0,"key":"Paper Frog"},{"floor":26.0,"key":"Orichalcum"},{"floor":27.0,"key":"Shuriken"}],"event_choices":[{"cards_removed":["Strike_R"],"damage_healed":0.0,"max_hp_gain":0.0,"max_hp_loss":0.0,"gold_gain":0.0,"event_name":"Living Wall","player_choice":"Forget","floor":2.0,"gold_loss":0.0,"damage_taken":0.0},{"damage_healed":0.0,"max_hp_gain":0.0,"max_hp_loss":0.0,"gold_gain":0.0,"event_name":"Shining Light","player_choice":"Entered Light","floor":3.0,"gold_loss":0.0,"damage_taken":16.0,"cards_upgraded":["Thunderclap","Strike_R"]},{"cards_removed":["Inflame"],"damage_healed":39.0,"max_hp_gain":0.0,"max_hp_loss":0.0,"gold_gain":0.0,"event_name":"Bonfire Elementals","player_choice":"Offered Uncommon","floor":12.0,"gold_loss":0.0,"damage_taken":0.0},{"damage_healed":0.0,"max_hp_gain":0.0,"max_hp_loss":0.0,"gold_gain":100.0,"event_name":"Golden Shrine","player_choice":"Pray","floor":22.0,"gold_loss":0.0,"damage_taken":0.0},{"damage_healed":0.0,"max_hp_gain":0.0,"max_hp_loss":0.0,"gold_gain":0.0,"event_name":"FaceTrader","player_choice":"Trade","floor":30.0,"gold_loss":0.0,"damage_taken":0.0,"relics_obtained":["NlothsMask"]},{"damage_healed":0.0,"max_hp_gain":0.0,"max_hp_loss":0.0,"gold_gain":0.0,"event_name":"Match and Keep!","player_choice":"1 cards matched","floor":31.0,"gold_loss":0.0,"damage_taken":0.0,"cards_obtained":["Sentinel"]}],"is_beta":false,"boss_relics":[{"not_picked":["SacredBark","Empty Cage"],"picked":"Mark of Pain"},{"not_picked":["Velvet Choker","Runic Cube"],"picked":"Busted Crown"}],"items_purged_floors":[],"is_endless":false,"potions_floor_spawned":[4,11,16,18,23,24,29,36],"killed_by":"Spire Growth","ascension_level":6}}