{"host":"74rphcgmhz43g39u","time":1609219352,"event":{"mods":["Act Like it!","BaseMod","Colored Powertips","Gensokyo","Marisa£®ÏF”Í°°ƒß¿Ì…≥£©","Minty Spire (QoL Compilation)","Quick Restart","Reimu£®≤©¿ˆ¡È√Œ£©","Remilia£®¿Ÿ√◊¿Ú—«£©","StSLib"],"gold_per_floor":[114,125,125,50,65,65,90,90,115,135,135,153,153,181,181,181,181],"floor_reached":16,"playtime":308,"items_purged":["Strike_MRS"],"score":220,"play_id":"9423222b-a290-4c88-b434-3e31c5732fe1","local_time":"20201229132232","is_ascension_mode":true,"campfire_choices":[{"data":"MasterSpark","floor":6.0,"key":"SMITH"},{"data":"UpSweep","floor":8.0,"key":"SMITH"},{"data":"TreasureHunter","floor":11.0,"key":"SMITH"},{"data":"DragonMeteor","floor":15.0,"key":"SMITH"}],"circlet_count":0,"master_deck":["AscendersBane","Strike_MRS","Strike_MRS","Strike_MRS","Defend_MRS","Defend_MRS","Defend_MRS","Defend_MRS","MasterSpark+1","UpSweep+1","PowerUp","Acceleration","TreasureHunter+1","MeteoricShower","DragonMeteor+1"],"relics":["MiniHakkero","NeowsBlessing","FaceOfCleric","Art of War","Strawberry","Gremlin Horn"],"acts_visited":["Exordium"],"potions_floor_usage":[],"damage_taken":[{"damage":0.0,"enemies":"Small Slimes","floor":1.0,"turns":1.0},{"damage":0.0,"enemies":"Cultist","floor":2.0,"turns":1.0},{"damage":0.0,"enemies":"Jaw Worm","floor":5.0,"turns":1.0},{"damage":31.0,"enemies":"Gremlin Nob","floor":7.0,"turns":4.0},{"damage":8.0,"enemies":"Blue Slaver","floor":10.0,"turns":2.0},{"damage":2.0,"enemies":"Exordium Thugs","floor":12.0,"turns":3.0},{"damage":20.0,"enemies":"Lagavulin","floor":14.0,"turns":5.0},{"damage":0,"enemies":"Hexaghost","floor":16,"turns":1}],"seed_played":"4576506765435855892","potions_obtained":[{"floor":1.0,"key":"SneckoOil"},{"floor":2.0,"key":"Weak Potion"},{"floor":12.0,"key":"ColorlessPotion"},{"floor":14.0,"key":"GamblersBrew"}],"is_trial":false,"path_per_floor":["M","M","?","$","M","R","E","R","T","M","R","M","?","E","R","B"],"character_chosen":"MARISA","items_purchased":[],"campfire_rested":0,"item_purchase_floors":[],"current_hp_per_floor":[63,63,63,63,64,64,34,34,34,27,27,26,31,19,19,19,19],"gold":181,"neow_bonus":"THREE_ENEMY_KILL","is_daily":false,"chose_seed":false,"campfire_upgraded":4,"win_rate":0.0,"timestamp":1609219352,"path_taken":["M","M","?","?","?","R","E","R","T","M","R","M","?","E","R","BOSS"],"items_purchased_type":[],"build_version":"2020-12-22","purchased_purges":1,"victory":false,"max_hp_per_floor":[70,70,70,70,71,71,72,72,72,73,73,74,79,87,87,87,87],"card_choices":[{"not_picked":["MachineGunSpark","GravityBeat"],"picked":"PowerUp","floor":1.0},{"not_picked":["GravityBeat","LuminesStrike","DC"],"picked":"SKIP","floor":2.0},{"not_picked":["AsteroidBelt","PowerUp"],"picked":"Acceleration","floor":5.0},{"not_picked":["GalacticHalo","MachineGunSpark"],"picked":"TreasureHunter","floor":7.0},{"not_picked":["GravityBeat","OortCloud"],"picked":"MeteoricShower","floor":10.0},{"not_picked":["WitchLeyline","GravityBeat","SuperPerseids"],"picked":"SKIP","floor":12.0},{"not_picked":["GravityBeat","CasketOfStar"],"picked":"DragonMeteor","floor":14.0}],"player_experience":1067204,"relics_obtained":[{"floor":7.0,"key":"Art of War"},{"floor":14.0,"key":"Strawberry"},{"floor":14.0,"key":"Gremlin Horn"}],"event_choices":[{"damage_healed":0.0,"max_hp_gain":0.0,"max_hp_loss":0.0,"gold_gain":0.0,"event_name":"FaceTrader","player_choice":"Trade","floor":3.0,"gold_loss":0.0,"damage_taken":0.0,"relics_obtained":["FaceOfCleric"]},{"damage_healed":0.0,"max_hp_gain":5.0,"max_hp_loss":0.0,"gold_gain":0.0,"event_name":"Big Fish","player_choice":"Donut","floor":13.0,"gold_loss":0.0,"damage_taken":0.0}],"is_beta":false,"boss_relics":[],"items_purged_floors":[4],"is_endless":false,"potions_floor_spawned":[1,2,12,14],"killed_by":"Hexaghost","ascension_level":20}}