{"host":"4nqeo0vu1vuav7gg","time":1609265667,"event":{"mods":["AchievementEnabler","BaseMod","Block Reminder","Colored Map","Colored Powertips","Highlight Path","Minty Spire (QoL Compilation)","Quick Restart","Rare Cards Sparkle","Relic Relevance Reorder","StSLib"],"gold_per_floor":[109,128,3,23,23,23,48,58,58,85,104,104,114,37,37,109,109,129,129,148,148,50,50,50,50],"floor_reached":24,"playtime":981,"items_purged":["Strike_B"],"score":391,"play_id":"39f66643-f241-40c6-b4a8-e775b6e68365","local_time":"20201229191427","is_ascension_mode":true,"campfire_choices":[{"data":"Seek","floor":6.0,"key":"SMITH"},{"data":"Buffer","floor":12.0,"key":"SMITH"},{"data":"Defragment","floor":15.0,"key":"SMITH"},{"floor":23.0,"key":"REST"}],"circlet_count":0,"master_deck":["AscendersBane","Strike_B","Strike_B","Strike_B","Defend_B","Defend_B","Defend_B","Defend_B","Zap","Dualcast","Cold Snap","Buffer+1","Ball Lightning","Auto Shields","Cold Snap","Seek+1","Hyperbeam","Skim","Coolheaded","Ball Lightning","Defragment+1","Machine Learning","Buffer+1","Static Discharge+1","Bandage Up"],"relics":["Cracked Core","Letter Opener","NeowsBlessing","Singing Bowl","SlaversCollar","Matryoshka","MealTicket"],"acts_visited":["Exordium","TheCity"],"potions_floor_usage":[24],"damage_taken":[{"damage":0.0,"enemies":"Cultist","floor":1.0,"turns":1.0},{"damage":0.0,"enemies":"2 Louse","floor":2.0,"turns":1.0},{"damage":0.0,"enemies":"Small Slimes","floor":4.0,"turns":1.0},{"damage":17.0,"enemies":"3 Sentries","floor":7.0,"turns":7.0},{"damage":5.0,"enemies":"Exordium Wildlife","floor":8.0,"turns":4.0},{"damage":20.0,"enemies":"Gremlin Nob","floor":10.0,"turns":6.0},{"damage":0.0,"enemies":"3 Louse","floor":11.0,"turns":1.0},{"damage":6.0,"enemies":"Large Slime","floor":13.0,"turns":6.0},{"damage":3.0,"enemies":"Slime Boss","floor":16.0,"turns":10.0},{"damage":32.0,"enemies":"3 Byrds","floor":18.0,"turns":4.0},{"damage":4.0,"enemies":"Shell Parasite","floor":20.0,"turns":7.0},{"damage":76,"enemies":"Slavers","floor":24,"turns":4}],"seed_played":"-7576047853768204227","potions_obtained":[{"floor":1.0,"key":"FearPotion"},{"floor":11.0,"key":"Ancient Potion"},{"floor":16.0,"key":"Energy Potion"},{"floor":18.0,"key":"DuplicationPotion"}],"is_trial":false,"path_per_floor":["M","M","$","M","?","R","E","M","T","E","M","R","M","$","R","B",null,"M","?","M","?","$","R","E"],"character_chosen":"DEFECT","items_purchased":["Ball Lightning","Defragment","Bandage Up"],"campfire_rested":1,"item_purchase_floors":[3,14,22],"current_hp_per_floor":[64,64,64,64,64,64,47,42,42,22,24,24,18,33,33,30,62,32,32,28,28,43,65,0,0],"gold":50,"neow_bonus":"THREE_ENEMY_KILL","is_daily":false,"chose_seed":false,"campfire_upgraded":3,"win_rate":0.0,"timestamp":1609265667,"path_taken":["M","?","$","M","?","R","E","?","T","E","M","R","M","$","R","BOSS","M","?","?","?","$","R","E"],"items_purchased_type":["Card","Card","Card"],"build_version":"2020-12-22","purchased_purges":1,"victory":false,"max_hp_per_floor":[71,71,71,71,71,71,71,71,71,71,73,73,73,73,73,73,73,75,75,75,75,75,75,75,75],"card_choices":[{"not_picked":["Leap","Compile Driver"],"picked":"Cold Snap","floor":1.0},{"not_picked":["Streamline","Darkness"],"picked":"Buffer","floor":2.0},{"not_picked":["Sweeping Beam","Steam"],"picked":"Auto Shields","floor":4.0},{"not_picked":["Fusion","Doom and Gloom"],"picked":"Hyperbeam","floor":7.0},{"not_picked":["Stack","Force Field"],"picked":"Skim","floor":8.0},{"not_picked":["Turbo","Barrage"],"picked":"Coolheaded","floor":10.0},{"not_picked":["Consume","Reprogram","Compile Driver"],"picked":"Singing Bowl","floor":11.0},{"not_picked":["Turbo","Steam"],"picked":"Ball Lightning","floor":13.0},{"not_picked":["Meteor Strike","All For One"],"picked":"Machine Learning","floor":16.0},{"not_picked":["Compile Driver","Sweeping Beam","Turbo"],"picked":"Singing Bowl","floor":18.0},{"not_picked":["Coolheaded","Conserve Battery"],"picked":"Static Discharge+1","floor":20.0}],"player_experience":1035808,"relics_obtained":[{"floor":7.0,"key":"Matryoshka"},{"floor":9.0,"key":"Singing Bowl"},{"floor":9.0,"key":"Letter Opener"},{"floor":10.0,"key":"MealTicket"}],"event_choices":[{"damage_healed":0.0,"max_hp_gain":0.0,"max_hp_loss":0.0,"gold_gain":0.0,"event_name":"Match and Keep!","player_choice":"2 cards matched","floor":5.0,"gold_loss":0.0,"damage_taken":0.0,"cards_obtained":["Cold Snap","Seek"]},{"damage_healed":0.0,"max_hp_gain":0.0,"max_hp_loss":0.0,"gold_gain":0.0,"event_name":"Duplicator","player_choice":"Copied","floor":19.0,"gold_loss":0.0,"damage_taken":0.0,"cards_obtained":["Buffer"]},{"damage_healed":0.0,"max_hp_gain":0.0,"max_hp_loss":0.0,"gold_gain":0.0,"event_name":"Vampires","player_choice":"Ignored","floor":21.0,"gold_loss":0.0,"damage_taken":0.0}],"is_beta":false,"boss_relics":[{"not_picked":["Tiny House","Empty Cage"],"picked":"SlaversCollar"}],"items_purged_floors":[3],"is_endless":false,"potions_floor_spawned":[1,11,16,18,20],"killed_by":"Slavers","ascension_level":18}}