{"host":"hszimsrtxxc2k25w","time":1609200181,"event":{"mods":["AchievementEnabler","BaseMod","Colored Map","DeckTracker","Minty Spire (QoL Compilation)","Rare Cards Sparkle","SuperFastMode"],"gold_per_floor":[118,137,212,25,43,70,70,105,130,148,171,198,212,225,225,297,297,308,233,148,148,166,166,178,178,178],"floor_reached":25,"playtime":766,"items_purged":["Strike_R"],"score":426,"play_id":"08828a17-c2ae-423f-a45b-1bc57e74251c","local_time":"20201229090301","is_ascension_mode":true,"campfire_choices":[{"floor":7.0,"key":"REST"},{"data":"Offering","floor":15.0,"key":"SMITH"},{"floor":23.0,"key":"REST"}],"circlet_count":0,"master_deck":["AscendersBane","Strike_R","Strike_R","Strike_R","Defend_R","Defend_R","Defend_R","Defend_R","Bash","Madness","Armaments","Shrug It Off","Apotheosis","Body Slam","Offering+1","Ghostly Armor","Feel No Pain","Exhume","Entrench+1"],"relics":["Burning Blood","Art of War","Pen Nib","Blood Vial","Odd Mushroom","Nunchaku","Sozu","Toxic Egg 2"],"acts_visited":["Exordium","TheCity"],"potions_floor_usage":[],"damage_taken":[{"damage":6.0,"enemies":"Small Slimes","floor":1.0,"turns":4.0},{"damage":3.0,"enemies":"2 Louse","floor":2.0,"turns":4.0},{"damage":14.0,"enemies":"Jaw Worm","floor":5.0,"turns":5.0},{"damage":46.0,"enemies":"3 Sentries","floor":6.0,"turns":15.0},{"damage":14.0,"enemies":"Lagavulin","floor":8.0,"turns":5.0},{"damage":3.0,"enemies":"Looter","floor":10.0,"turns":3.0},{"damage":18.0,"enemies":"The Mushroom Lair","floor":11.0,"turns":6.0},{"damage":6.0,"enemies":"3 Louse","floor":13.0,"turns":2.0},{"damage":6.0,"enemies":"Red Slaver","floor":14.0,"turns":2.0},{"damage":16.0,"enemies":"Hexaghost","floor":16.0,"turns":9.0},{"damage":12.0,"enemies":"Chosen","floor":18.0,"turns":2.0},{"damage":12.0,"enemies":"Spheric Guardian","floor":22.0,"turns":4.0},{"damage":14.0,"enemies":"Centurion and Healer","floor":24.0,"turns":6.0},{"damage":31,"enemies":"Gremlin Leader","floor":25,"turns":4}],"seed_played":"8741207832429190909","potions_obtained":[{"floor":2.0,"key":"SkillPotion"},{"floor":5.0,"key":"EssenceOfSteel"},{"floor":8.0,"key":"DistilledChaos"},{"floor":13.0,"key":"AttackPotion"},{"floor":16.0,"key":"Energy Potion"}],"is_trial":false,"path_per_floor":["M","M","?","$","M","E","R","E","T","M","?","T","M","M","R","B",null,"M","$","?","?","M","R","M","E"],"character_chosen":"IRONCLAD","items_purchased":["Apotheosis"],"campfire_rested":2,"item_purchase_floors":[4],"current_hp_per_floor":[68,71,60,60,52,12,34,26,26,31,21,21,23,25,25,17,61,57,57,57,57,53,75,67,38,38],"gold":178,"neow_bonus":"RANDOM_COLORLESS","is_daily":false,"chose_seed":false,"campfire_upgraded":1,"win_rate":0.0,"timestamp":1609200181,"path_taken":["M","M","?","$","M","E","R","E","T","M","?","?","M","M","R","BOSS","M","$","?","?","M","R","?","E"],"items_purchased_type":["Card"],"build_version":"2020-12-22","purchased_purges":1,"victory":false,"max_hp_per_floor":[75,75,75,75,75,75,75,75,75,75,75,75,75,75,75,75,75,75,75,75,75,75,75,75,75,75],"card_choices":[{"not_picked":["Forethought","Dark Shackles"],"picked":"Madness","floor":0.0},{"not_picked":["Body Slam","Sword Boomerang"],"picked":"Armaments","floor":1.0},{"not_picked":["Heavy Blade","Whirlwind"],"picked":"Shrug It Off","floor":2.0},{"not_picked":["Entrench","Cleave"],"picked":"Body Slam","floor":5.0},{"not_picked":["Wild Strike","Flame Barrier"],"picked":"Offering","floor":6.0},{"not_picked":["Spot Weakness","Clash","Dropkick"],"picked":"SKIP","floor":8.0},{"not_picked":["Wild Strike","Clothesline","Flex"],"picked":"SKIP","floor":10.0},{"not_picked":["Sever Soul","Wild Strike"],"picked":"Ghostly Armor","floor":13.0},{"not_picked":["Warcry","Anger"],"picked":"Feel No Pain","floor":14.0},{"not_picked":["Reaper","Feed"],"picked":"Exhume","floor":16.0},{"not_picked":["Intimidate","Armaments","Reckless Charge"],"picked":"SKIP","floor":18.0},{"not_picked":["Body Slam","Perfected Strike","Sentinel+1"],"picked":"SKIP","floor":22.0},{"not_picked":["Flex+1","Wild Strike"],"picked":"Entrench+1","floor":24.0}],"player_experience":596561,"relics_obtained":[{"floor":6.0,"key":"Art of War"},{"floor":8.0,"key":"Pen Nib"},{"floor":9.0,"key":"Blood Vial"},{"floor":11.0,"key":"Odd Mushroom"},{"floor":12.0,"key":"Nunchaku"}],"event_choices":[{"damage_healed":0.0,"max_hp_gain":0.0,"max_hp_loss":0.0,"gold_gain":75.0,"event_name":"World of Goop","player_choice":"Gather Gold","floor":3.0,"gold_loss":0.0,"damage_taken":11.0},{"damage_healed":0.0,"max_hp_gain":0.0,"max_hp_loss":0.0,"gold_gain":0.0,"event_name":"Mushrooms","player_choice":"Fought Mushrooms","floor":11.0,"gold_loss":0.0,"damage_taken":0.0},{"damage_healed":0.0,"max_hp_gain":0.0,"max_hp_loss":0.0,"gold_gain":0.0,"event_name":"Addict","player_choice":"Obtained Relic","floor":20.0,"gold_loss":85.0,"damage_taken":0.0,"relics_obtained":["Toxic Egg 2"]},{"cards_removed":["Strike_R"],"damage_healed":0.0,"max_hp_gain":0.0,"max_hp_loss":0.0,"gold_gain":0.0,"event_name":"Wheel of Change","player_choice":"Card Removal","floor":21.0,"gold_loss":0.0,"damage_taken":0.0}],"is_beta":false,"boss_relics":[{"not_picked":["Cursed Key","SlaversCollar"],"picked":"Sozu"}],"items_purged_floors":[19],"is_endless":false,"potions_floor_spawned":[2,5,8,13,16],"killed_by":"Gremlin Leader","ascension_level":20}}