{"host":"h1l2j95f0ioyx0nx","time":1609226120,"event":{"mods":["BaseMod","BetterRewards","Gold Saver","Hubris","Minty Spire (QoL Compilation)","Spicy Shops","StSLib","The Dragon Tamer","The Hierophant","The Poker Player"],"gold_per_floor":[118,118,132,148,166,166,178,195,195,195,195,195,259,16,16,121,121,135,135,135,135,154,154,174,201,255,109,109,121,141,166,166,264,264,281,281,281,297,297,297,651,663,663,713,743,743,773,773,773,773,773,773],"floor_reached":50,"playtime":6839,"items_purged":[],"score":678,"play_id":"beabe523-93b1-435d-bcff-10d1d1470e8c","local_time":"20201229161520","is_ascension_mode":false,"metric_token":670,"campfire_choices":[{"data":"PokerPlayerMod:Overdeal","floor":6,"key":"SMITH"},{"floor":11,"key":"RECALL"},{"data":"PokerPlayerMod:Sharpen","floor":15,"key":"SMITH"},{"floor":23,"key":"REST"},{"floor":28,"key":"REST"},{"floor":32,"key":"REST"},{"floor":40,"key":"REST"},{"floor":49,"key":"REST"}],"circlet_count":0,"master_deck":["PokerPlayerMod:Diamond1","PokerPlayerMod:Diamond2","PokerPlayerMod:Diamond3","PokerPlayerMod:Diamond4","PokerPlayerMod:Diamond5","PokerPlayerMod:Spade2","PokerPlayerMod:Spade3","PokerPlayerMod:Spade4","PokerPlayerMod:Club1","PokerPlayerMod:Club2","PokerPlayerMod:Heart2","PokerPlayerMod:TrumpStrike","PokerPlayerMod:BadJoker","PokerPlayerMod:Mulligan","PokerPlayerMod:Diamond3","PokerPlayerMod:Raise","PokerPlayerMod:Heart6","PokerPlayerMod:Overdeal+1","PokerPlayerMod:Raise+1","PokerPlayerMod:MagicTrick","PokerPlayerMod:Spade8","PokerPlayerMod:Sharpen+1","PokerPlayerMod:TheDieIsCast","PokerPlayerMod:FillThePot+1","PokerPlayerMod:Manipulation+1","PokerPlayerMod:RiskyBet+1","PokerPlayerMod:Sharpen","PokerPlayerMod:Spade4","PokerPlayerMod:Spade3","PokerPlayerMod:Raise","PokerPlayerMod:Diamond10+","PokerPlayerMod:Diamond6","PokerPlayerMod:Club3","Chrysalis","Enlightenment","The Bomb","PokerPlayerMod:Configure+1","PokerPlayerMod:Extraction+1","PokerPlayerMod:JackOfSpades","PokerPlayerMod:SecondChance"],"relics":["PokerPlayerMod:DeckCase","hubris:Icosahedron","hubris:Towel","Sundial","Fusion Hammer","Juzu Bracelet","Smiling Mask","War Paint","Omamori","Sozu","Anchor","Old Coin","hubris:MysteriousPyramids","Girya","Question Card","Bronze Scales"],"acts_visited":["Exordium","TheCity","TheBeyond"],"potions_floor_usage":[22,25,47],"damage_taken":[{"damage":0,"enemies":"Small Slimes","floor":1,"turns":3},{"damage":4,"enemies":"Jaw Worm","floor":3,"turns":2},{"damage":0,"enemies":"2 Louse","floor":4,"turns":2},{"damage":0,"enemies":"2 Fungi Beasts","floor":5,"turns":2},{"damage":0,"enemies":"3 Louse","floor":7,"turns":1},{"damage":4,"enemies":"Large Slime","floor":8,"turns":3},{"damage":12,"enemies":"3 Sentries","floor":13,"turns":3},{"damage":0,"enemies":"Slime Boss","floor":16,"turns":3},{"damage":8,"enemies":"Shell Parasite","floor":18,"turns":3},{"damage":17,"enemies":"2 Thieves","floor":22,"turns":3},{"damage":0,"enemies":"Cultist and Chosen","floor":24,"turns":3},{"damage":9,"enemies":"Book of Stabbing","floor":25,"turns":3},{"damage":16,"enemies":"Sentry and Sphere","floor":29,"turns":4},{"damage":9,"enemies":"Centurion and Healer","floor":30,"turns":3},{"damage":10,"enemies":"Gremlin Leader","floor":31,"turns":4},{"damage":2,"enemies":"Automaton","floor":33,"turns":10},{"damage":0,"enemies":"3 Darklings","floor":35,"turns":4},{"damage":0,"enemies":"Orb Walker","floor":38,"turns":3},{"damage":23,"enemies":"2 Orb Walkers","floor":41,"turns":4},{"damage":25,"enemies":"Jaw Worm Horde","floor":42,"turns":6},{"damage":19,"enemies":"Mind Bloom Boss Battle","floor":44,"turns":4},{"damage":31,"enemies":"Reptomancer","floor":45,"turns":5},{"damage":64,"enemies":"Giant Head","floor":47,"turns":8},{"damage":67,"enemies":"hubris:GrandSnecko","floor":50,"turns":7}],"seed_played":"-2619532847894860838","potions_obtained":[{"floor":3,"key":"GamblersBrew"},{"floor":7,"key":"Regen Potion"},{"floor":8,"key":"AttackPotion"},{"floor":13,"key":"BlessingOfTheForge"},{"floor":22,"key":"DuplicationPotion"},{"floor":30,"key":"FearPotion"}],"is_trial":false,"path_per_floor":["M","?","M","M","M","R","M","M","T","?","R","?","?","$","R","B",null,"M","?","?","?","M","R","M","E","T","$","R","M","M","E","R","B",null,"M","?","?","M","?","R","?","M","T","?","E","?","E","?","R","B"],"character_chosen":"THE_POKER_PLAYER","items_purchased":["PokerPlayerMod:Sharpen","War Paint"],"campfire_rested":5,"item_purchase_floors":[14,27],"current_hp_per_floor":[57,62,62,62,62,62,62,60,60,60,60,60,48,48,48,62,62,58,47,47,52,42,62,67,67,67,67,67,66,66,56,67,67,67,67,67,67,67,57,67,44,37,37,48,32,35,11,11,32,0,0,0],"gold":773,"neow_bonus":"TEN_PERCENT_HP_BONUS","is_daily":false,"chose_seed":false,"campfire_upgraded":2,"win_rate":0.0,"timestamp":1609226120,"path_taken":["M","?","M","M","M","R","M","M","T","?","R","?","?","$","R","BOSS","M","?","?","?","M","R","?","E","T","$","R","M","M","E","R","BOSS","M","?","?","M","?","R","?","M","T","?","E","?","E","?","R","BOSS"],"items_purchased_type":["Card","Relic"],"build_version":"2020-12-22","purchased_purges":0,"victory":false,"max_hp_per_floor":[57,62,62,62,62,62,62,62,62,62,62,62,62,62,62,62,62,62,67,67,67,67,67,67,67,67,67,67,67,67,67,67,67,67,67,67,67,67,67,67,67,67,67,67,67,70,70,70,70,70,70,70],"card_choices":[{"not_picked":["PokerPlayerMod:DartThrow","PokerPlayerMod:SpadeStrike"],"picked":"PokerPlayerMod:Diamond3","floor":1},{"not_picked":["PokerPlayerMod:CardBurn","PokerPlayerMod:Spade4"],"picked":"PokerPlayerMod:Raise","floor":3},{"not_picked":["PokerPlayerMod:ClubDance","PokerPlayerMod:MagicTrick"],"picked":"PokerPlayerMod:Heart6","floor":4},{"not_picked":["PokerPlayerMod:Spade5","PokerPlayerMod:Spade4"],"picked":"PokerPlayerMod:Overdeal","floor":5},{"not_picked":["PokerPlayerMod:ClubStrike","PokerPlayerMod:Club2"],"picked":"PokerPlayerMod:Raise","floor":7},{"not_picked":["PokerPlayerMod:Club5","PokerPlayerMod:Heart5"],"picked":"PokerPlayerMod:MagicTrick","floor":8},{"not_picked":["PokerPlayerMod:MagicTrick","PokerPlayerMod:Heart3"],"picked":"PokerPlayerMod:Spade8","floor":13},{"not_picked":["PokerPlayerMod:SecretDealer","PokerPlayerMod:Spade8"],"picked":"PokerPlayerMod:TheDieIsCast","floor":16},{"not_picked":["PokerPlayerMod:Spade2","PokerPlayerMod:Trickery"],"picked":"PokerPlayerMod:FillThePot+1","floor":18},{"not_picked":["PokerPlayerMod:Heart5","PokerPlayerMod:Spade4"],"picked":"PokerPlayerMod:Manipulation+1","floor":22},{"not_picked":["PokerPlayerMod:Extraction+1","PokerPlayerMod:HiddenCard"],"picked":"PokerPlayerMod:RiskyBet","floor":24},{"not_picked":["PokerPlayerMod:Club3","PokerPlayerMod:CardBurn"],"picked":"PokerPlayerMod:Sharpen","floor":25},{"not_picked":["PokerPlayerMod:Club2","PokerPlayerMod:Heart2"],"picked":"PokerPlayerMod:Spade4","floor":29},{"not_picked":["PokerPlayerMod:Club5","PokerPlayerMod:Heart6"],"picked":"PokerPlayerMod:Spade3","floor":30},{"not_picked":["PokerPlayerMod:Club2","PokerPlayerMod:Diamond1"],"picked":"PokerPlayerMod:Raise","floor":31},{"not_picked":["PokerPlayerMod:Diamond7","PokerPlayerMod:ItsShowtime"],"picked":"PokerPlayerMod:Diamond10+","floor":33},{"not_picked":["PokerPlayerMod:Diamond4","PokerPlayerMod:Heart4"],"picked":"PokerPlayerMod:Diamond6","floor":35},{"not_picked":["PokerPlayerMod:Fold+1","PokerPlayerMod:Spade2"],"picked":"PokerPlayerMod:Club3","floor":38},{"not_picked":["Madness","Jack Of All Trades"],"picked":"Chrysalis","floor":39},{"not_picked":["Jack Of All Trades","Swift Strike"],"picked":"Enlightenment","floor":39},{"not_picked":["Good Instincts","Secret Technique"],"picked":"The Bomb","floor":39},{"not_picked":["PokerPlayerMod:DamnStraight","PokerPlayerMod:Diamond1"],"picked":"PokerPlayerMod:Configure+1","floor":41},{"not_picked":["PokerPlayerMod:Spade2","PokerPlayerMod:Fold"],"picked":"PokerPlayerMod:ClubsClub+1","floor":42},{"not_picked":["PokerPlayerMod:DamnStraight+1","PokerPlayerMod:Fold"],"picked":"PokerPlayerMod:Extraction+1","floor":44},{"not_picked":["PokerPlayerMod:Spade1","PokerPlayerMod:DamnStraight+1"],"picked":"PokerPlayerMod:JackOfSpades","floor":45},{"not_picked":["PokerPlayerMod:Trickery+1","PokerPlayerMod:JackOfSpades","PokerPlayerMod:HeartStrike+1"],"picked":"PokerPlayerMod:SecondChance","floor":47}],"player_experience":85521,"relics_obtained":[{"floor":25,"key":"Juzu Bracelet"},{"floor":26,"key":"Smiling Mask"},{"floor":31,"key":"Omamori"},{"floor":41,"key":"Old Coin"},{"floor":43,"key":"hubris:MysteriousPyramids"},{"floor":44,"key":"Girya"},{"floor":45,"key":"Question Card"},{"floor":47,"key":"Bronze Scales"}],"event_choices":[{"damage_healed":0,"gold_gain":0,"player_choice":"Donut","damage_taken":0,"max_hp_gain":5,"max_hp_loss":0,"event_name":"Big Fish","floor":2,"gold_loss":0},{"damage_healed":0,"gold_gain":0,"player_choice":"Searched \u00273\u0027 times","damage_taken":0,"relics_obtained":["Sundial"],"max_hp_gain":0,"max_hp_loss":0,"event_name":"Dead Adventurer","floor":13,"gold_loss":0},{"damage_healed":0,"gold_gain":0,"player_choice":"Shed Blood","damage_taken":16,"max_hp_gain":5,"max_hp_loss":0,"event_name":"Forgotten Altar","floor":19,"gold_loss":0},{"damage_healed":0,"gold_gain":0,"player_choice":"Ignored","damage_taken":0,"max_hp_gain":0,"max_hp_loss":0,"event_name":"Ghosts","floor":20,"gold_loss":0},{"cards_removed":["PokerPlayerMod:Spade1"],"damage_healed":5,"gold_gain":0,"player_choice":"Offered Special","damage_taken":0,"max_hp_gain":0,"max_hp_loss":0,"event_name":"Bonfire Elementals","floor":21,"gold_loss":0},{"damage_healed":0,"gold_gain":0,"player_choice":"Gave Potion","damage_taken":0,"relics_obtained":["Anchor"],"max_hp_gain":0,"max_hp_loss":0,"event_name":"WeMeetAgain","floor":36,"gold_loss":0},{"damage_healed":0,"gold_gain":0,"player_choice":"Ignored","damage_taken":0,"max_hp_gain":0,"max_hp_loss":0,"event_name":"Tomb of Lord Red Mask","floor":37,"gold_loss":0},{"damage_healed":0,"gold_gain":0,"player_choice":"Memory 3","damage_taken":10,"max_hp_gain":0,"max_hp_loss":0,"event_name":"SensoryStone","floor":39,"gold_loss":0},{"damage_healed":0,"gold_gain":0,"player_choice":"Fight","damage_taken":0,"max_hp_gain":0,"max_hp_loss":0,"event_name":"Mysterious Sphere","floor":41,"gold_loss":0},{"damage_healed":0,"gold_gain":0,"player_choice":"Fight","damage_taken":0,"max_hp_gain":0,"max_hp_loss":0,"event_name":"MindBloom","floor":44,"gold_loss":0},{"cards_removed":["PokerPlayerMod:ClubsClub"],"damage_healed":0,"gold_gain":0,"player_choice":"Removed Attack","damage_taken":0,"max_hp_gain":0,"max_hp_loss":0,"event_name":"Falling","floor":48,"gold_loss":0}],"is_beta":false,"boss_relics":[{"not_picked":["hubris:RunicObelisk","hubris:ScarierMask"],"picked":"Fusion Hammer"},{"not_picked":["hubris:VirtuousBlindfold","Busted Crown"],"picked":"Sozu"}],"items_purged_floors":[],"is_endless":false,"potions_floor_spawned":[3,7,8,13,18,22,30,31,35,38,44,47],"killed_by":"hubris:GrandSnecko","ascension_level":0}}