{"host":"f0dbpmn0khgeoqc0","time":1609226278,"event":{"mods":["2.2 Compatiblity","AchievementEnabler","Act Like it!","Ascension Unlocker","Aspiration","BaseMod","Better Altar","Better Match","Better Sensory Stone","Better Skull","Better Third Choice","BetterRewards","Block Reminder","Colored Map","Colored Powertips","Conspire","DNKmod","Disable Question Mark Monsters","Displayed Cursed Tome","Downfall","Friendly Minions","Hermit","Highlight Path","Humility","Infinite Spire","Jorbs\u0027s Wanderer Trilogy","Koishi","Marisa????????","Minty Spire (QoL Compilation)","MostiFishMod","Permanent Neow","Random Character Button","Relic Filter","Relic Stats","Spicy Shops","StSLib","Td1madao Mod","The Gatherer","Treasure Hunter","Wandering Minibosses","??????REMEMod"],"gold_per_floor":[118,136,153,26,26,56,56,76,100,136,136,152,177,204,216,327,339,368,295,505,517,105,85,85,85],"floor_reached":23,"playtime":1558,"items_purged":["Shame"],"score":248,"play_id":"9e86a64c-c0a0-406f-b878-ff1e38a04797","local_time":"20201229021758","is_ascension_mode":true,"campfire_choices":[{"data":"Slimebound:Split","floor":7,"key":"SMITH"},{"data":"Slimebound:ForwardTackle","floor":11,"key":"SMITH"},{"data":"Slimebound:Equalize","floor":15,"key":"SMITH"}],"circlet_count":0,"master_deck":["Slimebound:Strike_Slimebound","Slimebound:Strike_Slimebound","Slimebound:Strike_Slimebound","Slimebound:Tackle","Slimebound:Defend_Slimebound","Slimebound:Defend_Slimebound","Slimebound:Defend_Slimebound","Slimebound:Defend_Slimebound","Slimebound:Split+1","Slimebound:CorrosiveSpit","REME_ACTH","Slimebound:RejuvenatingLick","Slimebound:SplitBruiser","Slimebound:LeechingTouch","Slimebound:SplitMire","TH:CopperCoins","Slimebound:SlimeTap","Slimebound:GoopSpray","TH:CursedSword","TH:CursedSword","Slimebound:ForwardTackle+1","Slimebound:PressTheAttack","TH:CursedSword","Slimebound:OneTwoCombo","Slimebound:Equalize+1","TH:DeckOfManyThings","Slimebound:RallyTheTroops","Slimebound:PressTheAttack","Slimebound:SplitAcid","expansioncontent:DecasProtection","Slimebound:Equalize"],"relics":["Slimebound:AbsorbEndCombat","DaveBox","REME_ComplimentaryCards","Chemical X","conspire:InfiniteJournal","SynthV:TestCard","conspire:TopHat","aspiration:SeaSaltIceCream","aspiration:Nostalgia","hexamod:SpiritBrand","Toy Ornithopter","Ancient Tea Set","MawBank","ShadowXiaoBlade","infinitespire:FocusingShard","Blood Vial"],"acts_visited":["Exordium","TheCity"],"potions_floor_usage":[6,10,16,16,20],"damage_taken":[{"damage":4,"enemies":"2 Louse","floor":1,"turns":2},{"damage":12,"enemies":"Small Slimes","floor":2,"turns":2},{"damage":13,"enemies":"Jaw Worm","floor":3,"turns":2},{"damage":23,"enemies":"3 Sentries","floor":6,"turns":6},{"damage":22,"enemies":"Large Slime","floor":8,"turns":4},{"damage":24,"enemies":"Lagavulin","floor":10,"turns":6},{"damage":15,"enemies":"2 Fungi Beasts","floor":12,"turns":3},{"damage":33,"enemies":"Gremlin Nob","floor":13,"turns":3},{"damage":18,"enemies":"Exordium Thugs","floor":14,"turns":3},{"damage":53,"enemies":"The Guardian","floor":16,"turns":8},{"damage":11,"enemies":"3 Byrds","floor":18,"turns":3},{"damage":56,"enemies":"Spheric Guardian","floor":20,"turns":5},{"damage":49,"enemies":"Gremlin Leader","floor":23,"turns":2}],"seed_played":"2746164068406120204","potions_obtained":[{"floor":1,"key":"DistilledChaos"},{"floor":2,"key":"ColorlessPotion"},{"floor":6,"key":"LiquidBronze"},{"floor":8,"key":"SteroidPotion"},{"floor":12,"key":"Weak Potion"},{"floor":16,"key":"sneckomod:MuddlingPotion"},{"floor":18,"key":"ColorlessPotion"}],"is_trial":false,"path_per_floor":["M","M","M","$","?","E","R","M","T","E","R","M","E","M","R","B",null,"M","?","M","?","$","E"],"character_chosen":"SLIMEBOUND","items_purchased":["Slimebound:SplitMire","conspire:TopHat","expansioncontent:DecasProtection","Slimebound:Equalize","Blood Vial"],"campfire_rested":0,"item_purchase_floors":[4,4,22,22,22],"current_hp_per_floor":[46,44,43,43,43,36,36,42,42,59,59,51,26,34,34,29,60,60,60,43,43,43,0,0,0],"gold":85,"neow_bonus":"ONE_RARE_RELIC","is_daily":false,"chose_seed":false,"campfire_upgraded":3,"win_rate":0.0,"timestamp":1609226278,"path_taken":["M","M","M","$","?","E","R","M","T","E","R","M","E","M","R","BOSS","M","?","M","?","$","E"],"items_purchased_type":["Card","Relic","Card","Card","Relic"],"build_version":"2020-12-22","purchased_purges":1,"victory":false,"max_hp_per_floor":[60,60,60,60,60,60,60,60,60,60,60,60,60,60,60,60,60,60,60,60,60,60,60,60,60],"relic_stats":{"Blood Vial":2,"counters":[13,47],"Chemical X":[0],"MawBank":108,"obtain_stats":[{"DaveBox":0,"aspiration:Nostalgia":6,"ShadowXiaoBlade":17,"infinitespire:FocusingShard":19,"aspiration:SeaSaltIceCream":6,"Ancient Tea Set":10,"MawBank":13,"conspire:TopHat":4,"conspire:InfiniteJournal":0,"Blood Vial":22,"SynthV:TestCard":1,"Slimebound:AbsorbEndCombat":0,"Chemical X":0,"hexamod:SpiritBrand":6,"Toy Ornithopter":9,"REME_ComplimentaryCards":0},{"DaveBox":0,"aspiration:Nostalgia":4,"ShadowXiaoBlade":10,"infinitespire:FocusingShard":11,"aspiration:SeaSaltIceCream":4,"Ancient Tea Set":6,"MawBank":8,"conspire:TopHat":3,"conspire:InfiniteJournal":0,"Blood Vial":12,"SynthV:TestCard":1,"Slimebound:AbsorbEndCombat":0,"Chemical X":0,"hexamod:SpiritBrand":4,"Toy Ornithopter":5,"REME_ComplimentaryCards":0},{"DaveBox":0,"aspiration:Nostalgia":11,"ShadowXiaoBlade":37,"infinitespire:FocusingShard":40,"aspiration:SeaSaltIceCream":11,"Ancient Tea Set":20,"MawBank":26,"conspire:TopHat":6,"conspire:InfiniteJournal":0,"Blood Vial":45,"SynthV:TestCard":2,"Slimebound:AbsorbEndCombat":0,"Chemical X":0,"hexamod:SpiritBrand":11,"Toy Ornithopter":15,"REME_ComplimentaryCards":0}],"Toy Ornithopter":20},"card_choices":[{"not_picked":["Slimebound:PressTheAttack","Slimebound:FinishingTackle"],"picked":"Slimebound:RejuvenatingLick","floor":1},{"not_picked":["Slimebound:Grow","Slimebound:ViciousTackle","Slimebound:GrowthPunch","Slimebound:SpikyOuterGoop"],"picked":"Slimebound:SplitBruiser","floor":2},{"not_picked":["Slimebound:Grow","Slimebound:SlimeTap","Slimebound:LeechEnergy","Slimebound:RainOfGoop"],"picked":"Slimebound:LeechingTouch","floor":3},{"not_picked":["TH:TreasureMap","TH:Mimic","TH:EnergyPotion"],"picked":"TH:CopperCoins","floor":6},{"not_picked":["Slimebound:SplitLeeching","Slimebound:LivingWall","Slimebound:DouseInSlime","Slimebound:RainOfGoop"],"picked":"Slimebound:SlimeTap","floor":6},{"not_picked":["Slimebound:ComboTackle","Slimebound:SlimeTap","Slimebound:HauntingLick","Slimebound:Equalize"],"picked":"Slimebound:GoopSpray","floor":8},{"not_picked":["TH:EnergyPotion","TH:Mimic","TH:ArmorSpikes"],"picked":"TH:CursedSword","floor":9},{"not_picked":["TH:Mimic","TH:ArmorSpikes","TH:ElvenBoots"],"picked":"TH:CursedSword","floor":10},{"not_picked":["Slimebound:Chomp","Slimebound:GoopSpray","Slimebound:GrowthPunch","Slimebound:ItLooksTasty"],"picked":"Slimebound:ForwardTackle","floor":10},{"not_picked":["Slimebound:Schlurp","Slimebound:SplitLeeching","Slimebound:CheckThePlaybook","Slimebound:SlimeSpikes"],"picked":"Slimebound:PressTheAttack","floor":12},{"not_picked":["TH:PixieDust","TH:EnergyPotion","TH:TreasureMap"],"picked":"TH:CursedSword","floor":13},{"not_picked":["Slimebound:Nibble","Slimebound:DivideAndConquer","Slimebound:Prepare","Slimebound:BestDefense"],"picked":"Slimebound:OneTwoCombo","floor":13},{"not_picked":["Slimebound:LeechingTouch","Slimebound:GoopSpray","Slimebound:PressTheAttack","Slimebound:ComboTackle"],"picked":"Slimebound:Equalize","floor":14},{"not_picked":["TH:ArmorSpikes","TH:Mimic","TH:EnergyPotion"],"picked":"TH:DeckOfManyThings","floor":16},{"not_picked":["Slimebound:DuplicatedForm","Slimebound:WasteNot","Slimebound:DouseInSlime","Slimebound:LeechLife"],"picked":"Slimebound:RallyTheTroops","floor":16},{"not_picked":["Slimebound:ServeAndProtect","Slimebound:ComboTackle","Slimebound:LeechEnergy","Slimebound:SplitBruiser"],"picked":"Slimebound:PressTheAttack","floor":18},{"not_picked":["Slimebound:RollThrough+1","Slimebound:SlimeTap+1","Slimebound:BestDefense","Slimebound:LeechEnergy"],"picked":"Slimebound:SplitAcid","floor":20}],"player_experience":527954,"relics_obtained":[{"floor":1,"key":"SynthV:TestCard"},{"floor":6,"key":"aspiration:SeaSaltIceCream"},{"floor":9,"key":"Toy Ornithopter"},{"floor":10,"key":"Ancient Tea Set"},{"floor":13,"key":"MawBank"}],"event_choices":[{"damage_healed":0,"gold_gain":0,"player_choice":"Disagree","damage_taken":0,"max_hp_gain":0,"max_hp_loss":0,"event_name":"conspire:LoneGhost","floor":5,"gold_loss":0},{"damage_healed":0,"gold_gain":0,"player_choice":"Obtained Relic","damage_taken":0,"relics_obtained":["infinitespire:FocusingShard"],"max_hp_gain":0,"max_hp_loss":0,"event_name":"Addict","floor":19,"gold_loss":85}],"is_beta":false,"boss_relics":[{"not_picked":["conspire:SeveredTorchhead","RhineSuit"],"picked":"ShadowXiaoBlade"}],"items_purged_floors":[22],"is_endless":false,"potions_floor_spawned":[1,2,6,8,12,16,18],"killed_by":"Gremlin Leader","ascension_level":1}}