{"host":"egwexuw5uvnxf11j","time":1609213088,"event":{"mods":["2.2 Compatiblity","Aspiration","BaseMod","Better Altar","Better Note","Better Sensory Stone","Better Third Choice","Displayed Cursed Tome","Downfall","Hermit","Key Reminder","Koishi","Marisa????????","Minty Spire (QoL Compilation)","Quick Restart","Shade Mod","Spicy Shops","StSLib","The Construct","The Cursed","The Hierophant","The Runesmith","The Senshi","The Servant 0.9.4","Transform Curses"],"gold_per_floor":[96,171,121,121,28,39,39,39,39,39,39,54,71,61,61],"floor_reached":14,"playtime":385,"items_purged":[],"score":108,"play_id":"e15cede8-024e-45ff-a5e4-233b61ea53b5","local_time":"20201228223808","is_ascension_mode":true,"campfire_choices":[{"floor":7,"key":"REST"},{"floor":10,"key":"REST"}],"circlet_count":0,"master_deck":["hierophant:Strike_Hierophant+1","hierophant:Strike_Hierophant+1","hierophant:Strike_Hierophant","hierophant:Strike_Hierophant","hierophant:Punish","hierophant:Defend_Hierophant","hierophant:Defend_Hierophant","hierophant:Defend_Hierophant","hierophant:ChurchCoffers","hierophant:ThreeLashes","hierophant:Sermon","hierophant:Community","hierophant:Martyrdom+1","hierophant:Purify","hierophant:ThreeLashes"],"relics":["hierophant:PropheticMaskRelic","aspiration:SeaSaltIceCream","Whetstone","Torii","Centennial Puzzle"],"acts_visited":["Exordium"],"potions_floor_usage":[12,14],"damage_taken":[{"damage":2,"enemies":"Small Slimes","floor":1,"turns":2},{"damage":43,"enemies":"Gremlin Nob","floor":6,"turns":5},{"damage":48,"enemies":"Lagavulin","floor":12,"turns":6},{"damage":2,"enemies":"Jaw Worm","floor":13,"turns":3},{"damage":27,"enemies":"3 Sentries","floor":14,"turns":3}],"seed_played":"5681630547985526014","potions_obtained":[{"floor":6,"key":"Dexterity Potion"},{"floor":12,"key":"LiquidMemories"}],"is_trial":false,"path_per_floor":["M","?","?","?","$","E","R","?","T","R","$","E","M","E"],"character_chosen":"HIEROPHANT","items_purchased":["hierophant:Sermon","hierophant:Community"],"campfire_rested":2,"item_purchase_floors":[5,5],"current_hp_per_floor":[80,69,69,69,69,26,50,50,50,74,74,26,24,0,0],"gold":61,"neow_bonus":"TEN_PERCENT_HP_BONUS","is_daily":false,"chose_seed":false,"campfire_upgraded":0,"win_rate":0.0,"timestamp":1609213088,"path_taken":["M","?","?","?","?","E","R","?","T","R","?","E","M","E"],"items_purchased_type":["Card","Card"],"build_version":"2020-12-22","purchased_purges":0,"victory":false,"max_hp_per_floor":[82,82,82,82,82,82,82,82,82,82,82,82,82,82,82],"card_choices":[{"not_picked":["hierophant:Remorse","hierophant:PassingBell"],"picked":"hierophant:ThreeLashes","floor":1},{"not_picked":["hierophant:FieryStrike","hierophant:Doubloon"],"picked":"hierophant:Martyrdom","floor":6},{"not_picked":["hierophant:Blessing","hierophant:Sermon"],"picked":"hierophant:Purify","floor":12},{"not_picked":["hierophant:AuricBeam","hierophant:DisplayOfPower"],"picked":"hierophant:ThreeLashes","floor":13}],"player_experience":2101887,"relics_obtained":[{"floor":6,"key":"aspiration:SeaSaltIceCream"},{"floor":9,"key":"Torii"},{"floor":12,"key":"Centennial Puzzle"}],"event_choices":[{"damage_healed":0,"gold_gain":75,"player_choice":"Gold","damage_taken":11,"max_hp_gain":0,"max_hp_loss":0,"event_name":"betterThird:BetterGoop","floor":2,"gold_loss":0},{"cards_removed":["hierophant:Defend_Hierophant"],"damage_healed":0,"gold_gain":0,"player_choice":"Card Removal","damage_taken":0,"max_hp_gain":0,"max_hp_loss":0,"event_name":"The Cleric","floor":3,"gold_loss":50},{"damage_healed":0,"gold_gain":0,"player_choice":"Ignored","damage_taken":0,"max_hp_gain":0,"max_hp_loss":0,"event_name":"Golden Wing","floor":4,"gold_loss":0},{"damage_healed":0,"gold_gain":0,"player_choice":"Grow","damage_taken":0,"max_hp_gain":0,"max_hp_loss":0,"event_name":"Living Wall","floor":8,"gold_loss":0,"cards_upgraded":["hierophant:Martyrdom"]}],"is_beta":false,"boss_relics":[],"items_purged_floors":[],"is_endless":false,"potions_floor_spawned":[6,12],"killed_by":"3 Sentries","ascension_level":3}}