{"host":"2no1vwhhkhf0ohz3","time":1609259621,"event":{"mods":["AchievementEnabler","BaseMod","Colored Map","DeckTracker","Keyboard Shortcuts","Minty Spire (QoL Compilation)","Relic Stats","SuperFastMode"],"gold_per_floor":[117,117,117,137,137,175,175,175,175,196,212,212,226,240,240,368,368,384,281,294,294,317,317,317,317,391,412,425,425,440,463,463,582,582,606,624,182,195,209,209,227,227,227,75,89,157,220,19,19,19,19],"floor_reached":50,"playtime":1497,"items_purged":["Strike_B","Strike_B"],"score":599,"play_id":"ab97dec3-2d1f-4d58-b8c5-04e3ddbb7470","local_time":"20201230013341","is_ascension_mode":true,"campfire_choices":[{"data":"Sunder","floor":12,"key":"SMITH"},{"data":"Hologram","floor":15,"key":"SMITH"},{"data":"Coolheaded","floor":23,"key":"SMITH"},{"floor":25,"key":"REST"},{"floor":29,"key":"REST"},{"data":"Buffer","floor":32,"key":"SMITH"},{"data":"Reboot","floor":40,"key":"SMITH"},{"data":"Reboot","floor":42,"key":"SMITH"},{"data":"Hologram","floor":49,"key":"SMITH"}],"circlet_count":0,"master_deck":["Strike_B+1","Defend_B","Defend_B","Defend_B","Zap","Dualcast","Gash+1","Hologram+1","Self Repair","Sunder+1","Gash","Gash","Reboot+1","Go for the Eyes","Coolheaded+1","Hologram+1","Streamline","BootSequence","Coolheaded","Beam Cell+1","Buffer+1","Reboot+1","Aggregate+1","Undo+1","Conserve Battery","Rebound+1","Glacier+1","Electrodynamics","Apotheosis+1","Skim+1","Chill+1","Coolheaded+1","Leap+1","Coolheaded+1"],"relics":["Cracked Core","NeowsBlessing","Golden Idol","Bag of Marbles","The Courier","Matryoshka","Nunchaku","Whetstone","Black Star","Nilry\u0027s Codex","Strawberry","Question Card","Nuclear Battery","HandDrill","Toxic Egg 2","Pear","Prayer Wheel","Mango","ClockworkSouvenir"],"acts_visited":["Exordium","TheCity","TheBeyond"],"potions_floor_usage":[16,33,33,50,50],"damage_taken":[{"damage":0,"enemies":"2 Louse","floor":1,"turns":1},{"damage":0,"enemies":"Jaw Worm","floor":4,"turns":1},{"damage":0,"enemies":"Gremlin Nob","floor":6,"turns":1},{"damage":2,"enemies":"Small Slimes","floor":10,"turns":2},{"damage":1,"enemies":"3 Louse","floor":11,"turns":3},{"damage":4,"enemies":"2 Fungi Beasts","floor":13,"turns":2},{"damage":0,"enemies":"Exordium Thugs","floor":14,"turns":3},{"damage":0,"enemies":"Slime Boss","floor":16,"turns":7},{"damage":10,"enemies":"Chosen","floor":18,"turns":3},{"damage":22,"enemies":"3 Byrds","floor":20,"turns":5},{"damage":20,"enemies":"Snake Plant","floor":22,"turns":4},{"damage":10,"enemies":"Cultist and Chosen","floor":27,"turns":5},{"damage":31,"enemies":"Sentry and Sphere","floor":28,"turns":6},{"damage":11,"enemies":"Chosen and Byrds","floor":30,"turns":5},{"damage":3,"enemies":"Cultist and Chosen","floor":31,"turns":4},{"damage":30,"enemies":"Automaton","floor":33,"turns":11},{"damage":0,"enemies":"Orb Walker","floor":35,"turns":4},{"damage":18,"enemies":"3 Darklings","floor":36,"turns":5},{"damage":4,"enemies":"Spire Growth","floor":38,"turns":4},{"damage":4,"enemies":"4 Shapes","floor":39,"turns":9},{"damage":13,"enemies":"Jaw Worm Horde","floor":41,"turns":4},{"damage":0,"enemies":"Sphere and 2 Shapes","floor":45,"turns":5},{"damage":26,"enemies":"2 Orb Walkers","floor":46,"turns":5},{"damage":0,"enemies":"Mind Bloom Boss Battle","floor":47,"turns":3},{"damage":153,"enemies":"Time Eater","floor":50,"turns":13}],"seed_played":"7429020904153526391","potions_obtained":[{"floor":1,"key":"CultistPotion"},{"floor":10,"key":"BlessingOfTheForge"},{"floor":13,"key":"GamblersBrew"},{"floor":18,"key":"EssenceOfDarkness"},{"floor":22,"key":"FairyPotion"},{"floor":28,"key":"EntropicBrew"},{"floor":38,"key":"Regen Potion"}],"is_trial":false,"path_per_floor":["M","?","?","M","?","E","?","T","T","M","M","R","M","M","R","B",null,"M","$","M","?","M","R","?","R","T","M","M","R","M","M","R","B",null,"M","M","$","M","M","R","M","R","T","$","M","?","?","$","R","B"],"character_chosen":"DEFECT","items_purchased":["Coolheaded","Conserve Battery","HandDrill","Toxic Egg 2","Apotheosis+1","Leap+1","Coolheaded+1","ClockworkSouvenir"],"campfire_rested":2,"item_purchase_floors":[19,37,37,37,44,48,48,48],"current_hp_per_floor":[75,68,68,68,68,68,43,43,43,41,47,47,50,57,57,64,69,66,66,51,51,31,31,15,35,42,39,15,37,33,37,37,14,76,76,65,65,68,71,71,65,65,75,75,82,66,90,90,90,0,0],"gold":19,"neow_bonus":"THREE_ENEMY_KILL","is_daily":false,"chose_seed":false,"campfire_upgraded":7,"win_rate":0.0,"timestamp":1609259621,"path_taken":["M","?","?","M","?","E","?","?","T","M","M","R","M","M","R","BOSS","M","$","M","?","M","R","?","R","T","M","?","R","M","M","R","BOSS","M","M","$","?","M","R","M","R","T","$","M","?","?","?","R","BOSS"],"items_purchased_type":["Card","Card","Relic","Relic","Card","Card","Card","Relic"],"build_version":"2020-12-22","purchased_purges":2,"victory":false,"max_hp_per_floor":[75,75,75,75,69,69,69,69,69,69,69,69,69,69,69,69,69,69,69,69,69,69,69,69,69,76,76,76,76,76,76,76,76,76,76,76,76,76,76,76,76,76,86,86,86,86,100,100,100,100,100],"relic_stats":{"Nunchaku":[27],"counters":[25,115],"Golden Idol":146,"Prayer Wheel":0,"Black Star":0,"HandDrill":[16],"Whetstone":["Strike_B","Gash"],"Question Card":13,"obtain_stats":[{"Pear":43,"NeowsBlessing":0,"Golden Idol":5,"Nilry\u0027s Codex":24,"Mango":47,"The Courier":7,"Whetstone":9,"Question Card":26,"Nuclear Battery":34,"ClockworkSouvenir":48,"Nunchaku":9,"Matryoshka":8,"Strawberry":26,"Prayer Wheel":46,"Bag of Marbles":6,"Black Star":17,"HandDrill":37,"Toxic Egg 2":37,"Cracked Core":0},{"Pear":21,"NeowsBlessing":0,"Golden Idol":2,"Nilry\u0027s Codex":11,"Mango":24,"The Courier":3,"Whetstone":3,"Question Card":11,"Nuclear Battery":16,"ClockworkSouvenir":24,"Nunchaku":3,"Matryoshka":3,"Strawberry":11,"Prayer Wheel":23,"Bag of Marbles":3,"Black Star":8,"HandDrill":18,"Toxic Egg 2":18,"Cracked Core":0},{"Pear":89,"NeowsBlessing":0,"Golden Idol":2,"Nilry\u0027s Codex":32,"Mango":102,"The Courier":3,"Whetstone":3,"Question Card":32,"Nuclear Battery":63,"ClockworkSouvenir":102,"Nunchaku":3,"Matryoshka":3,"Strawberry":32,"Prayer Wheel":99,"Bag of Marbles":3,"Black Star":20,"HandDrill":72,"Toxic Egg 2":72,"Cracked Core":0}]},"card_choices":[{"not_picked":["Darkness","Redo"],"picked":"Gash","floor":1},{"not_picked":["Reprogram","Turbo"],"picked":"Hologram","floor":4},{"not_picked":["Sweeping Beam","Storm"],"picked":"Self Repair","floor":6},{"not_picked":["Storm","White Noise","Turbo"],"picked":"SKIP","floor":10},{"not_picked":["Compile Driver","Go for the Eyes"],"picked":"Sunder","floor":11},{"not_picked":["Hologram","Streamline"],"picked":"Gash","floor":13},{"not_picked":["Heatsinks","Leap"],"picked":"Gash","floor":14},{"not_picked":["Buffer","Creative AI"],"picked":"Reboot","floor":16},{"not_picked":["Cold Snap","Heatsinks"],"picked":"Go for the Eyes","floor":18},{"not_picked":["Compile Driver","Reprogram+1"],"picked":"Hologram","floor":20},{"not_picked":["Redo","Ball Lightning"],"picked":"BootSequence","floor":22},{"not_picked":["Darkness","Redo","Sweeping Beam","Tempest+1"],"picked":"SKIP","floor":27},{"not_picked":["Rebound+1","Barrage","White Noise"],"picked":"Coolheaded","floor":28},{"not_picked":["Turbo+1","Compile Driver","Rip and Tear+1"],"picked":"Beam Cell+1","floor":30},{"not_picked":["Streamline","Leap","BootSequence"],"picked":"Buffer","floor":31},{"not_picked":["Biased Cognition","Creative AI","Meteor Strike"],"picked":"Reboot","floor":33},{"not_picked":["Conserve Battery+1","Lockon","Redo"],"picked":"Aggregate+1","floor":35},{"not_picked":["Redo","Streamline+1","FTL"],"picked":"Undo+1","floor":36},{"not_picked":["Redo+1","Ball Lightning+1","Steam+1"],"picked":"Rebound+1","floor":38},{"not_picked":["Barrage+1","Compile Driver+1","Rip and Tear+1"],"picked":"Glacier+1","floor":39},{"not_picked":["Compile Driver","Reprogram+1","Self Repair+1"],"picked":"Electrodynamics","floor":41},{"not_picked":["Cold Snap","Barrage","Steam+1"],"picked":"Skim+1","floor":45},{"not_picked":["Auto Shields+1","Rebound","Compile Driver"],"picked":"Chill+1","floor":46},{"not_picked":["Leap+1","Ball Lightning+1","Cold Snap"],"picked":"Coolheaded+1","floor":47}],"player_experience":264274,"relics_obtained":[{"floor":6,"key":"Bag of Marbles"},{"floor":8,"key":"Matryoshka"},{"floor":9,"key":"Nunchaku"},{"floor":9,"key":"Whetstone"},{"floor":24,"key":"Nilry\u0027s Codex"},{"floor":26,"key":"Strawberry"},{"floor":26,"key":"Question Card"},{"floor":43,"key":"Pear"},{"floor":46,"key":"Prayer Wheel"},{"floor":47,"key":"Mango"}],"event_choices":[{"cards_removed":["Strike_B"],"damage_healed":0,"gold_gain":0,"player_choice":"Card Removal","damage_taken":7,"max_hp_gain":0,"max_hp_loss":0,"event_name":"Golden Wing","floor":2,"gold_loss":0},{"cards_removed":["Defend_B"],"damage_healed":0,"gold_gain":0,"player_choice":"Forget","damage_taken":0,"max_hp_gain":0,"max_hp_loss":0,"event_name":"Living Wall","floor":3,"gold_loss":0},{"damage_healed":0,"gold_gain":0,"player_choice":"Lose Max HP","damage_taken":0,"relics_obtained":["Golden Idol"],"max_hp_gain":0,"max_hp_loss":6,"event_name":"Golden Idol","floor":5,"gold_loss":0},{"damage_healed":0,"gold_gain":0,"player_choice":"Success","damage_taken":25,"relics_obtained":["The Courier"],"max_hp_gain":0,"max_hp_loss":0,"event_name":"Scrap Ooze","floor":7,"gold_loss":0},{"damage_healed":0,"gold_gain":0,"player_choice":"Read","damage_taken":0,"max_hp_gain":0,"max_hp_loss":0,"event_name":"The Library","floor":21,"gold_loss":0,"cards_obtained":["Streamline"]},{"damage_healed":0,"gold_gain":0,"player_choice":"Obtained Book","damage_taken":16,"max_hp_gain":0,"max_hp_loss":0,"event_name":"Cursed Tome","floor":24,"gold_loss":0},{"damage_healed":0,"gold_gain":0,"player_choice":"Fight","damage_taken":0,"max_hp_gain":0,"max_hp_loss":0,"event_name":"Mysterious Sphere","floor":46,"gold_loss":0},{"damage_healed":0,"gold_gain":0,"player_choice":"Fight","damage_taken":0,"max_hp_gain":0,"max_hp_loss":0,"event_name":"MindBloom","floor":47,"gold_loss":0}],"is_beta":false,"boss_relics":[{"not_picked":["Coffee Dripper","Inserter"],"picked":"Black Star"},{"not_picked":["Runic Pyramid","Velvet Choker"],"picked":"Nuclear Battery"}],"items_purged_floors":[19,37],"is_endless":false,"potions_floor_spawned":[1,10,13,18,22,28,30,38,39,46,47],"killed_by":"Time Eater","ascension_level":1}}