{"host":"j3h0p3l2xgzxhnx7","time":1609259568,"event":{"mods":["BaseMod","Luminous","Marisa????????","Minty Spire (QoL Compilation)","Remilia??????","StSLib","The Bug Knight","The Cursed","The Servant 0.9.4"],"gold_per_floor":[111,131,131,96,96,126,141,141,141,316,328,328,328,69,69,171,171,183,194,221,221,236,266,60,60,60,60,60,60,60,71,71,174,174,189,209,209,209,209],"floor_reached":38,"playtime":1686,"items_purged":[],"score":390,"play_id":"9ce0d344-1e26-4ea4-8bc9-57d02a469281","local_time":"20201230003248","is_ascension_mode":false,"campfire_choices":[{"data":"HollowMod:GrimmsGift","floor":8,"key":"SMITH"},{"floor":12,"key":"REST"},{"floor":15,"key":"REST"},{"floor":25,"key":"REST"},{"floor":32,"key":"REST"}],"circlet_count":0,"master_deck":["HollowMod:NailStrikeStart","HollowMod:NailStrikeStart","HollowMod:QuickDashStart","HollowMod:QuickDashStart","HollowMod:QuickDashStart","HollowMod:FocusHealStart","HollowMod:PogoStrike","HollowMod:SharpenedNail","HollowMod:SoulEater","Iron Wave","HollowMod:VengefulSpirit","HollowMod:GrimmsGift+1","HollowMod:SoulSplash","HollowMod:BaldurShell","HollowMod:HornetsHelp","HollowMod:CornifersMapStart+1","HollowMod:HowlingWraiths","HollowMod:CoiledNail","HollowMod:GrimmsGift","HollowMod:MantisMark","HollowMod:HuntersJournal","Apotheosis","HollowMod:ChannelNail","HollowMod:ElderbugsWisdom","Doubt","HollowMod:SiblingsShadow+1","HollowMod:NewLittleFool+1","HollowMod:DashSlash+1","HollowMod:QuirrelsAssistance+1","Mayhem"],"relics":["HollowMod:KingsSoulRelic","Boot","Shuriken","Sundial","Pantograph","Letter Opener","Red Mask","Bag of Marbles","Kunai","Astrolabe"],"acts_visited":["Exordium","TheCity","TheBeyond"],"potions_floor_usage":[6,16,20,20,23,28,33,35,36],"damage_taken":[{"damage":2,"enemies":"2 Louse","floor":1,"turns":2},{"damage":1,"enemies":"Cultist","floor":2,"turns":3},{"damage":21,"enemies":"Gremlin Nob","floor":6,"turns":4},{"damage":1,"enemies":"Jaw Worm","floor":7,"turns":2},{"damage":15,"enemies":"Exordium Wildlife","floor":11,"turns":4},{"damage":50,"enemies":"The Guardian","floor":16,"turns":9},{"damage":9,"enemies":"Chosen","floor":18,"turns":5},{"damage":16,"enemies":"Shell Parasite","floor":19,"turns":6},{"damage":5,"enemies":"Masked Bandits","floor":20,"turns":3},{"damage":12,"enemies":"Shelled Parasite and Fungi","floor":22,"turns":6},{"damage":31,"enemies":"Book of Stabbing","floor":23,"turns":6},{"damage":5,"enemies":"Colosseum Slavers","floor":28,"turns":3},{"damage":27,"enemies":"Centurion and Healer","floor":31,"turns":6},{"damage":64,"enemies":"Automaton","floor":33,"turns":7},{"damage":57,"enemies":"Orb Walker","floor":35,"turns":5},{"damage":17,"enemies":"3 Darklings","floor":36,"turns":5},{"damage":18,"enemies":"Sphere and 2 Shapes","floor":38,"turns":3}],"seed_played":"-5929061956291018657","potions_obtained":[{"floor":2,"key":"EssenceOfSteel"},{"floor":6,"key":"Energy Potion"},{"floor":16,"key":"AttackPotion"},{"floor":19,"key":"Ancient Potion"},{"floor":22,"key":"Dexterity Potion"},{"floor":33,"key":"Strength Potion"},{"floor":35,"key":"Fruit Juice"}],"is_trial":false,"path_per_floor":["M","M","?","$","$","E","M","R","T","?","M","R","T","$","R","B",null,"M","M","?","?","M","E","$","R","T","?","?","$","?","M","R","B",null,"M","M","?","M"],"character_chosen":"THE_BUGKNIGHT","items_purchased":["HollowMod:VengefulSpirit","Letter Opener","SpeedPotion","HollowMod:HuntersJournal","LiquidMemories"],"campfire_rested":4,"item_purchase_floors":[4,14,24,24,24],"current_hp_per_floor":[75,74,74,74,74,53,52,52,52,52,37,59,59,59,75,31,75,66,60,55,55,43,18,18,40,40,40,35,35,35,14,36,3,75,23,12,12,0,0],"gold":209,"neow_bonus":"RANDOM_COMMON_RELIC","is_daily":false,"chose_seed":false,"campfire_upgraded":1,"win_rate":0.0,"timestamp":1609259568,"path_taken":["M","M","?","?","$","E","?","R","T","?","M","R","?","$","R","BOSS","M","?","?","?","?","E","$","R","T","?","?","$","?","M","R","BOSS","M","M","?","M"],"items_purchased_type":["Card","Relic","Potion","Card","Potion"],"build_version":"2020-12-22","purchased_purges":0,"victory":false,"max_hp_per_floor":[75,75,75,75,75,75,75,75,75,75,75,75,75,75,75,75,75,75,75,75,75,75,75,75,75,75,75,75,75,75,75,75,75,75,80,80,80,80,80],"card_choices":[{"not_picked":["HollowMod:InfectedAttack","HollowMod:MothsMistake"],"picked":"HollowMod:SharpenedNail","floor":1},{"not_picked":["HollowMod:SoulShaman","HollowMod:TaintedHusks"],"picked":"HollowMod:SoulEater","floor":2},{"not_picked":["HollowMod:PerfectDash","HollowMod:InfectionAssault"],"picked":"HollowMod:GrimmsGift","floor":6},{"not_picked":["HollowMod:DesolateDive","HollowMod:TaintedHusks"],"picked":"HollowMod:SoulSplash","floor":7},{"not_picked":["HollowMod:SharpenedNail","HollowMod:SoulMaster"],"picked":"HollowMod:BaldurShell","floor":11},{"not_picked":["HollowMod:LordofShades","HollowMod:ElderbugsWisdom"],"picked":"HollowMod:HornetsHelp","floor":16},{"not_picked":["HollowMod:WraithStrike","HollowMod:DoubleDash"],"picked":"HollowMod:CornifersMapStart+1","floor":18},{"not_picked":["HollowMod:GoodIntentions","HollowMod:InfectedAttack+1"],"picked":"HollowMod:HowlingWraiths","floor":19},{"not_picked":["HollowMod:CornifersMapStart+1","HollowMod:SharpenedNail"],"picked":"HollowMod:CoiledNail","floor":20},{"not_picked":["HollowMod:InfectedCysts+1","HollowMod:WraithStrike+1"],"picked":"HollowMod:GrimmsGift","floor":22},{"not_picked":["HollowMod:SoulMaster","HollowMod:Grubsong"],"picked":"HollowMod:MantisMark","floor":23},{"not_picked":["HollowMod:AbyssShriek","HollowMod:BrokenVessel"],"picked":"HollowMod:ChannelNail","floor":31},{"not_picked":["HollowMod:SoulMaster","HollowMod:LordofShades"],"picked":"HollowMod:ElderbugsWisdom","floor":33},{"not_picked":["HollowMod:SharpenedShadows","HollowMod:GoodIntentions+1"],"picked":"HollowMod:DashSlash+1","floor":35},{"not_picked":["HollowMod:LifebloodCocoon+1","HollowMod:SiblingsSouls"],"picked":"HollowMod:QuirrelsAssistance+1","floor":36},{"not_picked":["The Bomb","Dramatic Entrance"],"picked":"Mayhem","floor":37}],"player_experience":49814,"relics_obtained":[{"floor":6,"key":"Shuriken"},{"floor":9,"key":"Sundial"},{"floor":13,"key":"Pantograph"},{"floor":20,"key":"Red Mask"},{"floor":23,"key":"Bag of Marbles"},{"floor":26,"key":"Kunai"}],"event_choices":[{"cards_removed":["HollowMod:QuickDashStart"],"damage_healed":0,"gold_gain":0,"player_choice":"Took Card","damage_taken":0,"max_hp_gain":0,"max_hp_loss":0,"event_name":"NoteForYourself","floor":3,"gold_loss":0,"cards_obtained":["Iron Wave"]},{"damage_healed":0,"gold_gain":175,"player_choice":"AGREE","damage_taken":0,"max_hp_gain":0,"max_hp_loss":0,"event_name":"Liars Game","floor":10,"gold_loss":0,"cards_obtained":["Doubt"]},{"damage_healed":0,"gold_gain":0,"player_choice":"Fought Bandits","damage_taken":0,"max_hp_gain":0,"max_hp_loss":0,"event_name":"Masked Bandits","floor":20,"gold_loss":0},{"cards_removed":["Doubt"],"damage_healed":0,"gold_gain":0,"player_choice":"Purged","damage_taken":0,"max_hp_gain":0,"max_hp_loss":0,"event_name":"Purifier","floor":21,"gold_loss":0},{"damage_healed":0,"gold_gain":0,"player_choice":"Smashed Altar","damage_taken":0,"max_hp_gain":0,"max_hp_loss":0,"event_name":"Forgotten Altar","floor":27,"gold_loss":0,"cards_obtained":["Decay"]},{"damage_healed":0,"gold_gain":0,"player_choice":"Fight","damage_taken":0,"max_hp_gain":0,"max_hp_loss":0,"event_name":"Colosseum","floor":28,"gold_loss":0},{"damage_healed":0,"gold_gain":0,"player_choice":"Fled From Nobs","damage_taken":0,"max_hp_gain":0,"max_hp_loss":0,"event_name":"Colosseum","floor":28,"gold_loss":0},{"damage_healed":0,"gold_gain":0,"player_choice":"Memory 1","damage_taken":0,"max_hp_gain":0,"max_hp_loss":0,"event_name":"SensoryStone","floor":37,"gold_loss":0}],"is_beta":false,"boss_relics":[{"not_picked":["Sozu","Philosopher\u0027s Stone"],"picked":"HollowMod:KingsSoulRelic"},{"not_picked":["Coffee Dripper","SlaversCollar"],"picked":"Astrolabe"}],"items_purged_floors":[],"is_endless":false,"potions_floor_spawned":[2,6,16,19,22,28,33,35],"killed_by":"Sphere and 2 Shapes","ascension_level":0}}