{"host":"zivz6e0vf73jivdq","time":1609235745,"event":{"mods":["ATMod(°¢èªMod)","Act Like it!","BaseMod","Friendly Minions","Gensokyo","HololiveMod","Koishi","Marisa£¨ìFÓê¡¡Ä§ÀíÉ³£©","Minty Spire (QoL Compilation)","MostiFishMod","Pale of the Ancients","Prisma Mod","Reimu£¨²©ÀöÁéÃÎ£©","Remilia£¨ÀÙÃ×ÀòÑÇ£©","Replay The Spire","RumiaBox-Â¶Ã×æ«µÄÉñÃØºÐ×Ó","StSLib","The Jungle","The Servant 0.9.4","Yakumo Yukari mod","Youmu£¨»êÆÇÑýÃÎ£©","¡¾ÒÅÎï¿¨ÅÆ¡¿REMEMod"],"gold_per_floor":[110,126,126,141,152,179,179,211,211,240,253,253,309,343,343,439,439,455,470,569,569,154,154,185,125,125,136,149,181,181,200,200,303,303,316,335,336,80,80,142,180,237,291,374,374,470,188,233,233,270,270,270,90,145,192],"floor_reached":56,"playtime":3295,"items_purged":["Envy_TH","Defend_G+1","Defend_G+1"],"score":2288,"play_id":"2b02bfbb-1b4a-4ddc-9085-b27771e83f67","local_time":"20201229175545","is_ascension_mode":true,"campfire_choices":[{"data":"Blade Dance","floor":7.0,"key":"SMITH"},{"data":"Wraith Form v2","floor":12.0,"key":"SMITH"},{"data":"Blade Dance","floor":15.0,"key":"SMITH"},{"data":"MostiFishMod:LethalBlade","floor":23.0,"key":"SMITH"},{"data":"Concentrate","floor":30.0,"key":"SMITH"},{"data":"Accuracy","floor":32.0,"key":"SMITH"},{"floor":45,"key":"RECALL"},{"floor":49,"key":"DIG"},{"data":"1","floor":52,"key":"LIFT"}],"circlet_count":0,"master_deck":["Strike_G+1","Strike_G+1","Strike_G+1","Defend_G+1","Defend_G+1","Defend_G+1","Survivor+1","Neutralize+1","Core Surge+1","AT_BreakingExtremeWeapon+1","Cloak And Dagger+1","Acrobatics+1","Blade Dance+1","PiercingWail+1","Hidden Blade+1","Wraith Form v2+1","Blade Dance+1","MostiFishMod:WinterMarkForm+1","MostiFishMod:LethalBlade+1","Concentrate+1","MostiFishMod:Opportunism+1","MostiFishMod:KingOfFree+1","Leg Sweep+1","Accuracy+1","MostiFishMod:Dislodge+1","Deflect+1","AT_ShadowStep+1","Calculated Gamble+1","Master of Strategy"],"relics":["Ring of the Snake","DaveBox","REME_ComplimentaryCards","AT_ATBox","NeowsBlessing","ShadowXiaoBlade","SynthV:TestCard","REME_PoisonedDagger","Pear","REME_IWantAll","AT_BellDemon","Girya","RhineSuit","Potion Belt","Ancient Tea Set","Meat on the Bone","Replay:WaspNest","Busted Crown","Replay:Bandana","Pet Ghost","Du-Vu Doll","AT_ChloranthyRing","CatCart","ChiLing","Chi","Ling","Blue Candle","PlanX"],"acts_visited":["Exordium","TheCity","TheBeyond","TheEnding"],"potions_floor_usage":[42,55,55,55,55,55,55,55],"damage_taken":[{"damage":0.0,"enemies":"2 Louse","floor":1.0,"turns":1.0},{"damage":0.0,"enemies":"Cultist","floor":2.0,"turns":1.0},{"damage":0.0,"enemies":"Jaw Worm","floor":4.0,"turns":1.0},{"damage":0.0,"enemies":"Blue Slaver","floor":5.0,"turns":3.0},{"damage":15.0,"enemies":"Lagavulin","floor":6.0,"turns":5.0},{"damage":12.0,"enemies":"Gremlin Nob","floor":8.0,"turns":3.0},{"damage":1.0,"enemies":"Lagavulin","floor":10.0,"turns":4.0},{"damage":0.0,"enemies":"2 Fungi Beasts","floor":11.0,"turns":2.0},{"damage":1.0,"enemies":"Lagavulin Event","floor":13.0,"turns":3.0},{"damage":7.0,"enemies":"3 Sentries","floor":14.0,"turns":4.0},{"damage":4.0,"enemies":"Hexaghost","floor":16.0,"turns":4.0},{"damage":0.0,"enemies":"Spheric Guardian","floor":18.0,"turns":1.0},{"damage":11.0,"enemies":"2 Thieves","floor":19.0,"turns":2.0},{"damage":12.0,"enemies":"Book of Stabbing","floor":24.0,"turns":3.0},{"damage":0.0,"enemies":"Snake Plant","floor":27.0,"turns":2.0},{"damage":2.0,"enemies":"Centurion and Healer","floor":28.0,"turns":3.0},{"damage":4.0,"enemies":"Slavers","floor":29.0,"turns":3.0},{"damage":0.0,"enemies":"Snecko","floor":31.0,"turns":2.0},{"damage":0.0,"enemies":"Pondfish","floor":33.0,"turns":5.0},{"damage":0.0,"enemies":"Orb Walker","floor":35.0,"turns":2.0},{"damage":0.0,"enemies":"3 Darklings","floor":36.0,"turns":4.0},{"damage":2.0,"enemies":"3 Darklings","floor":37.0,"turns":10.0},{"damage":0,"enemies":"Giant Head","floor":40,"turns":2},{"damage":0,"enemies":"Sphere and 2 Shapes","floor":41,"turns":2},{"damage":0,"enemies":"Nemesis","floor":42,"turns":2},{"damage":0,"enemies":"Transient","floor":44,"turns":3},{"damage":0,"enemies":"Orin","floor":46,"turns":3},{"damage":6,"enemies":"Maw","floor":48,"turns":3},{"damage":1,"enemies":"Donu and Deca","floor":50,"turns":2},{"damage":2,"enemies":"Shield and Spear","floor":54,"turns":1},{"damage":4,"enemies":"The Heart","floor":55,"turns":3}],"seed_played":"-3811658746940037796","potions_obtained":[{"floor":2.0,"key":"GhostInAJar"},{"floor":8.0,"key":"SmokeBomb"},{"floor":10.0,"key":"AttackPotion"},{"floor":11.0,"key":"Energy Potion"},{"floor":28.0,"key":"SkillPotion"},{"floor":29.0,"key":"Regen Potion"},{"floor":41,"key":"EntropicBrew"},{"floor":42,"key":"Dexterity Potion"},{"floor":44,"key":"Adrenaline Potion"}],"is_trial":false,"path_per_floor":["M","M","?","M","M","E","R","E","T","E","M","R","?","E","R","B",null,"M","M","?","?","$","R","E","?","T","M","M","E","R","M","R","B",null,"M","M","?","$","?","E","M","E","T","M","R","?","$","M","R","B",null,"R","$","E","B",null],"character_chosen":"THE_SILENT","items_purchased":["MostiFishMod:KingOfFree","Potion Belt","Replay:Bandana","ChiLing","Master of Strategy"],"campfire_rested":0,"item_purchase_floors":[22,22,38,47,53],"current_hp_per_floor":[63,63,70,70,70,55,55,53,53,52,52,52,51,44,44,40,70,70,59,59,59,59,59,47,47,47,48,47,44,44,45,45,60,75,75,76,80,80,80,80,80,80,80,80,80,80,80,75,75,75,79,79,79,78,75],"gold":192,"neow_bonus":"THREE_ENEMY_KILL","is_daily":false,"chose_seed":false,"campfire_upgraded":6,"win_rate":0.0,"timestamp":1609235745,"path_taken":["M","M","?","M","?","E","R","E","T","E","M","R","?","E","R","BOSS","M","M","?","?","$","R","E","?","T","M","M","E","R","M","R","BOSS","M","M","?","$","?","E","M","E","T","M","R","?","$","M","R","BOSS","R","$","E","BOSS"],"items_purchased_type":["Card","Relic","Relic","Relic","Card"],"build_version":"2020-12-22","purchased_purges":3,"victory":true,"max_hp_per_floor":[70,70,70,70,70,70,70,80,80,80,80,80,80,80,80,80,80,80,80,80,80,80,80,80,80,80,80,80,80,80,80,80,80,80,80,80,80,80,80,80,80,80,80,80,80,80,80,80,80,80,80,80,80,80,80],"card_choices":[{"not_picked":["Dagger Spray","Flying Knee"],"picked":"Cloak And Dagger","floor":1.0},{"not_picked":["Backflip","ReplayTheSpireMod:Speed Training","Dodge and Roll","MostiFishMod:InvigoratingSolution"],"picked":"Acrobatics","floor":2.0},{"not_picked":["Outmaneuver","Eviscerate","REME_GreenPollution","PiercingWail"],"picked":"Blade Dance","floor":4.0},{"not_picked":["Predator","REME_GreenPollution","Flechettes","Dodge and Roll"],"picked":"PiercingWail","floor":5.0},{"not_picked":["Sucker Punch","AT_WomanClash","Deflect","Flying Knee"],"picked":"Hidden Blade","floor":6.0},{"not_picked":["MostiFishMod:PerfectParry","AT_MyraUnstableElement","Sneak Up","Outmaneuver"],"picked":"Wraith Form v2","floor":8.0},{"not_picked":["Distraction","Predator","MostiFishMod:VineMother","Noxious Fumes"],"picked":"Blade Dance","floor":10.0},{"not_picked":["Cloak And Dagger","Heel Hook","Dodge and Roll","Outmaneuver","Bane"],"picked":"SKIP","floor":11.0},{"not_picked":["Cloak And Dagger","Heel Hook","Dodge and Roll","Outmaneuver","Bane"],"picked":"SKIP","floor":11.0},{"not_picked":["ReplayTheSpireMod:Exploit Weakness","PiercingWail","Bane","Underhanded Strike"],"picked":"MostiFishMod:WinterMarkForm","floor":13.0},{"not_picked":["Quick Slash","ReplayTheSpireMod:Tripwire","Backflip","Infinite Blades","All Out Attack"],"picked":"SKIP","floor":14.0},{"not_picked":["MostiFishMod:Neurotoxin","ReplayTheSpireMod:From All Sides","REME_CopyPotion","MostiFishMod:HiddenBlade"],"picked":"MostiFishMod:LethalBlade","floor":16.0},{"not_picked":["Deadly Poison","Sucker Punch","Endless Agony","AT_KneejerkReflex+1"],"picked":"Concentrate","floor":18.0},{"not_picked":["ReplayTheSpireMod:Shiv Toss","Quick Slash","Dagger Throw+1","Dagger Spray"],"picked":"MostiFishMod:Opportunism","floor":19.0},{"not_picked":["Cloak And Dagger","Acrobatics+1","Dagger Spray","Leg Sweep","MostiFishMod:PreservedThorns+1"],"picked":"SKIP","floor":24.0},{"not_picked":["Hidden Blade+1","Quick Slash","AT_WindFlip","Predator"],"picked":"Leg Sweep+1","floor":27.0},{"not_picked":["Masterful Stab","Sneak Up","MostiFishMod:Confrontation","Dodge and Roll+1","Toxin Wave"],"picked":"SKIP","floor":28.0},{"not_picked":["AT_ThistleTea","Leg Sweep+1","REME_ShadowStrike","Deadly Poison+1","Bane+1"],"picked":"SKIP","floor":29.0},{"not_picked":["Quick Slash","Poisoned Stab","Dodge and Roll+1","Setup"],"picked":"Accuracy","floor":31.0},{"not_picked":["Well Laid Plans","Wraith Form v2","MostiFishMod:ShivMaster","MostiFishMod:LethalBlade"],"picked":"MostiFishMod:Dislodge","floor":33.0},{"not_picked":["Slice","Poisoned Stab+1"],"picked":"Prepared","floor":35.0},{"not_picked":["Fluid Movement+1","Deadly Poison+1"],"picked":"Deflect+1","floor":36.0},{"not_picked":["Flying Knee","AT_ArcaneSupremacy"],"picked":"AT_ShadowStep+1","floor":40},{"not_picked":["Slice","Poisoned Stab+1","AT_KneejerkReflex"],"picked":"SKIP","floor":41},{"not_picked":["Deflect","Skewer","Poison Darts"],"picked":"SKIP","floor":42},{"not_picked":["REME_ShadowStrike+1","Dagger Throw+1","Slice+1"],"picked":"SKIP","floor":44},{"not_picked":["Sneak Up+1","Dagger Throw"],"picked":"Calculated Gamble+1","floor":48},{"not_picked":["Outmaneuver","Dodge and Roll+1","Crippling Poison+1"],"picked":"SKIP","floor":54}],"player_experience":767930,"relics_obtained":[{"floor":1.0,"key":"SynthV:TestCard"},{"floor":6.0,"key":"REME_PoisonedDagger"},{"floor":8.0,"key":"Pear"},{"floor":10.0,"key":"REME_IWantAll"},{"floor":14.0,"key":"Girya"},{"floor":24.0,"key":"Ancient Tea Set"},{"floor":26.0,"key":"Meat on the Bone"},{"floor":29.0,"key":"Replay:WaspNest"},{"floor":40,"key":"Pet Ghost"},{"floor":42,"key":"Du-Vu Doll"},{"floor":43,"key":"AT_ChloranthyRing"},{"floor":46,"key":"CatCart"},{"floor":49,"key":"Blue Candle"},{"floor":54,"key":"PlanX"}],"event_choices":[{"damage_healed":7.0,"max_hp_gain":0.0,"max_hp_loss":0.0,"gold_gain":0.0,"event_name":"Wheel of Change","player_choice":"Full Heal","floor":3.0,"gold_loss":0.0,"damage_taken":0.0},{"damage_healed":0.0,"max_hp_gain":0.0,"max_hp_loss":0.0,"gold_gain":30.0,"event_name":"Dead Adventurer","player_choice":"Searched \u00273\u0027 times","floor":13.0,"gold_loss":0.0,"damage_taken":0.0,"relics_obtained":["AT_BellDemon"]},{"damage_healed":0.0,"max_hp_gain":0.0,"max_hp_loss":0.0,"gold_gain":99.0,"event_name":"Nest","player_choice":"Stole From Cult","floor":20.0,"gold_loss":0.0,"damage_taken":0.0},{"cards_removed":["Prepared"],"damage_healed":0,"gold_gain":0,"player_choice":"Removed Skill","damage_taken":0,"max_hp_gain":0,"max_hp_loss":0,"event_name":"Falling","floor":39,"gold_loss":0},{"damage_healed":0,"gold_gain":0,"player_choice":"Fight","damage_taken":0,"max_hp_gain":0,"max_hp_loss":0,"event_name":"OrinTheCat","floor":46,"gold_loss":0}],"is_beta":false,"boss_relics":[{"not_picked":["Replay:Bronze Core","SlaversCollar"],"picked":"RhineSuit"},{"not_picked":["Tiny House","Hololive_ChaosS"],"picked":"Busted Crown"}],"items_purged_floors":[22,38,47],"is_endless":false,"potions_floor_spawned":[2,8,10,11,19,28,29,37,41,42,44],"ascension_level":11}}