{"host":"mttmnrdvbvzz8cuy","time":1609250459,"event":{"mods":["BaseMod","Bestiary","Colored Map","Colored Powertips","Infinite Spire","Minty Spire (QoL Compilation)","StSLib"],"gold_per_floor":[114,114,64,83,83,110,120,120,120],"floor_reached":8,"playtime":373,"items_purged":[],"score":62,"play_id":"f3211b49-2831-4098-9cab-33c470a0981d","local_time":"20201230010059","is_ascension_mode":true,"campfire_choices":[],"circlet_count":0,"master_deck":["Strike_B","Strike_B","Defend_B","Defend_B","Defend_B","Defend_B","Zap","Dualcast","Metamorphosis","Leap","Regret","Defragment","White Noise","Streamline"],"relics":["Cracked Core","Darkstone Periapt"],"acts_visited":["Exordium"],"potions_floor_usage":[8],"damage_taken":[{"damage":0,"enemies":"Cultist","floor":1,"turns":2},{"damage":15,"enemies":"Jaw Worm","floor":4,"turns":4},{"damage":18,"enemies":"Lagavulin","floor":6,"turns":5},{"damage":9,"enemies":"Small Slimes","floor":7,"turns":4},{"damage":28,"enemies":"3 Sentries","floor":8,"turns":4}],"seed_played":"-3647611451849668419","potions_obtained":[{"floor":1,"key":"FearPotion"}],"is_trial":false,"path_per_floor":["M","?","?","M","?","E","M","E"],"character_chosen":"DEFECT","items_purchased":[],"campfire_rested":0,"item_purchase_floors":[],"current_hp_per_floor":[68,74,74,59,52,34,25,0,0],"gold":120,"neow_bonus":"RANDOM_COLORLESS_2","is_daily":false,"chose_seed":false,"campfire_upgraded":0,"win_rate":0.0,"timestamp":1609250459,"path_taken":["M","?","?","M","?","E","M","E"],"items_purchased_type":[],"build_version":"2020-12-22","purchased_purges":0,"victory":false,"max_hp_per_floor":[68,74,74,74,74,74,74,74,74],"card_choices":[{"not_picked":["Secret Weapon","Sadistic Nature"],"picked":"Metamorphosis","floor":0},{"not_picked":["Chaos","Sweeping Beam"],"picked":"Leap","floor":1},{"not_picked":["Ball Lightning","Compile Driver"],"picked":"Defragment","floor":4},{"not_picked":["Force Field","Gash"],"picked":"White Noise","floor":6},{"not_picked":["Static Discharge","Steam"],"picked":"Streamline","floor":7}],"player_experience":108273,"relics_obtained":[],"event_choices":[{"damage_healed":0,"gold_gain":0,"player_choice":"Box","damage_taken":0,"relics_obtained":["Darkstone Periapt"],"max_hp_gain":0,"max_hp_loss":0,"event_name":"Big Fish","floor":2,"gold_loss":0,"cards_obtained":["Regret"]},{"cards_removed":["Strike_B"],"damage_healed":0,"gold_gain":0,"player_choice":"Card Removal","damage_taken":0,"max_hp_gain":0,"max_hp_loss":0,"event_name":"The Cleric","floor":3,"gold_loss":50},{"cards_removed":["Strike_B"],"damage_healed":0,"gold_gain":0,"player_choice":"Card Removal","damage_taken":7,"max_hp_gain":0,"max_hp_loss":0,"event_name":"Golden Wing","floor":5,"gold_loss":0}],"is_beta":false,"boss_relics":[],"items_purged_floors":[],"is_endless":false,"potions_floor_spawned":[1],"killed_by":"3 Sentries","ascension_level":2}}