{"host":"9tzam4717zt8ei1o","time":1609250925,"event":{"mods":["BaseMod","Colored Map","Keyboard Shortcuts","Minty Spire (QoL Compilation)","Quick Restart","StSLib","SuperFastMode"],"gold_per_floor":[116,116,129,148,167,167,196,211,264,290,301,315,132,150,150,150,150],"floor_reached":16,"playtime":332,"items_purged":["Strike_G"],"score":232,"play_id":"9e914b28-45d3-4869-bd4a-1cfdf951f72e","local_time":"20201229230845","is_ascension_mode":true,"campfire_choices":[{"data":"Masterful Stab","floor":6.0,"key":"SMITH"},{"data":"Bouncing Flask","floor":15.0,"key":"SMITH"}],"circlet_count":0,"master_deck":["AscendersBane","Strike_G","Strike_G","Strike_G","Defend_G","Defend_G","Defend_G","Defend_G","Defend_G","Survivor","Neutralize","Masterful Stab+1","Flying Knee","PiercingWail","Dagger Spray","Crippling Poison","Backflip","Prepared","Bouncing Flask+1","Blur","Deflect"],"relics":["Ring of the Snake","Toy Ornithopter","Snake Skull","Paper Crane"],"acts_visited":["Exordium"],"potions_floor_usage":[16,16],"damage_taken":[{"damage":4.0,"enemies":"Small Slimes","floor":1.0,"turns":4.0},{"damage":1.0,"enemies":"Cultist","floor":3.0,"turns":4.0},{"damage":2.0,"enemies":"2 Louse","floor":4.0,"turns":2.0},{"damage":1.0,"enemies":"Exordium Wildlife","floor":5.0,"turns":3.0},{"damage":26.0,"enemies":"Gremlin Nob","floor":7.0,"turns":4.0},{"damage":6.0,"enemies":"Exordium Thugs","floor":8.0,"turns":5.0},{"damage":11.0,"enemies":"3 Sentries","floor":10.0,"turns":9.0},{"damage":4.0,"enemies":"Large Slime","floor":11.0,"turns":5.0},{"damage":0.0,"enemies":"2 Fungi Beasts","floor":12.0,"turns":2.0},{"damage":0.0,"enemies":"Looter","floor":14.0,"turns":3.0},{"damage":32,"enemies":"Slime Boss","floor":16,"turns":7}],"seed_played":"-1178524780458247562","potions_obtained":[{"floor":4.0,"key":"BlessingOfTheForge"},{"floor":5.0,"key":"AttackPotion"},{"floor":11.0,"key":"Explosive Potion"},{"floor":12.0,"key":"Swift Potion"}],"is_trial":false,"path_per_floor":["M","?","M","M","M","R","E","M","T","E","M","M","$","M","R","B"],"character_chosen":"THE_SILENT","items_purchased":["Blur","Deflect"],"campfire_rested":0,"item_purchase_floors":[13,13],"current_hp_per_floor":[52,52,51,49,48,48,22,16,16,10,6,6,6,6,6,0,0],"gold":150,"neow_bonus":"TWENTY_PERCENT_HP_BONUS","is_daily":false,"chose_seed":false,"campfire_upgraded":2,"win_rate":0.0,"timestamp":1609250925,"path_taken":["M","?","M","M","?","R","E","M","T","E","M","M","$","M","R","BOSS"],"items_purchased_type":["Card","Card"],"build_version":"2020-12-22","purchased_purges":1,"victory":false,"max_hp_per_floor":[78,78,78,78,78,78,78,78,78,78,78,78,78,78,78,78,78],"card_choices":[{"not_picked":["Acrobatics","All Out Attack"],"picked":"Masterful Stab","floor":1.0},{"not_picked":["Leg Sweep","Underhanded Strike"],"picked":"Flying Knee","floor":3.0},{"not_picked":["Flechettes","Flying Knee"],"picked":"PiercingWail","floor":4.0},{"not_picked":["Caltrops","Setup","Underhanded Strike"],"picked":"SKIP","floor":5.0},{"not_picked":["Bane","Dagger Throw"],"picked":"Dagger Spray","floor":7.0},{"not_picked":["Underhanded Strike","Riddle With Holes"],"picked":"Crippling Poison","floor":8.0},{"not_picked":["Phantasmal Killer","Bane"],"picked":"Backflip","floor":10.0},{"not_picked":["Underhanded Strike","Concentrate"],"picked":"Prepared","floor":11.0},{"not_picked":["Dagger Throw","Backstab"],"picked":"Bouncing Flask","floor":12.0},{"not_picked":["Deadly Poison","Caltrops","Flying Knee"],"picked":"SKIP","floor":14.0}],"player_experience":127489,"relics_obtained":[{"floor":7.0,"key":"Toy Ornithopter"},{"floor":9.0,"key":"Snake Skull"},{"floor":10.0,"key":"Paper Crane"}],"event_choices":[{"cards_removed":["Strike_G"],"damage_healed":0.0,"max_hp_gain":0.0,"max_hp_loss":0.0,"gold_gain":0.0,"event_name":"Bonfire Elementals","player_choice":"Offered Basic","floor":2.0,"gold_loss":0.0,"damage_taken":0.0}],"is_beta":false,"boss_relics":[],"items_purged_floors":[13],"is_endless":false,"potions_floor_spawned":[4,5,11,12,14],"killed_by":"Slime Boss","ascension_level":20}}