{"host":"h5acbxt0wmjo1kpm","time":1609222058,"event":{"mods":["2.2 Compatiblity","Act Like it!","AlwaysNeverKeys","Aspiration","Bartender","BaseMod","Better Third Choice","Colored Map","Elementarium","Gensokyo","GifTheSpireLib","Hallownest","Marisa????????","Minty Spire (QoL Compilation)","Permanent Neow","Potionbrewer","Relic Filter","Replay The Spire","Robot Space Explorer","RumiaBox-????????","Shade Mod","Spicy Shops","StSLib","Strawberry Spire","The Blackbeard","The Dragon Tamer","The Forsaken","The Gatherer","The Problem Sleuth","The Servant 0.9.4","Wandering Minibosses","vexMod"],"gold_per_floor":[119,119,44,60,60,90,90,100,100,100,100,117,136,1,1,1,1],"floor_reached":16,"playtime":564,"items_purged":[],"score":150,"play_id":"486fb7e4-f251-4f0c-a3cb-3773c586d0cf","local_time":"20201228220738","is_ascension_mode":true,"campfire_choices":[{"data":"potionbrewer:BlindingMist","floor":7,"key":"SMITH"},{"data":"potionbrewer:BrokenBeakers","floor":10,"key":"SMITH"},{"floor":15,"key":"REST"}],"circlet_count":0,"master_deck":["AscendersBane","potionbrewer:BlindingMist+1","potionbrewer:UnstableFormula+1","potionbrewer:ChemicalWeapons","potionbrewer:ChemicalShroud","potionbrewer:HazardousWaste","potionbrewer:RefinedProcess+1","potionbrewer:TwoForOne+1","potionbrewer:HazardousWaste","potionbrewer:ResearchResults","potionbrewer:BrokenBeakers+1","potionbrewer:RefinedProcess","potionbrewer:TwoForOne","potionbrewer:Transmute","potionbrewer:PotentialEnergy","potionbrewer:LeftoverSpecimen","potionbrewer:Smack","potionbrewer:ChainReaction","potionbrewer:CausticBarrier"],"relics":["potionbrewer:PotionKit","SecretRecord","vexMod:MemoryStick","SumBook","Art of War"],"acts_visited":["Exordium"],"potions_floor_usage":[6,6,12,13,16,16,16],"damage_taken":[{"damage":9,"enemies":"Jaw Worm","floor":1,"turns":5},{"damage":0,"enemies":"2 Louse","floor":4,"turns":2},{"damage":10,"enemies":"3 Sentries","floor":6,"turns":6},{"damage":0,"enemies":"Small Slimes","floor":8,"turns":3},{"damage":13,"enemies":"Blue Slaver","floor":12,"turns":2},{"damage":0,"enemies":"Gremlin Gang","floor":13,"turns":2},{"damage":31,"enemies":"Slime Boss","floor":16,"turns":3}],"seed_played":"-4428386995129881499","potions_obtained":[{"floor":8,"key":"potionbrewer:DiscountPotion"},{"floor":12,"key":"potionbrewer:ToxicPotion"}],"is_trial":false,"path_per_floor":["M","?","$","M","?","E","R","M","T","R","?","M","M","$","R","B"],"character_chosen":"POTIONBREWER","items_purchased":["potionbrewer:ChemicalWeapons","potionbrewer:ChainReaction","potionbrewer:CausticBarrier"],"campfire_rested":1,"item_purchase_floors":[3,14,14],"current_hp_per_floor":[41,41,41,41,26,16,16,16,16,16,16,3,3,3,25,0,0],"gold":1,"neow_bonus":"ONE_RARE_RELIC","is_daily":false,"chose_seed":false,"campfire_upgraded":2,"win_rate":0.0,"timestamp":1609222058,"path_taken":["M","?","$","M","?","E","R","M","T","R","?","?","M","$","R","BOSS"],"items_purchased_type":["Card","Card","Card"],"build_version":"2020-12-22","purchased_purges":0,"victory":false,"max_hp_per_floor":[75,75,75,75,75,75,75,75,75,75,75,75,75,75,75,75,75],"card_choices":[{"not_picked":["potionbrewer:FortifiedSerum","potionbrewer:VolatileSolution"],"picked":"potionbrewer:BlindingMist","floor":1},{"not_picked":["potionbrewer:CausticBarrier","potionbrewer:LabAccident"],"picked":"potionbrewer:ChemicalShroud","floor":4},{"not_picked":["potionbrewer:Brandish","potionbrewer:TestFormula","potionbrewer:VolatileSolution"],"picked":"SKIP","floor":6},{"not_picked":["potionbrewer:Smack","potionbrewer:CausticBarrier"],"picked":"potionbrewer:HazardousWaste","floor":8},{"not_picked":["potionbrewer:UnstableFormula","potionbrewer:Brandish"],"picked":"potionbrewer:LeftoverSpecimen","floor":12},{"not_picked":["potionbrewer:FortifiedSerum","potionbrewer:Brandish"],"picked":"potionbrewer:Smack","floor":13}],"player_experience":1976951,"relics_obtained":[{"floor":6,"key":"vexMod:MemoryStick"},{"floor":9,"key":"SumBook"}],"event_choices":[{"damage_healed":41,"gold_gain":0,"player_choice":"Upgrade","damage_taken":15,"max_hp_gain":0,"max_hp_loss":75,"event_name":"betterThird:BetterShining","floor":5,"gold_loss":0,"cards_upgraded":["potionbrewer:PotionbrewerStrike","potionbrewer:PotionbrewerStrike"]},{"damage_healed":0,"gold_gain":0,"player_choice":"Gave Potion","damage_taken":0,"relics_obtained":["Art of War"],"max_hp_gain":0,"max_hp_loss":0,"event_name":"WeMeetAgain","floor":11,"gold_loss":0}],"is_beta":false,"boss_relics":[],"items_purged_floors":[],"is_endless":false,"potions_floor_spawned":[8,12],"killed_by":"Slime Boss","ascension_level":10}}