{"host":"d73an99q9oevilk5","time":1609208820,"event":{"mods":["2.2 Compatiblity","AchievementEnabler","Act Like it!","Aspiration","BaseMod","Beaked The Cultist","Better Third Choice","BetterRewards","Colored Map","Colored Powertips","Conspire","GifTheSpireLib","Halation","Hubris","Infinite Spire","Mimic Mod","Minty Spire (QoL Compilation)","Quick Restart","Relic Sorter","Replay The Spire","Shop Mod","Spikes Relics","StSLib","Stuff the Spire","The Cursed","The Necromancer","The Saiyan","The Senshi","Waifu the Spire","egg","slay the spire mod where everything is the same but ironclad has a cowboy hat","vexMod"],"gold_per_floor":[118,134,134,151,170,170,199,199,199,199,217,228,263,277,277,379,379,390,403,403,403,108,108,119,119,157,157,171,183,203,234,234,332,332,352,362,362,373,373,373,386,412,446,461,461,461,496,506,506,506],"floor_reached":51,"playtime":2202,"items_purged":["Writhe"],"score":763,"play_id":"aa6a7531-e17f-41d5-9826-260403b7d7cc","local_time":"20201228192700","is_ascension_mode":false,"campfire_choices":[{"data":"beaked:Ceremony","floor":6.0,"key":"SMITH"},{"data":"beaked:Ceremony","floor":15.0,"key":"SMITH"},{"data":"beaked:Brace","floor":23.0,"key":"SMITH"},{"data":"beaked:Caw","floor":23.0,"key":"SMITH"},{"data":"beaked:MachineSpirit","floor":25.0,"key":"SMITH"},{"data":"beaked:Defend_Y","floor":25.0,"key":"SMITH"},{"data":"beaked:Foresight","floor":27.0,"key":"SMITH"},{"data":"beaked:MimicWarrior","floor":27.0,"key":"SMITH"},{"data":"beaked:WindBringer","floor":32.0,"key":"SMITH"},{"data":"beaked:Evade","floor":32.0,"key":"SMITH"},{"data":"beaked:Foresight","floor":40.0,"key":"SMITH"},{"data":"beaked:Defend_Y","floor":40.0,"key":"SMITH"},{"data":"ReplayTheSpireMod:RavenHex","floor":45,"key":"SMITH"},{"data":"beaked:Defend_Y","floor":45,"key":"SMITH"},{"floor":49,"key":"DIG"}],"circlet_count":0,"master_deck":["beaked:Strike_Y","beaked:Strike_Y","beaked:Strike_Y","beaked:Strike_Y","beaked:Strike_Y","beaked:Strike_Y","beaked:Defend_Y+1","beaked:Defend_Y","beaked:Defend_Y+1","beaked:Defend_Y+1","beaked:Ceremony+1","beaked:Ceremony+1","beaked:Ceremony+1","beaked:MimicWarrior+1","beaked:WindBringer","beaked:Brace+1","ReplayTheSpireMod:RavenHex+1","beaked:Evade+1","beaked:Foresight+1","beaked:StickSmack+1","beaked:Foresight+1","beaked:Caw+1","Intolerance","beaked:Foresight+1","beaked:Flinch+1","beaked:MachineSpirit+1","beaked:Foresight+1","beaked:Evade+1","beaked:Insight+1","beaked:WarriorSpirit+1","beaked:WindBringer+1","beaked:KnowThyFoe+1","beaked:Foresight+1","beaked:CursingBlood+1","beaked:Evade+1","beaked:WarriorEssence+1","beaked:Replenish+1","beaked:CursingBlood+1","beaked:WarriorEssence"],"relics":["beaked:MendingPlumage","NeowsBlessing","hubris:SlimyHat","aspiration:FrozenJewel","infinitespire:Golems Mask","Counterbalance","Replay:Ancient Bell","Oddly Smooth Stone","hubris:SphereOfDissonance","halation:PenCase","vexMod:ImprovementManual","Lizard Tail","hubris:CrystalStatue","vexMod:PlasmaPancake","Philosopher\u0027s Stone","Anchor","Du-Vu Doll","aspiration:HummingbirdHeart","hubris:TenFootPole"],"acts_visited":["Exordium","TheCity","TheBeyond"],"potions_floor_usage":[41,50,50,50,50,50,50],"damage_taken":[{"damage":0.0,"enemies":"Small Slimes","floor":1.0,"turns":1.0},{"damage":0.0,"enemies":"2 Louse","floor":2.0,"turns":1.0},{"damage":0.0,"enemies":"Cultist","floor":4.0,"turns":1.0},{"damage":14.0,"enemies":"Lots of Slimes","floor":5.0,"turns":5.0},{"damage":31.0,"enemies":"Gremlin Nob","floor":7.0,"turns":6.0},{"damage":0.0,"enemies":"Large Slime","floor":11.0,"turns":6.0},{"damage":15.0,"enemies":"Exordium Thugs","floor":12.0,"turns":5.0},{"damage":35.0,"enemies":"Lagavulin","floor":13.0,"turns":7.0},{"damage":6.0,"enemies":"Lots of Slimes","floor":14.0,"turns":2.0},{"damage":45.0,"enemies":"The Guardian","floor":16.0,"turns":9.0},{"damage":0.0,"enemies":"3 Byrds","floor":18.0,"turns":7.0},{"damage":43.0,"enemies":"2 Thieves","floor":19.0,"turns":5.0},{"damage":4.0,"enemies":"3 Cultists","floor":24.0,"turns":3.0},{"damage":10.0,"enemies":"Snake Plant","floor":26.0,"turns":9.0},{"damage":1.0,"enemies":"Snake Plant","floor":28.0,"turns":6.0},{"damage":4.0,"enemies":"Centurion and Healer","floor":29.0,"turns":6.0},{"damage":15.0,"enemies":"Sentry and Sphere","floor":30.0,"turns":6.0},{"damage":21.0,"enemies":"Gremlin Leader","floor":31.0,"turns":6.0},{"damage":66.0,"enemies":"hubris:MusketHawk","floor":33.0,"turns":8.0},{"damage":17.0,"enemies":"3 Shapes","floor":35.0,"turns":2.0},{"damage":5.0,"enemies":"Orb Walker","floor":36.0,"turns":3.0},{"damage":48.0,"enemies":"Sphere and 2 Shapes","floor":38.0,"turns":6.0},{"damage":12,"enemies":"Writhing Mass","floor":41,"turns":9},{"damage":24,"enemies":"conspire:MimicChest","floor":42,"turns":7},{"damage":0,"enemies":"Transient","floor":43,"turns":13},{"damage":46,"enemies":"Transient","floor":44,"turns":5},{"damage":20,"enemies":"Giant Head","floor":47,"turns":7},{"damage":47,"enemies":"Spire Growth","floor":48,"turns":7},{"damage":58,"enemies":"Donu and Deca","floor":50,"turns":8}],"seed_played":"7139340776359187834","potions_obtained":[{"floor":1.0,"key":"SpeedPotion"},{"floor":4.0,"key":"SpeedPotion"},{"floor":5.0,"key":"FearPotion"},{"floor":13.0,"key":"DuplicationPotion"},{"floor":16.0,"key":"PowerPotion"},{"floor":41,"key":"Energy Potion"},{"floor":42,"key":"Regen Potion"}],"is_trial":false,"path_per_floor":["M","M","$","M","M","R","E","?","T","?","M","M","E","M","R","B",null,"M","M","AVR","?","$","R","M","R","MIM","R","M","M","M","E","R","B",null,"M","M","?","M","?","R","M","?","MIM","M","R","?","E","M","R_BF","B",null],"character_chosen":"BEAKED_THE_CULTIST","items_purchased":["Lizard Tail"],"campfire_rested":0,"item_purchase_floors":[22],"current_hp_per_floor":[50,50,50,50,49,49,29,29,29,29,47,46,25,24,24,15,50,50,15,15,15,15,15,16,16,33,33,50,49,49,51,51,25,56,42,46,46,26,26,26,54,56,56,22,22,22,32,28,28,54],"gold":506,"neow_bonus":"THREE_ENEMY_KILL","is_daily":false,"chose_seed":false,"campfire_upgraded":14,"win_rate":0.0,"timestamp":1609208820,"path_taken":["M","M","$","M","M","R","E","?","T","?","?","M","E","M","R","BOSS","M","?","AVR","?","?","R","M","R","MIM","R","M","?","M","E","R","BOSS","M","M","?","?","?","R","M","?","MIM","M","R","?","E","M","R_BF","BOSS"],"items_purchased_type":["Relic"],"build_version":"2020-12-22","purchased_purges":1,"victory":true,"max_hp_per_floor":[50,50,50,50,50,50,50,50,50,50,50,50,50,50,50,50,50,50,50,50,50,50,50,50,50,50,50,50,50,50,56,56,56,56,56,56,56,56,56,56,56,56,56,56,56,56,56,56,56,56],"card_choices":[{"not_picked":["beaked:MimicHuntress","beaked:Cower"],"picked":"beaked:MimicWarrior","floor":1.0},{"not_picked":["beaked:Tweet","beaked:CursingBlood"],"picked":"beaked:WindBringer","floor":2.0},{"not_picked":["beaked:Insight","beaked:BarbedWire"],"picked":"beaked:Brace","floor":4.0},{"not_picked":["beaked:Resilience","beaked:BounceBack"],"picked":"beaked:Roost","floor":5.0},{"not_picked":["beaked:Poke","beaked:Insight"],"picked":"ReplayTheSpireMod:RavenHex","floor":7.0},{"not_picked":["beaked:StickSmack","beaked:Struggle"],"picked":"beaked:Evade","floor":11.0},{"not_picked":["beaked:Molting","beaked:Daydream"],"picked":"beaked:Foresight","floor":12.0},{"not_picked":["beaked:DigDeeper","beaked:BarbedWire"],"picked":"beaked:StickSmack","floor":13.0},{"not_picked":["beaked:TuckingFeathers","beaked:MaddeningMurmurs"],"picked":"beaked:Foresight","floor":14.0},{"not_picked":["beaked:DarkPact","beaked:SacrificialScars"],"picked":"beaked:Caw","floor":16.0},{"not_picked":["conspire:Blindness","conspire:NecroticWound"],"picked":"Writhe","floor":17.0},{"not_picked":["ReplayTheSpireMod:Compounding Headache","Languid"],"picked":"TheCursedMod:Dregs","floor":17.0},{"not_picked":["conspire:NecroticWound","hubris:Sloth"],"picked":"Intolerance","floor":17.0},{"not_picked":["beaked:Redirect+1","beaked:DigDeep"],"picked":"beaked:Foresight","floor":18.0},{"not_picked":["beaked:Tweet","beaked:FeelMyPain+1"],"picked":"beaked:Flinch+1","floor":19.0},{"not_picked":["beaked:Resilience+1","beaked:FeelMyPain"],"picked":"beaked:MachineSpirit","floor":24.0},{"not_picked":["beaked:MaddeningMurmurs","beaked:Mantra+1"],"picked":"beaked:Foresight","floor":26.0},{"not_picked":["beaked:WarriorEssence","beaked:WarriorSpirit"],"picked":"beaked:Evade","floor":28.0},{"not_picked":["beaked:BloodForTheGods","beaked:HuntressEssence"],"picked":"beaked:Insight+1","floor":29.0},{"not_picked":["beaked:Poke","beaked:FakeOut"],"picked":"beaked:WarriorSpirit+1","floor":30.0},{"not_picked":["beaked:VigorBurst","beaked:MimicHuntress"],"picked":"beaked:WindBringer","floor":31.0},{"not_picked":["beaked:DarkTribute","beaked:ShadowFade"],"picked":"beaked:KnowThyFoe","floor":33.0},{"not_picked":["beaked:DigDeep+1","beaked:Redirect+1"],"picked":"beaked:Foresight","floor":35.0},{"not_picked":["beaked:FeelMyPain+1","beaked:DesperateSwing+1"],"picked":"beaked:CursingBlood+1","floor":36.0},{"not_picked":["beaked:CursingBlood+1","beaked:CheekyTricks"],"picked":"beaked:Evade+1","floor":38.0},{"not_picked":["beaked:Brace+1","beaked:BraceForImpact+1"],"picked":"beaked:WarriorEssence+1","floor":41},{"not_picked":["beaked:SacrificialAttack","beaked:ShadowFade"],"picked":"beaked:Replenish+1","floor":42},{"not_picked":["beaked:Resilience+1","beaked:Tradeoff+1"],"picked":"beaked:CursingBlood+1","floor":44},{"not_picked":["beaked:Tradeoff+1","beaked:SurvivalInstinct","beaked:BraceForImpact+1"],"picked":"SKIP","floor":47},{"not_picked":["beaked:Flinch+1","beaked:Windmill"],"picked":"beaked:WarriorEssence","floor":48}],"player_experience":1759944,"relics_obtained":[{"floor":7.0,"key":"hubris:SlimyHat"},{"floor":8.0,"key":"aspiration:FrozenJewel"},{"floor":9.0,"key":"infinitespire:Golems Mask"},{"floor":13.0,"key":"Counterbalance"},{"floor":26.0,"key":"hubris:CrystalStatue"},{"floor":31.0,"key":"vexMod:PlasmaPancake"},{"floor":42,"key":"Anchor"},{"floor":43,"key":"Du-Vu Doll"},{"floor":47,"key":"aspiration:HummingbirdHeart"},{"floor":49,"key":"hubris:TenFootPole"}],"event_choices":[{"cards_removed":["beaked:Roost"],"damage_healed":0.0,"max_hp_gain":0.0,"max_hp_loss":0.0,"gold_gain":0.0,"event_name":"Purifier","player_choice":"Purged","floor":10.0,"gold_loss":0.0,"damage_taken":0.0},{"damage_healed":0.0,"max_hp_gain":0.0,"max_hp_loss":0.0,"gold_gain":0.0,"event_name":"Upgrade Shrine","player_choice":"Upgraded","floor":21.0,"gold_loss":0.0,"damage_taken":0.0,"cards_upgraded":["beaked:Ceremony"]},{"damage_healed":0.0,"max_hp_gain":0.0,"max_hp_loss":0.0,"gold_gain":0.0,"event_name":"Accursed Blacksmith","player_choice":"Forge","floor":37.0,"gold_loss":0.0,"damage_taken":0.0,"cards_upgraded":["beaked:KnowThyFoe"]},{"damage_healed":0.0,"max_hp_gain":0.0,"max_hp_loss":0.0,"gold_gain":0.0,"event_name":"Mysterious Sphere","player_choice":"Ignored","floor":39.0,"gold_loss":0.0,"damage_taken":0.0},{"cards_removed":["TheCursedMod:Dregs"],"damage_healed":0,"gold_gain":0,"player_choice":"Purged","damage_taken":0,"max_hp_gain":0,"max_hp_loss":0,"event_name":"Purifier","floor":46,"gold_loss":0}],"is_beta":false,"boss_relics":[{"not_picked":["Pandora\u0027s Box","conspire:SpecialSausage"],"picked":"Replay:Ancient Bell"},{"not_picked":["Centennial Puzzle","Smiling Mask"],"picked":"Oddly Smooth Stone"},{"not_picked":["StuffTheSpire:EmeraldSignet","aspiration:StickyExplosives_weak"],"picked":"hubris:SphereOfDissonance"},{"not_picked":["Unceasing Top","halation:VictoryRuler"],"picked":"halation:PenCase"},{"not_picked":["Empty Cage","CosmicIsotope"],"picked":"Philosopher\u0027s Stone"}],"items_purged_floors":[20],"is_endless":false,"potions_floor_spawned":[1,4,5,13,14,16,28,29,30,33,41,42,44],"ascension_level":0}}