{"host":"oy4pyvr762z5n0bb","time":1609214745,"event":{"mods":["AchievementEnabler","BaseMod","Colored Map","Colored Powertips","Googly Eyes","Key Reminder","Minty Spire (QoL Compilation)","Quick Restart","Relic Sorter","StSLib","SuperFastMode","Unceasing Turn Reminder","slay the spire mod where everything is the same but ironclad has a cowboy hat"],"gold_per_floor":[110,61,136,151,171,171,24,40,121,148,164,164,178,178,178,278,278,293,304,304,304,3,3,28,28,74,74,103,103,203,203,203,298,348,367,367,367,46,65,94,94,120,146,173,173,223,223,271,271,271],"floor_reached":51,"playtime":769,"items_purged":["Strike_R","Strike_R"],"score":1031,"play_id":"1637e445-c1bb-415f-acf8-b80e9085d6a2","local_time":"20201228200545","is_ascension_mode":true,"campfire_choices":[{"data":"1","floor":6.0,"key":"LIFT"},{"data":"2","floor":12.0,"key":"LIFT"},{"data":"3","floor":15.0,"key":"LIFT"},{"floor":23.0,"key":"REST"},{"floor":25.0,"key":"REST"},{"data":"Double Tap","floor":27.0,"key":"SMITH"},{"data":"Cleave","floor":29.0,"key":"SMITH"},{"data":"Pommel Strike","floor":32.0,"key":"SMITH"},{"data":"Limit Break","floor":41.0,"key":"SMITH"},{"data":"Double Tap","floor":45.0,"key":"SMITH"},{"data":"Heavy Blade","floor":49.0,"key":"SMITH"}],"circlet_count":0,"master_deck":["Strike_R+1","Strike_R+1","Defend_R","Defend_R+1","Defend_R","Defend_R+1","Bash","Perfected Strike","Cleave+1","Thunderclap+1","Pommel Strike+1","Heavy Blade","Dual Wield+1","Wild Strike","Double Tap+1","Cleave+1","Twin Strike","Hemokinesis","Iron Wave+1","Dropkick","Double Tap+1","Limit Break+1","Heavy Blade+1","Spot Weakness+1"],"relics":["Burning Blood","Girya","Brimstone","Pantograph","Anchor","Philosopher\u0027s Stone","HandDrill","Bag of Marbles","Tiny Chest","War Paint","Incense Burner","Singing Bowl","Shuriken","Tiny House","The Courier","Regal Pillow","Whetstone","StrikeDummy","Toy Ornithopter","Juzu Bracelet","Mercury Hourglass","TungstenRod","Potion Belt"],"acts_visited":["Exordium","TheCity","TheBeyond"],"potions_floor_usage":[50,50],"damage_taken":[{"damage":1.0,"enemies":"Cultist","floor":1.0,"turns":3.0},{"damage":2.0,"enemies":"Jaw Worm","floor":4.0,"turns":3.0},{"damage":7.0,"enemies":"Small Slimes","floor":5.0,"turns":3.0},{"damage":0.0,"enemies":"3 Louse","floor":8.0,"turns":1.0},{"damage":10.0,"enemies":"Gremlin Nob","floor":10.0,"turns":3.0},{"damage":0.0,"enemies":"Looter","floor":11.0,"turns":1.0},{"damage":0.0,"enemies":"2 Fungi Beasts","floor":13.0,"turns":2.0},{"damage":48.0,"enemies":"The Guardian","floor":16.0,"turns":7.0},{"damage":30.0,"enemies":"3 Byrds","floor":18.0,"turns":3.0},{"damage":0.0,"enemies":"Spheric Guardian","floor":19.0,"turns":2.0},{"damage":34.0,"enemies":"Book of Stabbing","floor":24.0,"turns":3.0},{"damage":1.0,"enemies":"Slavers","floor":28.0,"turns":2.0},{"damage":3.0,"enemies":"Colosseum Slavers","floor":30.0,"turns":2.0},{"damage":2.0,"enemies":"Colosseum Nobs","floor":30.0,"turns":2.0},{"damage":45.0,"enemies":"Champ","floor":33.0,"turns":5.0},{"damage":0.0,"enemies":"Orb Walker","floor":35.0,"turns":2.0},{"damage":22.0,"enemies":"3 Shapes","floor":39.0,"turns":3.0},{"damage":2.0,"enemies":"Reptomancer","floor":40.0,"turns":4.0},{"damage":24.0,"enemies":"Giant Head","floor":42.0,"turns":5.0},{"damage":0.0,"enemies":"Nemesis","floor":44.0,"turns":3.0},{"damage":2.0,"enemies":"Mind Bloom Boss Battle","floor":46.0,"turns":2.0},{"damage":65,"enemies":"Donu and Deca","floor":50,"turns":5}],"seed_played":"7354131775438602786","potions_obtained":[{"floor":5.0,"key":"HeartOfIron"},{"floor":8.0,"key":"Fruit Juice"},{"floor":10.0,"key":"Fire Potion"},{"floor":16.0,"key":"Ancient Potion"},{"floor":19.0,"key":"BlessingOfTheForge"},{"floor":28.0,"key":"SkillPotion"},{"floor":30.0,"key":"Block Potion"},{"floor":33.0,"key":"BloodPotion"},{"floor":44.0,"key":"Fruit Juice"}],"is_trial":false,"path_per_floor":["M","$","?","M","M","R","$","M","T","E","M","R","M","?","R","B",null,"M","M","?","?","$","R","E","R","T","R","E","R","?","?","R","B",null,"M","?","T","$","M","E","R","E","T","E","R","?","?","T","R","B",null],"character_chosen":"IRONCLAD","items_purchased":["Cleave","Brimstone","HandDrill","Hemokinesis","Regal Pillow","Whetstone"],"campfire_rested":2,"item_purchase_floors":[2,7,22,22,38,38],"current_hp_per_floor":[61,61,50,54,53,53,53,59,64,60,66,66,72,55,55,38,73,49,55,55,39,39,66,38,65,65,65,70,70,79,79,79,53,89,97,97,97,97,83,87,87,69,69,77,77,105,100,100,100,46],"gold":271,"neow_bonus":"ONE_RARE_RELIC","is_daily":false,"chose_seed":false,"campfire_upgraded":6,"win_rate":0.0,"timestamp":1609214745,"path_taken":["M","$","?","M","M","R","$","M","T","E","M","R","M","?","R","BOSS","M","M","?","?","$","R","E","R","T","R","E","R","?","?","R","BOSS","M","?","?","$","?","E","R","E","T","E","R","?","?","?","R","BOSS"],"items_purchased_type":["Card","Relic","Relic","Card","Relic","Relic"],"build_version":"2020-12-22","purchased_purges":2,"victory":true,"max_hp_per_floor":[80,80,80,80,80,80,80,80,85,85,85,85,85,85,85,85,85,85,85,85,90,90,90,90,90,90,90,90,90,92,92,92,92,99,101,101,101,101,103,103,103,103,103,105,105,105,100,100,100,105],"card_choices":[{"not_picked":["Thunderclap","Anger"],"picked":"Perfected Strike","floor":1.0},{"not_picked":["Combust","Clothesline"],"picked":"Thunderclap","floor":4.0},{"not_picked":["Headbutt","Armaments"],"picked":"Pommel Strike","floor":5.0},{"not_picked":["Perfected Strike","Demon Form"],"picked":"Heavy Blade","floor":8.0},{"not_picked":["Berserk","Anger","Rage"],"picked":"SKIP","floor":10.0},{"not_picked":["Sentinel","Twin Strike"],"picked":"Dual Wield","floor":11.0},{"not_picked":["Clash","Warcry"],"picked":"Wild Strike","floor":13.0},{"not_picked":["Impervious","Demon Form"],"picked":"Double Tap","floor":16.0},{"not_picked":["Burning Pact","Rupture"],"picked":"Cleave","floor":18.0},{"not_picked":["Warcry","True Grit"],"picked":"Twin Strike","floor":19.0},{"not_picked":["Spot Weakness","Pommel Strike+1"],"picked":"Iron Wave+1","floor":24.0},{"not_picked":["Rage","Bloodletting"],"picked":"Dropkick","floor":28.0},{"not_picked":["Flex","Entrench","Thunderclap+1"],"picked":"Singing Bowl","floor":30.0},{"not_picked":["Fiend Fire","Feed"],"picked":"Double Tap","floor":33.0},{"not_picked":["Evolve","Iron Wave","Flex"],"picked":"Singing Bowl","floor":34.0},{"not_picked":["Twin Strike","Dual Wield","Sentinel+1"],"picked":"Singing Bowl","floor":35.0},{"not_picked":["Body Slam","Pommel Strike","Rampage+1"],"picked":"Singing Bowl","floor":39.0},{"not_picked":["Twin Strike+1","Dark Embrace"],"picked":"Limit Break","floor":40.0},{"not_picked":["Havoc","Searing Blow"],"picked":"Heavy Blade","floor":42.0},{"not_picked":["Flex+1","Battle Trance","Rampage"],"picked":"Singing Bowl","floor":44.0},{"not_picked":["Ghostly Armor+1","Shrug It Off+1"],"picked":"Spot Weakness+1","floor":46.0}],"player_experience":591919,"relics_obtained":[{"floor":9.0,"key":"Pantograph"},{"floor":10.0,"key":"Anchor"},{"floor":24.0,"key":"Bag of Marbles"},{"floor":26.0,"key":"Tiny Chest"},{"floor":28.0,"key":"War Paint"},{"floor":30.0,"key":"Incense Burner"},{"floor":30.0,"key":"Singing Bowl"},{"floor":37.0,"key":"The Courier"},{"floor":40.0,"key":"StrikeDummy"},{"floor":42.0,"key":"Toy Ornithopter"},{"floor":43.0,"key":"Juzu Bracelet"},{"floor":44.0,"key":"Mercury Hourglass"},{"floor":46.0,"key":"TungstenRod"},{"floor":48.0,"key":"Potion Belt"}],"event_choices":[{"damage_healed":0.0,"max_hp_gain":0.0,"max_hp_loss":0.0,"gold_gain":75.0,"event_name":"World of Goop","player_choice":"Gather Gold","floor":3.0,"gold_loss":0.0,"damage_taken":11.0},{"damage_healed":0.0,"max_hp_gain":0.0,"max_hp_loss":0.0,"gold_gain":0.0,"event_name":"Shining Light","player_choice":"Entered Light","floor":14.0,"gold_loss":0.0,"damage_taken":17.0,"cards_upgraded":["Strike_R","Defend_R"]},{"damage_healed":0.0,"max_hp_gain":0.0,"max_hp_loss":0.0,"gold_gain":0.0,"event_name":"Ghosts","player_choice":"Ignored","floor":20.0,"gold_loss":0.0,"damage_taken":0.0},{"damage_healed":0.0,"max_hp_gain":5.0,"max_hp_loss":0.0,"gold_gain":0.0,"event_name":"Forgotten Altar","player_choice":"Shed Blood","floor":21.0,"gold_loss":0.0,"damage_taken":21.0},{"damage_healed":0.0,"max_hp_gain":0.0,"max_hp_loss":0.0,"gold_gain":0.0,"event_name":"Colosseum","player_choice":"Fight","floor":30.0,"gold_loss":0.0,"damage_taken":0.0},{"damage_healed":0.0,"max_hp_gain":0.0,"max_hp_loss":0.0,"gold_gain":0.0,"event_name":"Colosseum","player_choice":"Fought Nobs","floor":30.0,"gold_loss":0.0,"damage_taken":0.0},{"damage_healed":0.0,"max_hp_gain":0.0,"max_hp_loss":0.0,"gold_gain":0.0,"event_name":"The Mausoleum","player_choice":"Opened","floor":31.0,"gold_loss":0.0,"damage_taken":0.0,"relics_obtained":["Shuriken"]},{"cards_removed":["Strike_R"],"damage_healed":0.0,"max_hp_gain":0.0,"max_hp_loss":0.0,"gold_gain":0.0,"event_name":"Purifier","player_choice":"Purged","floor":36.0,"gold_loss":0.0,"damage_taken":0.0},{"damage_healed":0.0,"max_hp_gain":0.0,"max_hp_loss":0.0,"gold_gain":0.0,"event_name":"MindBloom","player_choice":"Fight","floor":46.0,"gold_loss":0.0,"damage_taken":0.0},{"damage_healed":0.0,"max_hp_gain":0.0,"max_hp_loss":5.0,"gold_gain":0.0,"event_name":"Winding Halls","player_choice":"Max HP","floor":47.0,"gold_loss":0.0,"damage_taken":0.0}],"is_beta":false,"boss_relics":[{"not_picked":["Runic Dome","Snecko Eye"],"picked":"Philosopher\u0027s Stone"},{"not_picked":["Coffee Dripper","Velvet Choker"],"picked":"Tiny House"}],"items_purged_floors":[22,38],"is_endless":false,"potions_floor_spawned":[5,8,10,16,19,28,30,33,35,44],"ascension_level":5}}