{"host":"6qo42zgaknezulyg","time":1609230329,"event":{"mods":["2.2 Compatiblity","BaseMod","Colored Map","Highlight Path","Keyboard Shortcuts","Minty Spire (QoL Compilation)","Permanent Neow","Quick Restart","StSLib","SuperFastMode","The Runesmith"],"gold_per_floor":[109,129,144,69,82,82,95,115,115,126,138,138,168,168,168,287,287,308,308,303,303,316,316,316],"floor_reached":23,"playtime":1649,"items_purged":["Runesmith:Strike_RS"],"score":286,"play_id":"e562770d-ef24-4e8c-9890-eb6f4574265f","local_time":"20201229172529","is_ascension_mode":true,"campfire_choices":[{"data":"Runesmith:HammerAndChisel","floor":6.0,"key":"SMITH"},{"floor":12.0,"key":"REST"},{"floor":15.0,"key":"REST"}],"circlet_count":0,"master_deck":["Runesmith:Defend_RS","Runesmith:Defend_RS","Runesmith:Defend_RS","Runesmith:Defend_RS","Runesmith:CraftFirestone","Runesmith:Fortify","Runesmith:HammerAndChisel+1","Runesmith:Accelerate","Runesmith:Superposition","Runesmith:Permafrost","Runesmith:UnstableHammer","Runesmith:ChaoticBlast","Runesmith:ReplicatingBarrier","Writhe","Runesmith:Firestorm+1"],"relics":["Runesmith:BrokenRuby","Bird Faced Urn","Singing Bowl","Runesmith:MiniCore","Golden Idol","Empty Cage","Runesmith:EmergencyProvisions"],"acts_visited":["Exordium","TheCity"],"potions_floor_usage":[23,23],"damage_taken":[{"damage":0.0,"enemies":"Cultist","floor":1.0,"turns":4.0},{"damage":3.0,"enemies":"Jaw Worm","floor":2.0,"turns":5.0},{"damage":3.0,"enemies":"2 Louse","floor":3.0,"turns":3.0},{"damage":0.0,"enemies":"2 Fungi Beasts","floor":5.0,"turns":4.0},{"damage":26.0,"enemies":"Lots of Slimes","floor":7.0,"turns":5.0},{"damage":8.0,"enemies":"Large Slime","floor":8.0,"turns":5.0},{"damage":1.0,"enemies":"2 Fungi Beasts","floor":10.0,"turns":3.0},{"damage":2.0,"enemies":"Exordium Wildlife","floor":11.0,"turns":5.0},{"damage":3.0,"enemies":"Gremlin Nob","floor":13.0,"turns":3.0},{"damage":17.0,"enemies":"The Guardian","floor":16.0,"turns":9.0},{"damage":16.0,"enemies":"Shell Parasite","floor":18.0,"turns":6.0},{"damage":12.0,"enemies":"2 Thieves","floor":20.0,"turns":4.0},{"damage":26.0,"enemies":"Snake Plant","floor":22.0,"turns":6.0},{"damage":33,"enemies":"Slavers","floor":23,"turns":2}],"seed_played":"2608582711589205075","potions_obtained":[{"floor":1.0,"key":"Strength Potion"},{"floor":3.0,"key":"SpeedPotion"},{"floor":8.0,"key":"GamblersBrew"},{"floor":10.0,"key":"DuplicationPotion"},{"floor":11.0,"key":"Weak Potion"},{"floor":18.0,"key":"Regen Potion"},{"floor":20.0,"key":"SkillPotion"}],"is_trial":false,"path_per_floor":["M","M","M","$","M","R","M","M","T","M","M","R","E","?","R","B",null,"M","?","M","?","M","E"],"character_chosen":"RUNESMITH_CLASS","items_purchased":[],"campfire_rested":2,"item_purchase_floors":[],"current_hp_per_floor":[45,42,39,39,39,39,13,5,5,4,2,23,20,20,39,24,55,43,43,37,37,27,0,0],"gold":316,"neow_bonus":"ONE_RARE_RELIC","is_daily":false,"chose_seed":false,"campfire_upgraded":1,"win_rate":0.0,"timestamp":1609230329,"path_taken":["M","?","M","$","M","R","M","M","T","M","M","R","E","?","R","BOSS","M","?","?","?","M","E"],"items_purchased_type":[],"build_version":"2020-12-22","purchased_purges":1,"victory":false,"max_hp_per_floor":[70,70,70,70,70,70,70,70,70,70,70,70,70,65,65,65,65,67,67,69,69,69,69,69],"card_choices":[{"not_picked":["Runesmith:RuneHurl","Runesmith:UnstableHammer"],"picked":"Runesmith:HammerAndChisel","floor":1.0},{"not_picked":["Runesmith:ChiselStab","Runesmith:EarthShield","Runesmith:Overpower"],"picked":"SKIP","floor":2.0},{"not_picked":["Runesmith:HeatExchange","Runesmith:ChiselStab","Runesmith:Repurpose"],"picked":"SKIP","floor":3.0},{"not_picked":["Runesmith:Grindstone","Runesmith:StaticCage"],"picked":"Runesmith:Accelerate","floor":5.0},{"not_picked":["Runesmith:Prism","Runesmith:GenerateForcefield"],"picked":"Runesmith:Superposition","floor":7.0},{"not_picked":["Runesmith:PerfectChisel","Runesmith:EnergizedChisel","Runesmith:HeatExchange"],"picked":"SKIP","floor":8.0},{"not_picked":["Runesmith:MakeshiftArmor","Runesmith:Repurpose"],"picked":"Runesmith:Permafrost","floor":10.0},{"not_picked":["Runesmith:Firestorm","Runesmith:Repurpose"],"picked":"Runesmith:UnstableHammer","floor":11.0},{"not_picked":["Runesmith:GoWithTheFlow","Runesmith:Attraction"],"picked":"Runesmith:ChaoticBlast","floor":13.0},{"not_picked":["Runesmith:LastStand","Runesmith:Duplicate"],"picked":"Runesmith:ReplicatingBarrier","floor":16.0},{"not_picked":["Runesmith:Electrocute","Runesmith:HammerAndChisel","Runesmith:Discharge"],"picked":"Singing Bowl","floor":18.0},{"not_picked":["Runesmith:ChiselStab","Runesmith:PoweredAnvil","Runesmith:GoWithTheFlow"],"picked":"Singing Bowl","floor":20.0},{"not_picked":["Runesmith:HeatedChisel","Runesmith:CraftProtectio"],"picked":"Runesmith:Firestorm+1","floor":22.0}],"player_experience":756503,"relics_obtained":[{"floor":9.0,"key":"Singing Bowl"},{"floor":13.0,"key":"Runesmith:MiniCore"}],"event_choices":[{"damage_healed":0.0,"max_hp_gain":0.0,"max_hp_loss":5.0,"gold_gain":0.0,"event_name":"Golden Idol","player_choice":"Lose Max HP","floor":14.0,"gold_loss":0.0,"damage_taken":0.0,"relics_obtained":["Golden Idol"]},{"cards_removed":["Runesmith:Strike_RS"],"damage_healed":0.0,"max_hp_gain":0.0,"max_hp_loss":0.0,"gold_gain":0.0,"event_name":"Bonfire Elementals","player_choice":"Offered Basic","floor":19.0,"gold_loss":0.0,"damage_taken":0.0},{"damage_healed":0.0,"max_hp_gain":0.0,"max_hp_loss":0.0,"gold_gain":0.0,"event_name":"The Mausoleum","player_choice":"Opened","floor":21.0,"gold_loss":0.0,"damage_taken":0.0,"relics_obtained":["Runesmith:EmergencyProvisions"],"cards_obtained":["Writhe"]}],"is_beta":false,"boss_relics":[{"not_picked":["Coffee Dripper","Black Star"],"picked":"Empty Cage"}],"items_purged_floors":[4],"is_endless":false,"potions_floor_spawned":[1,3,8,10,11,18,20],"killed_by":"Slavers","ascension_level":9}}