{"host":"q4axc00jr2bozlh9","time":1609255179,"event":{"mods":["AchievementEnabler","BaseMod","Bestiary","Colored Map","Colored Powertips","Curses Come First","Minty Spire (QoL Compilation)","Relic Stats","StSLib","SuperFastMode"],"gold_per_floor":[116,191,191,208,208,208,228,228,254,86,86,86,97,10,10,110,110,122,136,136,136,155,155,175,375,402,414,232,232,251,286,286,386,386,398,409,18,318,92,92,92,92,92,121,71,71,87,87,87],"floor_reached":48,"playtime":2266,"items_purged":["Pain","Strike_R","Strike_R","Strike_R"],"score":491,"play_id":"d59c517f-39c5-4448-a4df-4c8411dec3c7","local_time":"20201229161939","is_ascension_mode":false,"campfire_choices":[{"data":"Fire Breathing","floor":6,"key":"SMITH"},{"data":"Reaper","floor":8,"key":"SMITH"},{"data":"Hemokinesis","floor":12,"key":"SMITH"},{"data":"Dark Shackles","floor":15,"key":"SMITH"},{"data":"Armaments","floor":23,"key":"SMITH"},{"floor":29,"key":"REST"},{"data":"Feed","floor":32,"key":"SMITH"},{"data":"Metallicize","floor":40,"key":"SMITH"},{"data":"Thinking Ahead","floor":42,"key":"SMITH"},{"floor":46,"key":"REST"}],"circlet_count":0,"master_deck":["Defend_R","Defend_R","Defend_R","Defend_R","Bash","Hemokinesis+1","Reaper+1","Fire Breathing+1","Demon Form+1","Clothesline","True Grit","Flash of Steel","Dual Wield","Dark Shackles+1","Immolate","Burning Pact+1","Armaments+1","Fire Breathing+1","Flex","Impatience","Feed+1","Infernal Blade+1","Feel No Pain","Exhume","Finesse","Metamorphosis","Metallicize+1","Transmutation","Thinking Ahead+1","Shrug It Off","Parasite"],"relics":["Burning Blood","Toy Ornithopter","Anchor","Busted Crown","Dream Catcher","Orichalcum","Runic Cube","Frozen Egg 2","Centennial Puzzle"],"acts_visited":["Exordium","TheCity","TheBeyond"],"potions_floor_usage":[31,31,33,33,48,48,48],"damage_taken":[{"damage":16,"enemies":"Small Slimes","floor":1,"turns":5},{"damage":7,"enemies":"2 Louse","floor":4,"turns":3},{"damage":7,"enemies":"Cultist","floor":7,"turns":4},{"damage":16,"enemies":"2 Fungi Beasts","floor":13,"turns":4},{"damage":64,"enemies":"The Guardian","floor":16,"turns":10},{"damage":0,"enemies":"Chosen","floor":18,"turns":4},{"damage":7,"enemies":"Shell Parasite","floor":19,"turns":6},{"damage":11,"enemies":"Centurion and Healer","floor":22,"turns":5},{"damage":24,"enemies":"Cultist and Chosen","floor":24,"turns":7},{"damage":28,"enemies":"Sentry and Sphere","floor":27,"turns":5},{"damage":10,"enemies":"Chosen and Byrds","floor":30,"turns":4},{"damage":23,"enemies":"Slavers","floor":31,"turns":5},{"damage":70,"enemies":"Collector","floor":33,"turns":9},{"damage":13,"enemies":"Orb Walker","floor":35,"turns":5},{"damage":14,"enemies":"3 Shapes","floor":36,"turns":3},{"damage":69,"enemies":"Reptomancer","floor":44,"turns":5},{"damage":35,"enemies":"Writhing Mass","floor":47,"turns":7},{"damage":80,"enemies":"Giant Head","floor":48,"turns":9}],"seed_played":"-5518145822560262129","potions_obtained":[{"floor":1,"key":"Weak Potion"},{"floor":7,"key":"AttackPotion"},{"floor":24,"key":"Weak Potion"},{"floor":31,"key":"Regen Potion"},{"floor":33,"key":"LiquidBronze"},{"floor":36,"key":"AttackPotion"},{"floor":44,"key":"Block Potion"}],"is_trial":false,"path_per_floor":["M","?","?","M","?","R","M","R","T","$","T","R","M","$","R","B",null,"M","M","?","?","M","R","M","?","T","M","$","R","M","E","R","B",null,"M","M","$","?","$","R","?","R","T","E","$","R","M","E"],"character_chosen":"IRONCLAD","items_purchased":["Flash of Steel","Dark Shackles","Impatience","Finesse","Metamorphosis","Metallicize","Shrug It Off"],"campfire_rested":2,"item_purchase_floors":[10,14,28,37,37,39,45],"current_hp_per_floor":[78,67,67,74,74,74,73,73,73,73,73,73,68,68,68,18,80,80,79,79,79,74,74,56,56,56,34,34,58,61,67,67,52,83,76,75,75,75,75,75,70,70,70,27,27,53,35,0,0],"gold":87,"neow_bonus":"TRANSFORM_TWO_CARDS","is_daily":false,"chose_seed":false,"campfire_upgraded":8,"win_rate":0.0,"timestamp":1609255179,"path_taken":["M","?","?","?","?","R","M","R","T","$","?","R","M","$","R","BOSS","M","M","?","?","M","R","?","?","T","M","$","R","M","E","R","BOSS","M","M","$","?","?","R","?","R","T","E","$","R","?","E"],"items_purchased_type":["Card","Card","Card","Card","Card","Card","Card"],"build_version":"2020-12-22","purchased_purges":4,"victory":false,"max_hp_per_floor":[80,80,80,80,80,80,80,80,80,80,80,80,80,80,80,80,80,80,80,80,80,80,80,80,80,80,80,80,80,80,83,83,83,83,83,83,83,83,83,83,83,83,83,87,87,87,91,91,91],"relic_stats":{"Dream Catcher":2,"Centennial Puzzle":[6],"Busted Crown":32,"counters":[18,100],"Orichalcum":[30],"obtain_stats":[{"Anchor":11,"Dream Catcher":26,"Centennial Puzzle":44,"Busted Crown":17,"Orichalcum":31,"Frozen Egg 2":43,"Burning Blood":0,"Toy Ornithopter":9,"Runic Cube":34},{"Anchor":3,"Dream Catcher":9,"Centennial Puzzle":16,"Busted Crown":5,"Orichalcum":12,"Frozen Egg 2":15,"Burning Blood":0,"Toy Ornithopter":3,"Runic Cube":13},{"Anchor":12,"Dream Catcher":48,"Centennial Puzzle":84,"Busted Crown":26,"Orichalcum":62,"Frozen Egg 2":79,"Burning Blood":0,"Toy Ornithopter":12,"Runic Cube":71}],"Burning Blood":96,"Toy Ornithopter":35,"Runic Cube":[19]},"card_choices":[{"not_picked":["Rage","Sword Boomerang"],"picked":"Fire Breathing","floor":1},{"not_picked":["Dropkick","Sword Boomerang"],"picked":"Clothesline","floor":4},{"not_picked":["Sentinel","Demon Form"],"picked":"True Grit","floor":7},{"not_picked":["Battle Trance","Headbutt"],"picked":"Dual Wield","floor":13},{"not_picked":["Offering","Reaper"],"picked":"Immolate","floor":16},{"not_picked":[],"picked":"Burning Pact+1","floor":18},{"not_picked":[],"picked":"Armaments","floor":19},{"not_picked":["Pommel Strike"],"picked":"SKIP","floor":22},{"not_picked":[],"picked":"Flex","floor":24},{"not_picked":["Cleave+1"],"picked":"SKIP","floor":27},{"not_picked":[],"picked":"Feed","floor":29},{"not_picked":[],"picked":"Infernal Blade+1","floor":30},{"not_picked":[],"picked":"Feel No Pain","floor":31},{"not_picked":[],"picked":"Exhume","floor":33},{"not_picked":["Anger"],"picked":"SKIP","floor":35},{"not_picked":["Havoc+1"],"picked":"SKIP","floor":36},{"not_picked":[],"picked":"Transmutation","floor":41},{"not_picked":[],"picked":"Thinking Ahead","floor":41},{"not_picked":["Sword Boomerang"],"picked":"SKIP","floor":44},{"not_picked":["Perfected Strike"],"picked":"SKIP","floor":47}],"player_experience":171381,"relics_obtained":[{"floor":9,"key":"Toy Ornithopter"},{"floor":11,"key":"Anchor"},{"floor":26,"key":"Dream Catcher"},{"floor":31,"key":"Orichalcum"},{"floor":43,"key":"Frozen Egg 2"},{"floor":44,"key":"Centennial Puzzle"}],"event_choices":[{"damage_healed":0,"gold_gain":75,"player_choice":"Gather Gold","damage_taken":11,"max_hp_gain":0,"max_hp_loss":0,"event_name":"World of Goop","floor":2,"gold_loss":0},{"damage_healed":0,"gold_gain":0,"player_choice":"1 cards matched","damage_taken":0,"max_hp_gain":0,"max_hp_loss":0,"event_name":"Match and Keep!","floor":3,"gold_loss":0,"cards_obtained":["Demon Form"]},{"damage_healed":0,"gold_gain":0,"player_choice":"Upgraded","damage_taken":0,"max_hp_gain":0,"max_hp_loss":0,"event_name":"Upgrade Shrine","floor":5,"gold_loss":0,"cards_upgraded":["Demon Form"]},{"damage_healed":0,"gold_gain":0,"player_choice":"Ignored","damage_taken":0,"max_hp_gain":0,"max_hp_loss":0,"event_name":"Vampires","floor":20,"gold_loss":0},{"damage_healed":0,"gold_gain":0,"player_choice":"Copied","damage_taken":0,"max_hp_gain":0,"max_hp_loss":0,"event_name":"Duplicator","floor":21,"gold_loss":0,"cards_obtained":["Fire Breathing"]},{"damage_healed":0,"gold_gain":250,"player_choice":"Bet on Owner","damage_taken":0,"max_hp_gain":0,"max_hp_loss":0,"event_name":"The Joust","floor":25,"gold_loss":50},{"damage_healed":0,"gold_gain":300,"player_choice":"Gold","damage_taken":0,"max_hp_gain":0,"max_hp_loss":0,"event_name":"Wheel of Change","floor":38,"gold_loss":0},{"damage_healed":0,"gold_gain":0,"player_choice":"Memory 2","damage_taken":5,"max_hp_gain":0,"max_hp_loss":0,"event_name":"SensoryStone","floor":41,"gold_loss":0}],"is_beta":false,"boss_relics":[{"not_picked":["Cursed Key","Velvet Choker"],"picked":"Busted Crown"},{"not_picked":["Empty Cage","Black Star"],"picked":"Runic Cube"}],"items_purged_floors":[10,28,37,39],"is_endless":false,"potions_floor_spawned":[1,7,24,30,31,33,36,44],"killed_by":"Giant Head","ascension_level":0}}