{"host":"wnm4ngtp3fl8u9g9","time":1609225796,"event":{"mods":["ATMod(°¢èªMod)","BaseMod","Downfall","GifTheSpireLib","Googly Eyes","Minty Spire (QoL Compilation)","Replay The Spire","Shop Mod","StSLib","vexMod"],"gold_per_floor":[99,99,99,199,199,199,199,216,230,230,250,285,15,49,67,67,67],"floor_reached":16,"playtime":952,"items_purged":[],"score":110,"play_id":"d08524db-b327-42ae-b8aa-774285bd9fa9","local_time":"20201229150956","is_ascension_mode":false,"campfire_choices":[{"data":"AT_RealColorLess","floor":1,"key":"SMITH"},{"data":"sneckomod:SerpentIdol","floor":7,"key":"SMITH"},{"data":"sneckomod:WideSting","floor":10,"key":"SMITH"}],"circlet_count":0,"master_deck":["sneckomod:Strike","sneckomod:Strike","sneckomod:Strike","sneckomod:Defend","sneckomod:Defend","sneckomod:Defend","sneckomod:TailWhip","sneckomod:SnekBite","sneckomod:Unknown","sneckomod:Unknown","AT_RealColorLess+1","sneckomod:UnknownClassGUARDIAN","sneckomod:SerpentIdol+1","sneckomod:Unknown0Cost","sneckomod:QuickMove","sneckomod:WideSting+1","sneckomod:DefensiveFlair","sneckomod:Unknown0Cost","sneckomod:UnknownEthereal","sneckomod:UnknownClassPURPLE","sneckomod:UnknownClassSLIMEBOUND"],"relics":["sneckomod:SneckoSoul","AT_ATBox","downfall:HeartsMalice","Golden Egg","Gremlin Food"],"acts_visited":["Exordium"],"potions_floor_usage":[16,16,16],"damage_taken":[{"damage":0,"enemies":"Small Slimes","floor":2,"turns":1},{"damage":0,"enemies":"2 Louse","floor":3,"turns":1},{"damage":0,"enemies":"Cultist","floor":5,"turns":1},{"damage":21,"enemies":"3 Sentries","floor":6,"turns":3},{"damage":15,"enemies":"Gremlin Gang","floor":8,"turns":5},{"damage":10,"enemies":"Blue Slaver","floor":9,"turns":3},{"damage":17,"enemies":"Lots of Slimes","floor":11,"turns":6},{"damage":0,"enemies":"2 Fungi Beasts","floor":12,"turns":4},{"damage":26,"enemies":"downfall:FleeingMerchant","floor":13,"turns":4},{"damage":4,"enemies":"Replay:BlueRogue","floor":14,"turns":3},{"damage":22,"enemies":"Blue Slaver","floor":15,"turns":4},{"damage":2,"enemies":"downfall:Defect","floor":16,"turns":3}],"seed_played":"9003207551123219571","potions_obtained":[{"floor":8,"key":"FearPotion"},{"floor":11,"key":"Strength Potion"},{"floor":14,"key":"Dexterity Potion"}],"is_trial":false,"path_per_floor":["R","M","M","?","M","E","R","M","M","R","M","M","$","E","M","B"],"character_chosen":"THE_SNECKO","items_purchased":["Golden Egg"],"campfire_rested":0,"item_purchase_floors":[13],"current_hp_per_floor":[90,91,91,91,92,71,71,56,46,46,29,30,26,23,2,0,0],"gold":67,"neow_bonus":"THREE_ENEMY_KILL","is_daily":false,"chose_seed":false,"campfire_upgraded":3,"win_rate":0.0,"timestamp":1609225796,"path_taken":["R","M","M","?","M","E","T","M","M","R","M","M","$","E","M","BOSS"],"items_purchased_type":["Relic"],"build_version":"2020-12-22","purchased_purges":0,"victory":false,"max_hp_per_floor":[90,91,91,91,92,92,92,92,92,92,92,93,94,95,96,96,96],"card_choices":[{"not_picked":["sneckomod:RainOfDice","sneckomod:UnknownClassTHE_CHAMP_GRAY"],"picked":"sneckomod:UnknownClassGUARDIAN","floor":2},{"not_picked":["sneckomod:UnknownVulnerable","sneckomod:SoulCleanse"],"picked":"sneckomod:SerpentIdol","floor":3},{"not_picked":["sneckomod:UnknownStrike","sneckomod:DiceBoulder"],"picked":"sneckomod:Unknown0Cost","floor":5},{"not_picked":["sneckomod:SoulRoll","sneckomod:UnknownCommonSkill"],"picked":"sneckomod:QuickMove","floor":8},{"not_picked":["sneckomod:UnknownVulnerable","sneckomod:UnknownClassGUARDIAN"],"picked":"sneckomod:WideSting","floor":9},{"not_picked":["sneckomod:UnknownVulnerable","sneckomod:DiceCrush"],"picked":"sneckomod:DefensiveFlair","floor":11},{"not_picked":["sneckomod:WideSting","sneckomod:UnknownClassRED"],"picked":"sneckomod:Unknown0Cost","floor":12},{"not_picked":["sneckomod:SerpentMind","sneckomod:QuickBite"],"picked":"sneckomod:UnknownEthereal","floor":13},{"not_picked":["sneckomod:DiceBlock","sneckomod:Unknown0Cost"],"picked":"sneckomod:UnknownClassPURPLE","floor":14},{"not_picked":["sneckomod:UnknownClassGREEN","sneckomod:UnknownStrike"],"picked":"sneckomod:UnknownClassSLIMEBOUND","floor":15}],"player_experience":330615,"relics_obtained":[{"floor":14,"key":"Gremlin Food"}],"event_choices":[],"is_beta":false,"boss_relics":[],"items_purged_floors":[],"is_endless":false,"potions_floor_spawned":[6,8,11,14,15],"killed_by":"downfall:Defect","ascension_level":0}}