{"host":"s1gi8xs3so6zkrm7","time":1609251372,"event":{"mods":["BaseMod","Filter the Spire","Minty Spire (QoL Compilation)"],"gold_per_floor":[111,18,28,28,28,28,38,73,98,98,113,113,113],"floor_reached":12,"playtime":598,"items_purged":[],"score":86,"play_id":"b32b1e2c-8cbe-4043-8d8f-3b9b4c714cc2","local_time":"20201229081612","is_ascension_mode":true,"campfire_choices":[{"floor":6,"key":"REST"},{"floor":10,"key":"REST"}],"circlet_count":0,"master_deck":["Strike_P","Strike_P","Strike_P","Defend_P","Defend_P+1","Defend_P","Defend_P","Eruption","Vigilance","ReachHeaven","ClearTheMind+1","Adaptation","EmptyFist","Conclude","ForeignInfluence","WaveOfTheHand"],"relics":["VioletLotus","Nunchaku","War Paint","Happy Flower"],"acts_visited":["Exordium"],"potions_floor_usage":[12],"damage_taken":[{"damage":0.0,"enemies":"Small Slimes","floor":1.0,"turns":3.0},{"damage":0.0,"enemies":"Jaw Worm","floor":3.0,"turns":3.0},{"damage":0,"enemies":"Cultist","floor":7,"turns":3},{"damage":28,"enemies":"Gremlin Nob","floor":8,"turns":3},{"damage":50,"enemies":"Exordium Thugs","floor":11,"turns":4},{"damage":18,"enemies":"3 Sentries","floor":12,"turns":3}],"seed_played":"2171108632077742145","potions_obtained":[{"floor":1.0,"key":"FearPotion"},{"floor":11,"key":"ColorlessPotion"}],"is_trial":false,"path_per_floor":["M","$","M","?","?","R","M","E","T","R","M","E"],"character_chosen":"WATCHER","items_purchased":["ClearTheMind","Adaptation"],"campfire_rested":2,"item_purchase_floors":[2,2],"current_hp_per_floor":[72,72,72,54,47,68,68,40,40,61,11,0,0],"gold":113,"neow_bonus":"BOSS_RELIC","is_daily":false,"chose_seed":false,"campfire_upgraded":0,"win_rate":0.0,"timestamp":1609251372,"path_taken":["M","$","M","?","?","R","M","E","T","R","M","E"],"items_purchased_type":["Card","Card"],"build_version":"2020-12-22","purchased_purges":0,"victory":false,"max_hp_per_floor":[72,72,72,72,72,72,72,72,72,72,72,72,72],"card_choices":[{"not_picked":["Study","EmptyMind"],"picked":"ReachHeaven","floor":1.0},{"not_picked":["Protect","Fasting2"],"picked":"EmptyFist","floor":3},{"not_picked":["CrushJoints","ForeignInfluence"],"picked":"Conclude","floor":7},{"not_picked":["Conclude","EmptyBody"],"picked":"ForeignInfluence","floor":8},{"not_picked":["ForeignInfluence","SashWhip"],"picked":"WaveOfTheHand","floor":11}],"player_experience":217733,"relics_obtained":[{"floor":8,"key":"War Paint"},{"floor":9,"key":"Happy Flower"}],"event_choices":[{"damage_healed":0,"gold_gain":0,"player_choice":"Success","damage_taken":18,"relics_obtained":["Nunchaku"],"max_hp_gain":0,"max_hp_loss":0,"event_name":"Scrap Ooze","floor":4,"gold_loss":0},{"cards_removed":["Strike_P"],"damage_healed":0,"gold_gain":0,"player_choice":"Card Removal","damage_taken":7,"max_hp_gain":0,"max_hp_loss":0,"event_name":"Golden Wing","floor":5,"gold_loss":0}],"is_beta":false,"boss_relics":[],"items_purged_floors":[],"is_endless":false,"potions_floor_spawned":[1,11],"killed_by":"3 Sentries","ascension_level":2}}