{"host":"uflv0e3ja7hvnij7","time":1609249479,"event":{"mods":["Aspiration","BaseMod","Better Altar","Better Match","Better Note","Better Sensory Stone","Better Skull","Better Third Choice","Conspire","Downfall","Hubris","Infinite Spire","Minty Spire (QoL Compilation)","Permanent Neow","Replay The Spire","StSLib"],"gold_per_floor":[112,127,145,70,83,83,95,95,95,95,95,95,95,109,109,206,206,118,118,118,18,33,33,58,75,75,75,86,86,86,101,101,196,196,206,218,0,18,18,18,46,61,61,95,95,95,114,140,140,244,244,256,256,258,263,277,277,294,294,294,303,285,289,306,311,311,493,493,496,517,525,483,497,497,500,500,500,509,509,359,376,375,375,449,449,449],"floor_reached":85,"playtime":4672,"items_purged":["Strike_G","ReplayTheSpireMod:Splinters","Defend_G","Catalyst+1","Sucker Punch+1","Defend_G+1","Flechettes+1"],"score":1695,"play_id":"f8f29e79-18af-4f94-b339-354b07aeaa2b","local_time":"20201229084439","is_ascension_mode":false,"campfire_choices":[{"data":"Guardian:DonusPower","floor":6.0,"key":"SMITH"},{"data":"Twin Strike","floor":8.0,"key":"SMITH"},{"data":"Deflect","floor":10.0,"key":"SMITH"},{"floor":15.0,"key":"DIG"},{"data":"Tools of the Trade","floor":23,"key":"SMITH"},{"data":"Survivor","floor":27,"key":"SMITH"},{"data":"infinitespire:TheBestDefense","floor":32,"key":"SMITH"},{"data":"Defend_G","floor":32,"key":"SMITH"},{"data":"Deflect","floor":40,"key":"SMITH"},{"data":"Good Instincts","floor":40,"key":"SMITH"},{"data":"infinitespire:Execution","floor":46,"key":"SMITH"},{"data":"Dodge and Roll","floor":46,"key":"SMITH"},{"data":"Escape Plan","floor":49,"key":"SMITH"},{"data":"Escape Plan","floor":49,"key":"SMITH"},{"data":"Escape Plan","floor":57,"key":"SMITH"},{"data":"Prepared","floor":57,"key":"SMITH"},{"data":"Tactician","floor":66,"key":"SMITH"},{"data":"Acrobatics","floor":66,"key":"SMITH"},{"data":"Phantasmal Killer","floor":74,"key":"SMITH"},{"data":"infinitespire:TheBestDefense","floor":74,"key":"SMITH"},{"data":"Terror","floor":83,"key":"SMITH"},{"data":"Terror","floor":83,"key":"SMITH"}],"circlet_count":0,"master_deck":["Survivor+1","Neutralize","Guardian:DonusPower+1","Twin Strike+1","Dagger Throw","Escape Plan+1","Deflect+1","Concentrate+1","Guardian:DonusPower","Tools of the Trade+1","Dagger Spray+1","Prepared+1","infinitespire:TheBestDefense+1","Sucker Punch+1","Dodge and Roll+1","Dagger Throw+1","Good Instincts+1","Deflect+1","infinitespire:Execution+1","Heel Hook+1","Slice+1","Slice+1","Escape Plan+1","Venomology+1","Escape Plan+1","Riddle With Holes+1","Expertise","infinitespire:TheBestDefense+1","Deflect","Acrobatics+1","Eviscerate+1","Tactician+1","Phantasmal Killer+1","Reflex","Finisher+1","Tactician+1","Dagger Throw+1","Terror+1","Terror+1"],"relics":["Ring of the Snake","aspiration:Nostalgia","m_GuardianBlood","ReplayTheSpireMod:Lightbulb","aspiration:BabyByrd","conspire:TopHat","aspiration:HatOfInfinitePower","Kintsugi","Molten Egg 2","Mango","hubris:SphereOfDissonance","Replay:Arrowhead","Astrolabe","hubris:Icosahedron","infinitespire:FocusingShard","Replay:Baseball","ReplayFunnel","hubris:DeckOfHolding","Onion Ring","hubris:ScarierMask","Guide Book","Anchor","conspire:Boomerang","hubris:AncientText","Orichalcum","SlaversCollar","Red Mask","infinitespire:Lychee Nut","Kunai","hubris:MysteriousPyramids","aspiration:Lifesprig"],"acts_visited":["Exordium","TheCity","TheBeyond","Exordium","TheCity","TheBeyond"],"potions_floor_usage":[24,33,33,48,54,62],"damage_taken":[{"damage":1.0,"enemies":"conspire:RoseBush","floor":1.0,"turns":3.0},{"damage":3.0,"enemies":"2 Louse","floor":2.0,"turns":4.0},{"damage":4.0,"enemies":"Cultist","floor":3.0,"turns":3.0},{"damage":10.0,"enemies":"Exordium Wildlife","floor":5.0,"turns":5.0},{"damage":5.0,"enemies":"Looter","floor":7.0,"turns":4.0},{"damage":3.0,"enemies":"3 Louse","floor":14.0,"turns":3.0},{"damage":36.0,"enemies":"Hexaghost","floor":16.0,"turns":8.0},{"damage":0,"enemies":"Chosen","floor":18,"turns":4},{"damage":11,"enemies":"Spheric Guardian","floor":22,"turns":4},{"damage":5,"enemies":"Slavers","floor":24,"turns":4},{"damage":12,"enemies":"Cultist and Chosen","floor":25,"turns":4},{"damage":1,"enemies":"Snecko","floor":28,"turns":4},{"damage":0,"enemies":"Centurion and Healer","floor":31,"turns":5},{"damage":10,"enemies":"Automaton","floor":33,"turns":5},{"damage":1,"enemies":"Orb Walker","floor":35,"turns":2},{"damage":19,"enemies":"3 Shapes","floor":36,"turns":3},{"damage":3,"enemies":"Maw","floor":38,"turns":3},{"damage":55,"enemies":"Nightmare","floor":41,"turns":5},{"damage":2,"enemies":"3 Darklings","floor":42,"turns":2},{"damage":0,"enemies":"Giant Head","floor":44,"turns":3},{"damage":0,"enemies":"Jaw Worm Horde","floor":47,"turns":3},{"damage":0,"enemies":"R_Hoarder","floor":48,"turns":2},{"damage":34,"enemies":"conspire:OrnateMirror","floor":50,"turns":4},{"damage":0,"enemies":"Cultist","floor":52,"turns":1},{"damage":0,"enemies":"Jaw Worm","floor":54,"turns":1},{"damage":0,"enemies":"Small Slimes","floor":55,"turns":1},{"damage":0,"enemies":"Exordium Wildlife","floor":56,"turns":1},{"damage":0,"enemies":"Gremlin Nob","floor":58,"turns":2},{"damage":0,"enemies":"Large Slime","floor":61,"turns":1},{"damage":34,"enemies":"Nightmare","floor":62,"turns":6},{"damage":0,"enemies":"Blue Slaver","floor":63,"turns":1},{"damage":0,"enemies":"3 Sentries","floor":64,"turns":2},{"damage":0,"enemies":"Lots of Slimes","floor":65,"turns":1},{"damage":1,"enemies":"The Guardian","floor":67,"turns":2},{"damage":0,"enemies":"Chosen","floor":69,"turns":2},{"damage":0,"enemies":"Masked Bandits","floor":70,"turns":1},{"damage":0,"enemies":"3 Byrds","floor":71,"turns":1},{"damage":0,"enemies":"3 Cultists","floor":72,"turns":2},{"damage":0,"enemies":"Shelled Parasite and Fungi","floor":73,"turns":1},{"damage":0,"enemies":"Snecko","floor":75,"turns":3},{"damage":0,"enemies":"Centurion and Healer","floor":78,"turns":1},{"damage":0,"enemies":"Gremlin Leader","floor":81,"turns":2},{"damage":0,"enemies":"3 Cultists","floor":82,"turns":1},{"damage":5,"enemies":"conspire:MysteriousRune","floor":84,"turns":4}],"seed_played":"6417290164754532889","potions_obtained":[{"floor":3.0,"key":"Weak Potion"},{"floor":5.0,"key":"Strength Potion"},{"floor":7.0,"key":"Fire Potion"},{"floor":24,"key":"Adrenaline Potion"},{"floor":33,"key":"GamblersBrew"},{"floor":36,"key":"Venom Potion"},{"floor":48,"key":"Elixir"},{"floor":55,"key":"Regen Potion"},{"floor":58,"key":"PowerPotion"},{"floor":64,"key":"GhostInAJar"},{"floor":78,"key":"PowerPotion"}],"is_trial":false,"path_per_floor":["M","M","M","$","M","R","M","R","T","R","?","?","?","M","R","B",null,"M","?","T","$","M","R","E","M","T","R","M","?","AVR","M","R","B",null,"M","M","$","M","?","R","NM","M","T","E","T","R","M","E","R","B",null,"M","AVR","M","M","M","R","E","?","T","M","NM","M","E","M","R","B",null,"M","?","M","M","M","R","M","AVR","T","M","T","$","E","M","R","B",null],"character_chosen":"THE_SILENT","items_purchased":["Good Instincts"],"campfire_rested":0,"item_purchase_floors":[37],"current_hp_per_floor":[70,70,70,70,66,66,67,67,67,67,67,64,64,67,67,37,70,70,70,70,70,65,65,80,74,74,74,79,79,79,84,84,80,84,84,71,71,74,74,74,25,29,29,35,35,35,41,47,47,19,84,84,84,84,84,84,84,84,84,84,84,56,62,68,74,74,79,84,84,84,84,84,84,84,84,63,63,63,63,63,63,63,63,63,63,63],"gold":449,"neow_bonus":"NOSTALGIA","is_daily":false,"chose_seed":false,"campfire_upgraded":21,"win_rate":0.0,"timestamp":1609249479,"path_taken":["M","M","M","$","M","R","M","R","T","R","?","?","?","M","R","BOSS","M","?","?","$","M","R","E","M","T","R","M","?","AVR","M","R","BOSS","M","M","$","M","?","R","NM","M","T","E","?","R","M","E","R","BOSS","M","AVR","?","M","M","R","E","?","T","M","NM","?","E","M","R","BOSS","M","?","M","M","M","R","M","AVR","T","M","?","?","E","M","R","BOSS"],"items_purchased_type":["Card"],"build_version":"2020-12-22","purchased_purges":7,"victory":false,"max_hp_per_floor":[70,70,70,70,70,70,70,70,70,70,70,70,70,70,70,70,70,70,70,70,70,70,70,84,84,84,84,84,84,84,84,84,84,84,84,84,84,84,84,84,84,84,84,84,84,84,84,84,84,84,84,84,84,84,84,84,84,84,84,84,84,84,84,84,84,84,84,84,84,84,84,84,84,84,84,63,63,63,63,63,63,63,63,63,63,63],"card_choices":[{"not_picked":["Flex","ReplayTheSpireMod:Muscle Training"],"picked":"Guardian:DonusPower","floor":1.0},{"not_picked":["conspire:DoublingDagger","Prepared"],"picked":"Twin Strike","floor":2.0},{"not_picked":["Acrobatics","Noxious Fumes"],"picked":"Dagger Throw","floor":3.0},{"not_picked":["Deflect","Skewer"],"picked":"Escape Plan","floor":5.0},{"not_picked":["Dagger Throw","Acrobatics"],"picked":"Deflect","floor":7.0},{"not_picked":["Eviscerate","Die Die Die"],"picked":"Guardian:DonusPower","floor":14.0},{"not_picked":["Double Tap","Phantasmal Killer"],"picked":"Tools of the Trade","floor":16.0},{"not_picked":["Flechettes","Finisher"],"picked":"hubris:Sniper","floor":18},{"not_picked":["conspire:PoisonWeapons","Dagger Spray+1","Concentrate"],"picked":"SKIP","floor":22},{"not_picked":["Well Laid Plans","Cloak And Dagger+1"],"picked":"Dagger Spray+1","floor":24},{"not_picked":["Bane+1","Poisoned Stab+1"],"picked":"Prepared","floor":25},{"not_picked":["hubris:Sniper","Deadly Poison+1"],"picked":"Sucker Punch+1","floor":28},{"not_picked":["Masterful Stab+1","Dagger Throw+1","Acrobatics"],"picked":"SKIP","floor":31},{"not_picked":["Flying Knee+1","Reflex"],"picked":"Dodge and Roll","floor":35},{"not_picked":["Prepared","hubris:SlightOfHand"],"picked":"Dagger Throw+1","floor":36},{"not_picked":["Concentrate","Slice+1"],"picked":"Deflect","floor":38},{"not_picked":["infinitespire:Gouge","infinitespire:DeathsTouch"],"picked":"infinitespire:Execution","floor":41},{"not_picked":["Flechettes+1","Blade Dance","Poisoned Stab+1"],"picked":"SKIP","floor":41},{"not_picked":["Acrobatics+1","Dodge and Roll+1"],"picked":"Heel Hook+1","floor":42},{"not_picked":["Prepared","hubris:SlightOfHand+1"],"picked":"Slice+1","floor":44},{"not_picked":["Deadly Poison","Cloak And Dagger+1"],"picked":"Slice+1","floor":47},{"not_picked":["Underhanded Strike+1","Quick Slash+1"],"picked":"Escape Plan","floor":48},{"not_picked":["Unload+1","Malaise"],"picked":"Venomology","floor":50},{"not_picked":["Dodge and Roll","Outmaneuver"],"picked":"Escape Plan","floor":52},{"not_picked":["Noxious Fumes","hubris:SlightOfHand","Deadly Poison"],"picked":"SKIP","floor":54},{"not_picked":["Slice+1","Bane+1"],"picked":"Riddle With Holes+1","floor":55},{"not_picked":["Well Laid Plans","Choke+1","hubris:Sniper"],"picked":"SKIP","floor":56},{"not_picked":["Bullet Time","Choke+1"],"picked":"Expertise","floor":58},{"not_picked":["PiercingWail","Well Laid Plans","Endless Agony+1"],"picked":"SKIP","floor":61},{"not_picked":["hubris:Rewind","ReplayTheSpireMod:Book of Names"],"picked":"infinitespire:TheBestDefense","floor":62},{"not_picked":["Eviscerate+1","Cloak And Dagger"],"picked":"Deflect","floor":62},{"not_picked":["Underhanded Strike+1","Bouncing Flask"],"picked":"Acrobatics","floor":63},{"not_picked":["conspire:DoublingDagger","Slice+1"],"picked":"Eviscerate+1","floor":64},{"not_picked":["Sucker Punch+1","hubris:Counter+1"],"picked":"Tactician","floor":65},{"not_picked":["Envenom","Glass Knife+1"],"picked":"Phantasmal Killer","floor":67},{"not_picked":["Poisoned Stab+1","Sucker Punch+1"],"picked":"Reflex","floor":69},{"not_picked":["Sucker Punch+1","Poisoned Stab+1"],"picked":"Finisher+1","floor":70},{"not_picked":["Deflect","Bane+1","Blade Dance"],"picked":"SKIP","floor":71},{"not_picked":["Blade Dance","Masterful Stab+1","Deadly Poison"],"picked":"SKIP","floor":72},{"not_picked":["Dash+1","Backflip"],"picked":"Tactician+1","floor":73},{"not_picked":["Reflex","Concentrate+1","Calculated Gamble"],"picked":"SKIP","floor":75},{"not_picked":["Acrobatics","Blur+1"],"picked":"Dagger Throw+1","floor":78},{"not_picked":["Calculated Gamble","Venomology"],"picked":"Terror","floor":81},{"not_picked":["Flying Knee+1","Slice+1"],"picked":"Terror","floor":82}],"player_experience":433182,"relics_obtained":[{"floor":9.0,"key":"ReplayTheSpireMod:Lightbulb"},{"floor":15.0,"key":"aspiration:HatOfInfinitePower"},{"floor":20,"key":"Molten Egg 2"},{"floor":24,"key":"Mango"},{"floor":26,"key":"hubris:SphereOfDissonance"},{"floor":41,"key":"infinitespire:FocusingShard"},{"floor":43,"key":"Replay:Baseball"},{"floor":44,"key":"ReplayFunnel"},{"floor":45,"key":"hubris:DeckOfHolding"},{"floor":48,"key":"Onion Ring"},{"floor":58,"key":"Anchor"},{"floor":60,"key":"conspire:Boomerang"},{"floor":62,"key":"hubris:AncientText"},{"floor":64,"key":"Orichalcum"},{"floor":70,"key":"Red Mask"},{"floor":77,"key":"Kunai"},{"floor":79,"key":"hubris:MysteriousPyramids"},{"floor":81,"key":"aspiration:Lifesprig"}],"event_choices":[{"damage_healed":0.0,"max_hp_gain":0.0,"max_hp_loss":0.0,"gold_gain":0.0,"event_name":"betterThird:BetterScrap","player_choice":"Relic ","floor":12.0,"gold_loss":0.0,"damage_taken":3.0,"cards_obtained":["Reinforced Body"]},{"cards_removed":["Guardian:DonusPower"],"damage_healed":0,"gold_gain":0,"player_choice":"Give","damage_taken":0,"max_hp_gain":0,"max_hp_loss":0,"event_name":"betterNote:BetterNote","floor":19,"gold_loss":0,"cards_obtained":["None"]},{"damage_healed":0,"gold_gain":0,"player_choice":"Ignored","damage_taken":0,"max_hp_gain":0,"max_hp_loss":0,"event_name":"Vampires","floor":29,"gold_loss":0},{"damage_healed":0,"gold_gain":0,"player_choice":"Bought 0 Potions","damage_taken":0,"max_hp_gain":0,"max_hp_loss":0,"event_name":"The Woman in Blue","floor":59,"gold_loss":0},{"damage_healed":0,"gold_gain":0,"player_choice":"Fought Bandits","damage_taken":0,"max_hp_gain":0,"max_hp_loss":0,"event_name":"Masked Bandits","floor":70,"gold_loss":0}],"is_beta":false,"boss_relics":[{"not_picked":["hubris:TerracottaHorce","aspiration:DefectSkillbook"],"picked":"Kintsugi"},{"not_picked":["hubris:Stopwatch","Cursed Key"],"picked":"Astrolabe"},{"not_picked":["Abe\u0027s Treasure","infinitespire:Cupcake"],"picked":"hubris:ScarierMask"},{"not_picked":["Honey Jar","SacredBark"],"picked":"SlaversCollar"},{"not_picked":["Replay:Bronze Core","Runic Dome","conspire:SlowCooker"]}],"items_purged_floors":[4,21,30,37,53,76,80],"is_endless":true,"potions_floor_spawned":[3,5,7,24,28,33,36,42,47,48,55,58,63,64,65,67,71,73,78,81,84],"ascension_level":0}}