{"host":"cm56dopeulr50jn0","time":1609282967,"event":{"mods":["BaseMod","Bestiary","Better Match","Better Third Choice","Downfall","Minty Spire (QoL Compilation)","Relic Stats","StSLib"],"gold_per_floor":[99,118,130,16,16,16,16,16,166,199,199,63,88,98,112,214,214,214,229,247,16,16,46,46,63,97,116,143,161,86,86,102,204,204,129,141,141,161,171,171,171,184,222,548,563,488,502,537,552,552,552,587,44,44,44],"floor_reached":56,"playtime":5784,"items_purged":["Slimebound:Icky","champ:StanceDance"],"score":1677,"play_id":"6574a5e2-0590-44cb-812d-aab66d8a0785","local_time":"20201229150247","is_ascension_mode":true,"campfire_choices":[{"data":"champ:Execute","floor":1,"key":"SMITH"},{"data":"champ:RecklessLeap","floor":8,"key":"SMITH"},{"data":"champ:Lariat","floor":11,"key":"SMITH"},{"data":"champ:Taunt","floor":18,"key":"SMITH"},{"floor":30,"key":"RECALL"},{"data":"champ:PerfectForm","floor":35,"key":"SMITH"},{"data":"expansioncontent:AwakenDeath","floor":46,"key":"SMITH"},{"floor":54,"key":"REST"}],"circlet_count":0,"master_deck":["champ:Defend","champ:Defend","champ:Defend","champ:Defend","champ:Execute+1","champ:Taunt+1","champ:RecklessLeap+1","champ:Lariat+1","champ:FocusedBerserking","champ:FanOfKnives","champ:RisingSlash+1","champ:Shatter","champ:TornadoPunch+1","champ:BladeFlurry","champ:MurderStrike","champ:DefensiveShout","champ:GladiatorsShout+1","champ:VampiricStrike","champ:EndlessRage","Slimebound:Tackle+1","Slimebound:Tackle+1","champ:BerserkersShout","champ:Backstep","champ:EndlessRage","champ:BerserkerStyle","champ:GutPunch","champ:PerfectForm+1","CurseOfTheBell","champ:BerserkerStyle+1","champ:AdrenalArmor+1","champ:BringItOn+1","champ:TornadoPunch","champ:RecklessLeap+1","champ:LastStand","expansioncontent:AwakenDeath+1","champ:Duel+1","champ:TornadoPunch+1","champ:Improvising","champ:PerfectForm+1"],"relics":["Snecko Eye","Oddly Smooth Stone","Lizard Tail","Sundial","Philosopher\u0027s Stone","champ:BerserkersGuideToSlaughter","Whetstone","Mango","Torii","Mercury Hourglass","downfall:HeartBlessingGreen","Calling Bell","hexamod:BolsterEngine","Kunai","FossilizedHelix","downfall:HeartBlessingRed","Toy Ornithopter","Old Coin","downfall:HeartBlessingBlue","Darkstone Periapt","Du-Vu Doll","Calipers","DollysMirror"],"acts_visited":["Exordium","TheCity","TheBeyond","TheEnding"],"potions_floor_usage":[3,16,16,16,27,39,55,55],"damage_taken":[{"damage":13,"enemies":"Small Slimes","floor":2,"turns":3},{"damage":15,"enemies":"Jaw Worm","floor":3,"turns":1},{"damage":30,"enemies":"downfall:FleeingMerchant","floor":4,"turns":4},{"damage":0,"enemies":"Cultist","floor":6,"turns":1},{"damage":59,"enemies":"Lagavulin","floor":10,"turns":5},{"damage":38,"enemies":"downfall:FleeingMerchant","floor":12,"turns":4},{"damage":57,"enemies":"3 Sentries","floor":13,"turns":5},{"damage":20,"enemies":"Exordium Wildlife","floor":14,"turns":2},{"damage":0,"enemies":"3 Louse","floor":15,"turns":2},{"damage":44,"enemies":"downfall:Ironclad","floor":16,"turns":6},{"damage":54,"enemies":"Shell Parasite","floor":19,"turns":3},{"damage":42,"enemies":"Chosen","floor":20,"turns":3},{"damage":46,"enemies":"downfall:FleeingMerchant","floor":21,"turns":4},{"damage":54,"enemies":"Slavers","floor":23,"turns":4},{"damage":43,"enemies":"Snecko","floor":25,"turns":3},{"damage":18,"enemies":"Gremlin Leader","floor":26,"turns":4},{"damage":18,"enemies":"Centurion and Healer","floor":27,"turns":3},{"damage":33,"enemies":"Slavers","floor":28,"turns":6},{"damage":21,"enemies":"Sentry and Sphere","floor":29,"turns":3},{"damage":19,"enemies":"Cultist and Chosen","floor":32,"turns":4},{"damage":76,"enemies":"downfall:Watcher","floor":33,"turns":5},{"damage":2,"enemies":"Orb Walker","floor":36,"turns":2},{"damage":1,"enemies":"3 Shapes","floor":38,"turns":2},{"damage":25,"enemies":"Writhing Mass","floor":39,"turns":4},{"damage":71,"enemies":"Transient","floor":42,"turns":5},{"damage":35,"enemies":"downfall:FleeingMerchant","floor":43,"turns":3},{"damage":84,"enemies":"Giant Head","floor":44,"turns":7},{"damage":30,"enemies":"Spire Growth","floor":45,"turns":2},{"damage":52,"enemies":"4 Shapes","floor":47,"turns":5},{"damage":87,"enemies":"Nemesis","floor":48,"turns":5},{"damage":114,"enemies":"Transient","floor":49,"turns":5},{"damage":129,"enemies":"downfall:Silent","floor":50,"turns":6},{"damage":128,"enemies":"downfall:CharBossMerchant","floor":52,"turns":5},{"damage":225,"enemies":"downfall:NeowBoss","floor":55,"turns":17}],"seed_played":"7646592896503844889","potions_obtained":[{"floor":2,"key":"Fire Potion"},{"floor":13,"key":"DistilledChaos"},{"floor":14,"key":"sneckomod:MuddlingPotion"},{"floor":16,"key":"FearPotion"},{"floor":20,"key":"SneckoOil"},{"floor":25,"key":"EssenceOfSteel"},{"floor":27,"key":"hexamod:EctoCoolerPotion"},{"floor":29,"key":"PowerPotion"},{"floor":44,"key":"champ:UltimateStancePotion"}],"is_trial":false,"path_per_floor":["R","M","M","$","?","M","T","R","?","E","R","$","E","M","M","B",null,"R","M","M","$","?","E","T","M","E","M","E","M","R","?","M","B",null,"R","M","?","M","M","?","T","M","$","E","M","R","M","E","M","B",null,"E","$","R","B",null],"character_chosen":"THE_CHAMP","items_purchased":["champ:FanOfKnives","AttackPotion","champ:TornadoPunch","champ:BerserkersGuideToSlaughter","champ:EndlessRage","Regen Potion","Toy Ornithopter","expansioncontent:AwakenDeath","Calipers","DollysMirror"],"campfire_rested":1,"item_purchase_floors":[4,4,12,21,21,43,43,43,53,53],"current_hp_per_floor":[90,87,87,82,82,82,82,82,82,58,58,58,43,43,43,30,90,90,73,71,64,64,46,60,62,89,104,89,103,103,103,100,93,104,104,104,104,104,104,104,104,104,104,104,104,114,98,94,114,72,114,89,89,114,114],"gold":44,"neow_bonus":"BOSS_RELIC","is_daily":false,"chose_seed":false,"campfire_upgraded":6,"win_rate":0.0,"timestamp":1609282967,"path_taken":["R","M","M","$","?","M","T","R","?","E","R","?","E","?","M","BOSS","R","M","M","$","?","E","T","M","E","M","E","M","R","?","M","BOSS","R","M","?","M","M","?","T","M","$","E","M","R","M","E","M","BOSS","E","$","R","BOSS"],"items_purchased_type":["Card","Potion","Card","Relic","Card","Potion","Relic","Card","Relic","Relic"],"build_version":"2020-12-22","purchased_purges":2,"victory":true,"max_hp_per_floor":[90,90,90,90,90,90,90,90,90,90,90,90,90,90,90,90,90,90,90,90,90,90,90,104,104,104,104,104,104,104,104,104,104,104,104,104,104,104,104,104,104,104,104,104,104,114,114,114,114,114,114,114,114,114,114],"relic_stats":{"Darkstone Periapt":0,"Lizard Tail":0,"Torii":24,"counters":[34,143],"Sundial":[12],"Snecko Eye":[231,238,241,232],"Whetstone":["champ:TornadoPunch","champ:RisingSlash"],"Kunai":[28],"obtain_stats":[{"Darkstone Periapt":48,"Calipers":53,"Torii":26,"champ:ChampionCrown":0,"Mango":24,"downfall:HeartBlessingGreen":30,"Whetstone":23,"Old Coin":44,"Lizard Tail":10,"downfall:BrokenWingStatue":5,"Sundial":13,"downfall:HeartBlessingBlue":46,"DollysMirror":53,"Philosopher\u0027s Stone":17,"champ:BerserkersGuideToSlaughter":21,"Kunai":34,"downfall:HeartBlessingRed":35,"Oddly Smooth Stone":7,"Mercury Hourglass":28,"Calling Bell":34,"Du-Vu Doll":52,"Snecko Eye":0,"hexamod:BolsterEngine":34,"FossilizedHelix":34,"Toy Ornithopter":43},{"Darkstone Periapt":30,"Calipers":33,"Torii":16,"champ:ChampionCrown":0,"Mango":14,"downfall:HeartBlessingGreen":19,"Whetstone":14,"Old Coin":27,"Lizard Tail":5,"downfall:BrokenWingStatue":3,"Sundial":7,"downfall:HeartBlessingBlue":28,"DollysMirror":33,"Philosopher\u0027s Stone":10,"champ:BerserkersGuideToSlaughter":13,"Kunai":21,"downfall:HeartBlessingRed":21,"Oddly Smooth Stone":4,"Mercury Hourglass":18,"Calling Bell":21,"Du-Vu Doll":33,"Snecko Eye":0,"hexamod:BolsterEngine":21,"FossilizedHelix":21,"Toy Ornithopter":26},{"Darkstone Periapt":110,"Calipers":126,"Torii":54,"champ:ChampionCrown":0,"Mango":47,"downfall:HeartBlessingGreen":66,"Whetstone":47,"Old Coin":98,"Lizard Tail":14,"downfall:BrokenWingStatue":8,"Sundial":23,"downfall:HeartBlessingBlue":100,"DollysMirror":126,"Philosopher\u0027s Stone":33,"champ:BerserkersGuideToSlaughter":43,"Kunai":75,"downfall:HeartBlessingRed":75,"Oddly Smooth Stone":9,"Mercury Hourglass":63,"Calling Bell":75,"Du-Vu Doll":126,"Snecko Eye":0,"hexamod:BolsterEngine":75,"FossilizedHelix":75,"Toy Ornithopter":91}],"Toy Ornithopter":5,"Mercury Hourglass":[202]},"card_choices":[{"not_picked":["champ:Balance","champ:TornadoPunch"],"picked":"champ:RecklessLeap","floor":2},{"not_picked":["champ:CrookedStrike","champ:Backstep"],"picked":"champ:Lariat","floor":3},{"not_picked":["champ:DancingMaster","champ:ShieldSigil"],"picked":"champ:FocusedBerserking","floor":4},{"not_picked":["champ:RageSigil","champ:Backstep","champ:PerfectedStrike"],"picked":"SKIP","floor":6},{"not_picked":["champ:ArenaPreparation","champ:ViciousMockery"],"picked":"champ:RisingSlash","floor":10},{"not_picked":["champ:BringItOn","champ:Balance"],"picked":"champ:Shatter","floor":12},{"not_picked":["champ:FanOfKnives","champ:DefensiveShout"],"picked":"champ:StanceDance","floor":13},{"not_picked":["champ:DefensiveShout","champ:Haymaker"],"picked":"champ:BladeFlurry","floor":14},{"not_picked":["champ:ShieldThrow","champ:FocusedDefense","champ:ShieldSigil"],"picked":"SKIP","floor":15},{"not_picked":["champ:LastStand","champ:IgnorePain"],"picked":"champ:MurderStrike","floor":16},{"not_picked":["champ:StanceDance","champ:ShieldSigil"],"picked":"champ:DefensiveShout","floor":19},{"not_picked":["champ:Aggression","champ:AdrenalArmor"],"picked":"champ:GladiatorsShout+1","floor":20},{"not_picked":["champ:AdrenalArmor+1","champ:GladiatorsShout"],"picked":"champ:VampiricStrike","floor":21},{"not_picked":["champ:ArenaPreparation","champ:ShieldThrow","champ:TornadoPunch"],"picked":"SKIP","floor":23},{"not_picked":["champ:Haymaker+1","champ:BladeFlurry"],"picked":"champ:BerserkersShout","floor":25},{"not_picked":["champ:AdrenalArmor","champ:FocusedBerserking+1"],"picked":"champ:Backstep","floor":26},{"not_picked":["champ:Haymaker","champ:EnGarde"],"picked":"champ:EndlessRage","floor":27},{"not_picked":["champ:Haymaker","champ:PreciseThrust"],"picked":"champ:BerserkerStyle","floor":28},{"not_picked":["champ:Haymaker","champ:Backstep"],"picked":"champ:GutPunch","floor":29},{"not_picked":["champ:RisingSlash+1","champ:PerfectedStrike+1","champ:Backstep"],"picked":"SKIP","floor":32},{"not_picked":["champ:VampiricStrike","champ:SwordThrow"],"picked":"champ:PerfectForm","floor":33},{"not_picked":["champ:Riposte","champ:TornadoPunch+1"],"picked":"champ:BerserkerStyle+1","floor":36},{"not_picked":["champ:CrookedStrike","champ:FlashCut+1"],"picked":"champ:AdrenalArmor+1","floor":38},{"not_picked":["champ:Backstep+1","champ:GutPunch+1"],"picked":"champ:BringItOn+1","floor":39},{"not_picked":["champ:AdrenalArmor","champ:StanceDance"],"picked":"champ:RecklessLeap+1","floor":42},{"not_picked":["champ:FalseCounter+1","champ:TornadoPunch+1"],"picked":"champ:LastStand","floor":43},{"not_picked":["champ:Balance+1","champ:Backstep"],"picked":"champ:Duel+1","floor":44},{"not_picked":["champ:Circumvent","champ:ArenaPreparation+1","champ:GutPunch+1"],"picked":"SKIP","floor":45},{"not_picked":["champ:AdrenalArmor","champ:RageSigil"],"picked":"champ:TornadoPunch+1","floor":47},{"not_picked":["champ:Circumvent+1","champ:Haymaker+1"],"picked":"champ:Improvising","floor":48},{"not_picked":["champ:FlashCut","champ:GladiatorsShout","champ:AdrenalArmor"],"picked":"SKIP","floor":49},{"not_picked":["champ:RageSigil+1","champ:BerserkerStyle","champ:AdrenalArmor+1"],"picked":"SKIP","floor":52}],"player_experience":1384397,"relics_obtained":[{"floor":7,"key":"Oddly Smooth Stone"},{"floor":10,"key":"Lizard Tail"},{"floor":13,"key":"Sundial"},{"floor":23,"key":"Whetstone"},{"floor":24,"key":"Mango"},{"floor":26,"key":"Torii"},{"floor":28,"key":"Mercury Hourglass"},{"floor":34,"key":"hexamod:BolsterEngine"},{"floor":34,"key":"Kunai"},{"floor":34,"key":"FossilizedHelix"},{"floor":44,"key":"Old Coin"},{"floor":48,"key":"Darkstone Periapt"},{"floor":52,"key":"Du-Vu Doll"}],"event_choices":[{"damage_healed":0,"gold_gain":0,"player_choice":"Ignored","damage_taken":0,"max_hp_gain":0,"max_hp_loss":0,"event_name":"Vampires","floor":31,"gold_loss":0},{"damage_healed":0,"gold_gain":0,"cards_transformed":["Slimebound:Tackle"],"player_choice":"Transformed","damage_taken":0,"max_hp_gain":0,"max_hp_loss":0,"event_name":"Transmorgrifier","floor":40,"gold_loss":0,"cards_obtained":["champ:TornadoPunch"]}],"is_beta":false,"boss_relics":[{"not_picked":["Velvet Choker","Fusion Hammer"],"picked":"Philosopher\u0027s Stone"},{"not_picked":["Pandora\u0027s Box","Empty Cage"],"picked":"Calling Bell"}],"items_purged_floors":[12,53],"is_endless":false,"potions_floor_spawned":[2,13,14,16,20,25,26,27,29,32,33,38,44,45,47,52],"ascension_level":2}}