{"host":"627up2rvtmm0cf0r","time":1609259121,"event":{"mods":["ATMod(°¢èªMod)","Act Like it!","BaseMod","Better Vampires","CapriCore","Card Filter","Card Forge","Colored Powertips","DeckTracker","Dota2Spire","Friendly Minions","Highlight Path","Infinite Spire","Jedi Mod","Marked Mod","Mimic Mod","Minty Spire (QoL Compilation)","MostiFishMod","Permanent Neow","Practice Mode","Quick Restart","Relic Stats","Shop Mod","Spicy Shops","StSLib","SuperFastMode","TestMod","¡¾ÒÅÎï¿¨ÅÆ¡¿REMEMod","²ÐÁôÖ®Îï","óô»ðÖ¸ÄÏ"],"gold_per_floor":[113,128,128,128,53,112,112,144,198,214,271,271,282,346,346,483,483,500,500,500,542,575,657,432,446,469,534,564,694,282,197,22,129,129,147,195,213,213,1430,909,955,970,997,1062,1077,1093,590,604,431,461],"floor_reached":51,"playtime":3200,"items_purged":["Regret","Defend_P","Venomology","Defend_P","Defend_P","Vigilance","AT_WomanClash+1","Defend_P"],"score":1819,"play_id":"4fe99200-bf74-4109-817a-67c99fe2582a","local_time":"20201230002521","is_ascension_mode":true,"campfire_choices":[{"data":"AT_WomanClash","floor":7.0,"key":"SMITH"},{"data":"MostiFishMod:Hijack","floor":12.0,"key":"SMITH"},{"data":"jedi:studyfrost","floor":15.0,"key":"SMITH"}],"circlet_count":0,"master_deck":["AscendersBane","Strike_P","Strike_P","Strike_P","Eruption","jedi:studyfrost+1","MostiFishMod:Hijack+1","AT_RealColorLess","MostiFishMod:Nomercy","AT_ShadowStep","jedi:studyfrost"],"relics":["PureWater","Hammer of Thor","Seething Fire","Anvil of the Gods","DaveBox","testmod-TestBox","REME_ComplimentaryCards","AT_ATBox","AT_ArcaneBoots","testmod-HeartOfDaVinci","DianPoetry","SynthV:TestCard","Dota2Spire:HandOfMidas","White Beast Statue","Cracked Core","infinitespire:Freezer","AT_ChloranthyRing","Fusion Hammer","AT_EbonyIvory","Red Mask","jedi:angrymask","AT_Kusabimaru","infinitespire:BottledMercury","AT_BellowingDragoncrestRing","AT_Manta","testmod-Prudence","Dota2Spire:ShivaGuard","testmod-HeartOfStrike","Bag of Preparation","jedi:rubbersling","REME_HourglassOfDeath","Dota2Spire:EtherealBlade","Runic Capacitor"],"acts_visited":["Exordium","TheCity","TheBeyond"],"potions_floor_usage":[29],"damage_taken":[{"damage":4.0,"enemies":"2 Louse","floor":1.0,"turns":2.0},{"damage":0.0,"enemies":"Cultist","floor":2.0,"turns":2.0},{"damage":0.0,"enemies":"Jaw Worm","floor":4.0,"turns":1.0},{"damage":15.0,"enemies":"3 Sentries","floor":6.0,"turns":3.0},{"damage":0.0,"enemies":"Lagavulin","floor":8.0,"turns":2.0},{"damage":0.0,"enemies":"3 Louse","floor":10.0,"turns":1.0},{"damage":0.0,"enemies":"Gremlin Nob","floor":11.0,"turns":3.0},{"damage":3.0,"enemies":"Looter","floor":13.0,"turns":3.0},{"damage":0.0,"enemies":"Blue Slaver","floor":14.0,"turns":3.0},{"damage":19.0,"enemies":"Hexaghost","floor":16.0,"turns":8.0},{"damage":2.0,"enemies":"Shell Parasite","floor":18.0,"turns":2.0},{"damage":0.0,"enemies":"Spheric Guardian","floor":21.0,"turns":3.0},{"damage":0.0,"enemies":"Cultist and Chosen","floor":22.0,"turns":3.0},{"damage":0.0,"enemies":"Gremlin Leader","floor":23.0,"turns":2.0},{"damage":26.0,"enemies":"Snake Plant","floor":25.0,"turns":3.0},{"damage":8,"enemies":"Masked Bandits","floor":27,"turns":3},{"damage":5,"enemies":"Book of Stabbing","floor":28,"turns":3},{"damage":12,"enemies":"Colosseum Slavers","floor":29,"turns":2},{"damage":0,"enemies":"Colosseum Nobs","floor":29,"turns":2},{"damage":0,"enemies":"Automaton","floor":33,"turns":3},{"damage":0,"enemies":"3 Darklings","floor":35,"turns":4},{"damage":0,"enemies":"Orb Walker","floor":36,"turns":2},{"damage":0,"enemies":"Transient","floor":37,"turns":1},{"damage":2,"enemies":"Jaw Worm Horde","floor":39,"turns":3},{"damage":4,"enemies":"4 Shapes","floor":41,"turns":2},{"damage":0,"enemies":"Spire Growth","floor":42,"turns":3},{"damage":0,"enemies":"Nemesis","floor":44,"turns":1},{"damage":0,"enemies":"Jaw Worm Horde","floor":45,"turns":1},{"damage":0,"enemies":"Maw","floor":46,"turns":2},{"damage":0,"enemies":"Sphere and 2 Shapes","floor":48,"turns":1},{"damage":0,"enemies":"Donu and Deca","floor":50,"turns":3}],"seed_played":"-6174127897122088220","potions_obtained":[{"floor":6.0,"key":"PowerPotion"},{"floor":8.0,"key":"EssenceOfSteel"},{"floor":11.0,"key":"Regen Potion"},{"floor":13.0,"key":"Swift Potion"},{"floor":14.0,"key":"REME_GoldPotion"},{"floor":16.0,"key":"jedi:wingpotion"},{"floor":29,"key":"LiquidMemories"},{"floor":33,"key":"LiquidMemories"}],"is_trial":false,"path_per_floor":["M","M","?","M","$","E","R","E","T","M","E","R","M","M","R","B",null,"M","?","?","M","M","E","$","M","T","?","E","?","R","?","R","B",null,"M","M","M","AVR","M","R","M","M","T","E","M","M","$","M","R","B",null],"character_chosen":"WATCHER","items_purchased":["AT_BellowingDragoncrestRing","testmod-HeartOfStrike","Bag of Preparation","Dota2Spire:EtherealBlade","Runic Capacitor"],"campfire_rested":0,"item_purchase_floors":[30,40,40,47,49],"current_hp_per_floor":[57,57,57,57,57,42,42,42,42,42,42,42,50,50,50,31,59,57,57,57,57,57,57,57,31,31,23,18,6,6,6,6,10,54,54,54,68,68,66,66,62,62,62,62,62,62,62,62,62,62],"gold":461,"neow_bonus":"RANDOM_COMMON_RELIC","is_daily":false,"chose_seed":false,"campfire_upgraded":3,"win_rate":0.0,"timestamp":1609259121,"path_taken":["M","M","?","M","$","E","R","E","T","M","E","R","M","M","R","BOSS","M","?","?","M","M","E","$","?","T","?","E","?","R","?","R","BOSS","M","M","M","AVR","M","R","M","M","T","E","M","M","$","M","R","BOSS"],"items_purchased_type":["Relic","Relic","Relic","Relic","Relic"],"build_version":"2020-12-22","purchased_purges":8,"victory":true,"max_hp_per_floor":[68,68,68,68,68,68,68,68,68,68,68,68,68,68,68,68,68,68,68,68,68,68,68,68,68,68,68,68,68,68,68,68,68,68,68,68,68,68,68,68,68,68,68,68,68,68,68,68,68,68],"relic_stats":{"counters":[31,77],"Bag of Preparation":[14],"obtain_stats":[{"jedi:angrymask":28,"infinitespire:BottledMercury":29,"testmod-HeartOfStrike":40,"AT_ATBox":0,"DaveBox":0,"DianPoetry":0,"Hammer of Thor":0,"AT_ArcaneBoots":22,"Bag of Preparation":40,"Runic Capacitor":49,"Dota2Spire:EtherealBlade":47,"AT_Kusabimaru":29,"testmod-Prudence":34,"Fusion Hammer":17,"Red Mask":27,"Cracked Core":8,"AT_ChloranthyRing":11,"Dota2Spire:HandOfMidas":3,"testmod-TestBox":0,"AT_Manta":31,"Dota2Spire:ShivaGuard":38,"AT_EbonyIvory":23,"Seething Fire":0,"White Beast Statue":6,"AT_SpeedBoots":0,"SynthV:TestCard":1,"AT_BellowingDragoncrestRing":30,"REME_HourglassOfDeath":44,"Anvil of the Gods":0,"jedi:rubbersling":43,"PureWater":0,"REME_ComplimentaryCards":0,"testmod-HeartOfDaVinci":0,"infinitespire:Freezer":9},{"jedi:angrymask":17,"infinitespire:BottledMercury":19,"testmod-HeartOfStrike":24,"AT_ATBox":0,"DaveBox":0,"DianPoetry":0,"Hammer of Thor":0,"AT_ArcaneBoots":13,"Bag of Preparation":24,"Runic Capacitor":30,"Dota2Spire:EtherealBlade":29,"AT_Kusabimaru":19,"testmod-Prudence":20,"Fusion Hammer":10,"Red Mask":16,"Cracked Core":5,"AT_ChloranthyRing":7,"Dota2Spire:HandOfMidas":2,"testmod-TestBox":0,"AT_Manta":19,"Dota2Spire:ShivaGuard":23,"AT_EbonyIvory":14,"Seething Fire":0,"White Beast Statue":4,"AT_SpeedBoots":0,"SynthV:TestCard":1,"AT_BellowingDragoncrestRing":19,"REME_HourglassOfDeath":27,"Anvil of the Gods":0,"jedi:rubbersling":26,"PureWater":0,"REME_ComplimentaryCards":0,"testmod-HeartOfDaVinci":0,"infinitespire:Freezer":5},{"jedi:angrymask":47,"infinitespire:BottledMercury":51,"testmod-HeartOfStrike":64,"AT_ATBox":0,"DaveBox":0,"DianPoetry":0,"Hammer of Thor":0,"AT_ArcaneBoots":35,"Bag of Preparation":64,"Runic Capacitor":74,"Dota2Spire:EtherealBlade":73,"AT_Kusabimaru":51,"testmod-Prudence":54,"Fusion Hammer":28,"Red Mask":44,"Cracked Core":10,"AT_ChloranthyRing":14,"Dota2Spire:HandOfMidas":4,"testmod-TestBox":0,"AT_Manta":51,"Dota2Spire:ShivaGuard":61,"AT_EbonyIvory":38,"Seething Fire":0,"White Beast Statue":8,"AT_SpeedBoots":0,"SynthV:TestCard":2,"AT_BellowingDragoncrestRing":51,"REME_HourglassOfDeath":70,"Anvil of the Gods":0,"jedi:rubbersling":69,"PureWater":0,"REME_ComplimentaryCards":0,"testmod-HeartOfDaVinci":0,"infinitespire:Freezer":10}]},"card_choices":[{"not_picked":["WheelKick","Protect","Wireheading"],"picked":"SKIP","floor":1.0},{"not_picked":["MarkedMod:FirstStrike","CutThroughFate","WaveOfTheHand","TalkToTheHand","PathToVictory"],"picked":"SKIP","floor":2.0},{"not_picked":["AT_DivineConfetti","TalkToTheHand","SashWhip","JustLucky","Swivel"],"picked":"SKIP","floor":4.0},{"not_picked":["MarkedMod:FirstStrike","DeceiveReality","MarkedMod:GentlePulse","Ragnarok","EmptyBody"],"picked":"SKIP","floor":6.0},{"not_picked":["EmptyFist","CrushJoints","PathToVictory","Halt","FlyingSleeves"],"picked":"SKIP","floor":8.0},{"not_picked":["Evaluate","MentalFortress","ThirdEye","BattleHymn","PathToVictory"],"picked":"SKIP","floor":10.0},{"not_picked":["Halt","Crescendo","Swivel","Tantrum","FlyingSleeves"],"picked":"SKIP","floor":11.0},{"not_picked":["REME_Repentance","Crescendo","ClearTheMind","Protect","MarkedMod:GentlePulse"],"picked":"SKIP","floor":13.0},{"not_picked":["MostiFishMod:FlowState","SashWhip","EmptyBody","PathToVictory","WaveOfTheHand"],"picked":"SKIP","floor":14.0},{"not_picked":["MostiFishMod:Adaptation","MarkedMod:NorthStar","MostiFishMod:KamiSmash","Omniscience"],"picked":"AT_RealColorLess","floor":16.0},{"not_picked":["CarveReality","Tantrum","Prostrate","MostiFishMod:LegendTransform","Consecrate"],"picked":"SKIP","floor":18.0},{"not_picked":["Crescendo","JustLucky","AT_ChampionStep","Wireheading","REME_Repentance"],"picked":"SKIP","floor":21.0},{"not_picked":["FlurryOfBlows","ThirdEye","AT_SoftenMuscles","JustLucky","SignatureMove"],"picked":"SKIP","floor":22.0},{"not_picked":["CutThroughFate","MarkedMod:GracefulMovements","PathToVictory","Nirvana+1","Halt"],"picked":"SKIP","floor":23.0},{"not_picked":["ClearTheMind","Evaluate","MostiFishMod:Adaptation","Consecrate","JustLucky"],"picked":"SKIP","floor":25.0},{"not_picked":["MarkedMod:GentlePulse","Protect","MostiFishMod:Speedup","MostiFishMod:CyberBuddha","AT_SoftenMuscles"],"picked":"SKIP","floor":28},{"not_picked":["AT_DivineConfetti","Wireheading","FollowUp","Nirvana","FlyingSleeves"],"picked":"SKIP","floor":35},{"not_picked":["Wallop","Nirvana+1","Consecrate","WindmillStrike","FollowUp+1"],"picked":"SKIP","floor":36},{"not_picked":["Crescendo","WreathOfFlame+1","Wireheading","Devotion","Tantrum"],"picked":"SKIP","floor":37},{"not_picked":["EmptyFist","WheelKick","Crescendo","SignatureMove","CutThroughFate"],"picked":"SKIP","floor":39},{"not_picked":["FlurryOfBlows","CrushJoints","Tantrum","Prostrate","WheelKick"],"picked":"SKIP","floor":41},{"not_picked":["MostiFishMod:CyberBuddha","Crescendo","ClearTheMind","MarkedMod:OneThousandNeedles","FlurryOfBlows"],"picked":"SKIP","floor":42},{"not_picked":["WaveOfTheHand+1","InnerPeace","Wallop","Swivel","Scrawl"],"picked":"SKIP","floor":44},{"not_picked":["SashWhip","Evaluate","MarkedMod:Acupuncture+1","Wallop+1","Halt"],"picked":"SKIP","floor":45},{"not_picked":["ThirdEye","MostiFishMod:Speedup+1","Sanctity","REME_Repentance+1","Crescendo"],"picked":"SKIP","floor":46},{"not_picked":["MarkedMod:Acupuncture+1","MostiFishMod:PathToVictory","ThirdEye","PathToVictory","Study"],"picked":"SKIP","floor":48}],"player_experience":60742,"relics_obtained":[{"floor":1.0,"key":"SynthV:TestCard"},{"floor":6.0,"key":"White Beast Statue"},{"floor":8.0,"key":"Cracked Core"},{"floor":9.0,"key":"infinitespire:Freezer"},{"floor":11.0,"key":"AT_ChloranthyRing"},{"floor":23.0,"key":"AT_EbonyIvory"},{"floor":27,"key":"Red Mask"},{"floor":28,"key":"jedi:angrymask"},{"floor":29,"key":"AT_Kusabimaru"},{"floor":29,"key":"infinitespire:BottledMercury"},{"floor":43,"key":"jedi:rubbersling"},{"floor":44,"key":"REME_HourglassOfDeath"}],"event_choices":[{"damage_healed":0.0,"max_hp_gain":0.0,"max_hp_loss":0.0,"gold_gain":0.0,"event_name":"Big Fish","player_choice":"Box","floor":3.0,"gold_loss":0.0,"damage_taken":0.0,"relics_obtained":["Dota2Spire:HandOfMidas"],"cards_obtained":["Regret"]},{"damage_healed":0.0,"max_hp_gain":0.0,"max_hp_loss":0.0,"gold_gain":0.0,"event_name":"The Library","player_choice":"Read","floor":19.0,"gold_loss":0.0,"damage_taken":0.0,"cards_obtained":["MostiFishMod:Nomercy"]},{"cards_removed":["Strike_P"],"damage_healed":0.0,"max_hp_gain":0.0,"max_hp_loss":0.0,"gold_gain":0.0,"event_name":"Bonfire Elementals","player_choice":"Offered Basic","floor":20.0,"gold_loss":0.0,"damage_taken":0.0},{"damage_healed":0,"gold_gain":0,"player_choice":"Fought Bandits","damage_taken":0,"max_hp_gain":0,"max_hp_loss":0,"event_name":"Masked Bandits","floor":27,"gold_loss":0},{"damage_healed":0,"gold_gain":0,"player_choice":"Fight","damage_taken":0,"max_hp_gain":0,"max_hp_loss":0,"event_name":"Colosseum","floor":29,"gold_loss":0},{"damage_healed":0,"gold_gain":0,"player_choice":"Fought Nobs","damage_taken":0,"max_hp_gain":0,"max_hp_loss":0,"event_name":"Colosseum","floor":29,"gold_loss":0},{"damage_healed":0,"gold_gain":0,"player_choice":"Obtained Relic","damage_taken":0,"relics_obtained":["AT_Manta"],"max_hp_gain":0,"max_hp_loss":0,"event_name":"Addict","floor":31,"gold_loss":85}],"is_beta":false,"boss_relics":[{"not_picked":["testmod-StringDisintegrator","FrostBlade"],"picked":"Fusion Hammer"},{"not_picked":["Dota2Spire:RefresherOrb","EE1DDrone"],"picked":"testmod-Prudence"}],"items_purged_floors":[5,24,24,30,32,38,40,47],"is_endless":false,"potions_floor_spawned":[6,8,10,11,13,14,16,18,21,22,23,25,27,28,29,29,33,35,36,37,39,41,42,44,45,46,48],"ascension_level":16}}