{"host":"uikxj58mzlixykyi","time":1609201647,"event":{"mods":["AchievementEnabler","BaseMod","BetterRewards","Colored Map","Colored Powertips","Downfall","Highlight Path","Minty Spire (QoL Compilation)","Shop Mod","StSLib"],"gold_per_floor":[99,113,129,143,154,154,180,180,191,208,234,234,234,334,346,346,346,346],"floor_reached":16,"playtime":524,"items_purged":[],"score":114,"play_id":"5f54e57e-f321-45d0-a738-326309f51869","local_time":"20201229022727","is_ascension_mode":true,"campfire_choices":[{"data":"Slimebound:CorrosiveSpit","floor":1.0,"key":"SMITH"},{"data":"Slimebound:GoopTackle","floor":6.0,"key":"SMITH"},{"data":"Slimebound:RejuvenatingLick","floor":8.0,"key":"SMITH"}],"circlet_count":0,"master_deck":["Slimebound:Strike_Slimebound","Slimebound:Strike_Slimebound","Slimebound:Tackle","Slimebound:Defend_Slimebound","Slimebound:Defend_Slimebound","Slimebound:Split","Slimebound:CorrosiveSpit+1","Slimebound:FinishingTackle","Slimebound:RejuvenatingLick+1","Slimebound:GoopTackle+1","Slimebound:SamplingLick","Slimebound:HauntingLick","Slimebound:DouseInSlime","Slimebound:GoopTackle","Slimebound:FlameTackle"],"relics":["Slimebound:AbsorbEndCombat","Blood Vial","Omamori"],"acts_visited":["Exordium"],"potions_floor_usage":[],"damage_taken":[{"damage":5.0,"enemies":"Cultist","floor":2.0,"turns":3.0},{"damage":10.0,"enemies":"2 Louse","floor":3.0,"turns":2.0},{"damage":4.0,"enemies":"Small Slimes","floor":4.0,"turns":3.0},{"damage":7.0,"enemies":"3 Louse","floor":5.0,"turns":2.0},{"damage":27.0,"enemies":"Large Slime","floor":9.0,"turns":5.0},{"damage":8.0,"enemies":"Red Slaver","floor":10.0,"turns":2.0},{"damage":12,"enemies":"Gremlin Nob","floor":11,"turns":3},{"damage":26,"enemies":"Exordium Thugs","floor":15,"turns":2},{"damage":52,"enemies":"downfall:Defect","floor":16,"turns":4}],"seed_played":"-5392546299772529509","potions_obtained":[{"floor":3.0,"key":"DuplicationPotion"},{"floor":4.0,"key":"CultistPotion"},{"floor":11,"key":"hexamod:EctoCoolerPotion"}],"is_trial":false,"path_per_floor":["R","M","M","M","M","R","T","R","M","M","E","?","?","?","M","B"],"character_chosen":"SLIMEBOUND","items_purchased":[],"campfire_rested":0,"item_purchase_floors":[],"current_hp_per_floor":[54,54,52,54,51,51,51,51,39,39,35,35,48,48,40,0,0,0],"gold":346,"neow_bonus":"REMOVE_TWO","is_daily":false,"chose_seed":false,"campfire_upgraded":3,"win_rate":0.0,"timestamp":1609201647,"path_taken":["R","M","M","M","M","R","T","R","M","?","E","?","?","?","M","BOSS"],"items_purchased_type":[],"build_version":"2020-12-22","purchased_purges":0,"victory":false,"max_hp_per_floor":[54,54,54,54,54,54,54,54,54,54,54,54,54,54,54,54,54,54],"card_choices":[{"not_picked":["Slimebound:LeechingTouch","Slimebound:FlameTackle"],"picked":"Slimebound:FinishingTackle","floor":2.0},{"not_picked":["Slimebound:SplitBruiser","Slimebound:ServeAndProtect"],"picked":"Slimebound:RejuvenatingLick","floor":3.0},{"not_picked":["Slimebound:SplitMire","Slimebound:SplitLeeching"],"picked":"Slimebound:GoopTackle","floor":4.0},{"not_picked":["Slimebound:FlameTackle","Slimebound:ViciousTackle"],"picked":"Slimebound:SamplingLick","floor":5.0},{"not_picked":["Slimebound:Schlurp","Slimebound:PressTheAttack"],"picked":"Slimebound:HauntingLick","floor":9.0},{"not_picked":["Slimebound:RollThrough","Slimebound:HauntingLick"],"picked":"Slimebound:DouseInSlime","floor":10.0},{"not_picked":["Slimebound:DivideAndConquer","Slimebound:LivingWall"],"picked":"Slimebound:GoopTackle","floor":11},{"not_picked":["Slimebound:SamplingLick","Slimebound:GrowthPunch"],"picked":"Slimebound:FlameTackle","floor":15}],"player_experience":56646,"relics_obtained":[{"floor":7.0,"key":"Blood Vial"},{"floor":11,"key":"Omamori"}],"event_choices":[{"cards_removed":["Slimebound:Defend_Slimebound"],"damage_healed":0,"gold_gain":0,"player_choice":"Card Removal","damage_taken":0,"max_hp_gain":0,"max_hp_loss":0,"event_name":"The Cleric","floor":12,"gold_loss":0},{"damage_healed":13,"gold_gain":0,"player_choice":"Healed and dodged fight","damage_taken":0,"max_hp_gain":0,"max_hp_loss":0,"event_name":"Mushrooms","floor":13,"gold_loss":0,"cards_obtained":["Parasite"]}],"is_beta":false,"boss_relics":[],"items_purged_floors":[],"is_endless":false,"potions_floor_spawned":[3,4,11,15],"killed_by":"downfall:Defect","ascension_level":2}}