{"host":"q0ozth74idsfmf0a","time":1609214357,"event":{"mods":["BaseMod","Colored Powertips","Downfall","Minty Spire (QoL Compilation)","Relic Stats","StSLib"],"gold_per_floor":[99,114,127,227,246,279,279,279,297,62,62,62,73,83,97,193,193,193,205,219,219,219,233,233,333,353,204,204,204,204,222,238,342,342,342,353,367,48,64,64,64,64],"floor_reached":40,"playtime":3409,"items_purged":["hexamod:Strike"],"score":417,"play_id":"1aeab4fe-c1c9-47e0-b2ee-44ce124264c9","local_time":"20201228225917","is_ascension_mode":false,"campfire_choices":[{"data":"hexamod:Sear","floor":1,"key":"SMITH"},{"floor":8,"key":"REST"},{"data":"hexamod:EmpoweringStance","floor":12,"key":"SMITH"},{"data":"hexamod:HexaLevel","floor":18,"key":"SMITH"},{"data":"hexamod:SkipABeat","floor":30,"key":"SMITH"},{"data":"hexamod:TimeWarp","floor":35,"key":"SMITH"}],"circlet_count":0,"master_deck":["hexamod:Sear+1","hexamod:Float","hexamod:SwordOfDarkness","hexamod:FastForward","hexamod:ThermalTransfer","hexamod:EmpoweringStance+1","hexamod:Rewind","hexamod:AdvancingGuard","hexamod:TimeWarp+1","hexamod:FourthSeal","hexamod:FirstSeal","hexamod:SpectersWail","hexamod:HexaLevel+1","hexamod:GhostflameBarrier+1","hexamod:CouncilsJustice","hexamod:CouncilsJustice+1","hexamod:CouncilsJustice","Ghostly+1","Ghostly","Ghostly","hexamod:VolcanoVisage","hexamod:HeatShield+1","hexamod:PhantomFireball","hexamod:SkipABeat+1","hexamod:SixthSeal","hexamod:NightmareGuise+1","hexamod:Again","hexamod:GhostOfSpirePast","hexamod:ExtraCrispy","hexamod:UnleashSpirits","hexamod:FastForward+1","hexamod:ThirdSeal","hexamod:NightmareStrike","hexamod:SearingWound","hexamod:FastForward+1"],"relics":["hexamod:SpiritBrand","WingedGreaves","Calipers","Black Star","Gambling Chip","InkBottle","downfall:RedIOU","Philosopher\u0027s Stone","Ginger"],"acts_visited":["Exordium","TheCity","TheBeyond"],"potions_floor_usage":[16,25,33,33,33,37,40],"damage_taken":[{"damage":1,"enemies":"Jaw Worm","floor":2,"turns":5},{"damage":0,"enemies":"Cultist","floor":3,"turns":3},{"damage":6,"enemies":"2 Louse","floor":5,"turns":3},{"damage":19,"enemies":"Gremlin Nob","floor":6,"turns":4},{"damage":0,"enemies":"Large Slime","floor":9,"turns":5},{"damage":0,"enemies":"downfall:FleeingMerchant","floor":10,"turns":4},{"damage":0,"enemies":"3 Louse","floor":13,"turns":4},{"damage":0,"enemies":"2 Fungi Beasts","floor":14,"turns":2},{"damage":0,"enemies":"Blue Slaver","floor":15,"turns":3},{"damage":38,"enemies":"downfall:Silent","floor":16,"turns":10},{"damage":8,"enemies":"Spheric Guardian","floor":19,"turns":4},{"damage":2,"enemies":"Chosen","floor":20,"turns":5},{"damage":20,"enemies":"Shelled Parasite and Fungi","floor":23,"turns":5},{"damage":0,"enemies":"Colosseum Nobs","floor":25,"turns":6},{"damage":2,"enemies":"Snecko","floor":26,"turns":6},{"damage":0,"enemies":"downfall:FleeingMerchant","floor":27,"turns":4},{"damage":21,"enemies":"Sentry and Sphere","floor":31,"turns":7},{"damage":23,"enemies":"Cultist and Chosen","floor":32,"turns":7},{"damage":3,"enemies":"downfall:Defect","floor":33,"turns":7},{"damage":8,"enemies":"Orb Walker","floor":36,"turns":3},{"damage":1,"enemies":"3 Darklings","floor":37,"turns":6},{"damage":3,"enemies":"downfall:FleeingMerchant","floor":38,"turns":4},{"damage":1,"enemies":"Maw","floor":39,"turns":7},{"damage":44,"enemies":"2 Orb Walkers","floor":40,"turns":3}],"seed_played":"8426190579293529177","potions_obtained":[{"floor":2,"key":"AttackPotion"},{"floor":11,"key":"Fruit Juice"},{"floor":11,"key":"Slimebound:ThreeZeroPotion"},{"floor":14,"key":"CultistPotion"},{"floor":16,"key":"Dexterity Potion"},{"floor":16,"key":"Block Potion"},{"floor":32,"key":"Strength Potion"},{"floor":33,"key":"Weak Potion"},{"floor":36,"key":"Energy Potion"},{"floor":37,"key":"Block Potion"},{"floor":38,"key":"SpeedPotion"}],"is_trial":false,"path_per_floor":["R","M","M","?","M","E","T","R","M","$","?","R","M","M","M","B",null,"R","M","M","?","?","M","T","?","M","$","?","?","R","M","M","B",null,"R","M","M","$","M","?"],"character_chosen":"THE_SPIRIT","items_purchased":["hexamod:TimeWarp","hexamod:FourthSeal","hexamod:NightmareGuise","hexamod:Again","Ginger"],"campfire_rested":1,"item_purchase_floors":[10,10,27,27,38],"current_hp_per_floor":[77,76,76,76,70,51,51,74,74,74,74,74,74,74,77,46,77,77,76,77,38,38,18,18,30,35,42,42,42,42,28,12,16,43,43,42,43,40,43,0,0,0],"gold":64,"neow_bonus":"TEN_PERCENT_HP_BONUS","is_daily":false,"chose_seed":false,"campfire_upgraded":5,"win_rate":0.0,"timestamp":1609214357,"path_taken":["R","M","M","?","M","E","T","R","M","$","?","R","?","M","M","BOSS","R","M","M","?","?","M","T","?","M","$","?","?","R","M","M","BOSS","R","M","M","$","M","?"],"items_purchased_type":["Card","Card","Card","Card","Relic"],"build_version":"2020-12-22","purchased_purges":1,"victory":false,"max_hp_per_floor":[77,77,77,77,77,77,77,77,77,77,77,77,77,77,77,77,77,77,77,77,38,38,38,38,43,43,43,43,43,43,43,43,43,43,43,43,43,43,43,43,43,43],"relic_stats":{"counters":[24,117],"Gambling Chip":[29],"Black Star":0,"Ginger":[3],"obtain_stats":[{"Calipers":7,"Gambling Chip":25,"Philosopher\u0027s Stone":34,"WingedGreaves":6,"downfall:RedIOU":29,"Black Star":17,"Letter Opener":24,"Ginger":38,"hexamod:SpiritBrand":0,"InkBottle":25},{"Calipers":4,"Gambling Chip":14,"Philosopher\u0027s Stone":19,"WingedGreaves":4,"downfall:RedIOU":16,"Black Star":10,"Letter Opener":13,"Ginger":22,"hexamod:SpiritBrand":0,"InkBottle":14},{"Calipers":15,"Gambling Chip":63,"Philosopher\u0027s Stone":94,"WingedGreaves":15,"downfall:RedIOU":73,"Black Star":43,"Letter Opener":57,"Ginger":107,"hexamod:SpiritBrand":0,"InkBottle":63}],"InkBottle":[24]},"card_choices":[{"not_picked":["hexamod:GhostShield","hexamod:NightmareStrike"],"picked":"hexamod:SwordOfDarkness","floor":2},{"not_picked":["hexamod:Firestarter","hexamod:SpectersWail"],"picked":"hexamod:FastForward","floor":3},{"not_picked":["hexamod:RecurringNightmare","hexamod:NightmareGuise"],"picked":"hexamod:ThermalTransfer","floor":5},{"not_picked":["hexamod:FastForward","hexamod:InspiringFlames"],"picked":"hexamod:EmpoweringStance","floor":6},{"not_picked":["hexamod:Hexaguard","hexamod:RainOfEmbers"],"picked":"hexamod:Rewind","floor":9},{"not_picked":["hexamod:Hexaguard","hexamod:GhostLash"],"picked":"hexamod:AdvancingGuard","floor":10},{"not_picked":["hexamod:UnleashSpirits","hexamod:RecurringNightmare"],"picked":"hexamod:RainOfEmbers","floor":13},{"not_picked":["hexamod:RadiantFlame","hexamod:Again"],"picked":"hexamod:FirstSeal","floor":14},{"not_picked":["hexamod:NecessarySacrifice","hexamod:PhantomCloak"],"picked":"hexamod:SpectersWail","floor":15},{"not_picked":["hexamod:EmpoweringStance","hexamod:TurnItUp"],"picked":"hexamod:HexaLevel","floor":16},{"not_picked":["hexamod:FourthSeal","hexamod:SpectersWail"],"picked":"hexamod:StepThrough","floor":19},{"not_picked":["hexamod:PhantomCloak","hexamod:GhostLash+1"],"picked":"hexamod:GhostflameBarrier","floor":20},{"not_picked":["hexamod:SecondSeal","hexamod:AdvancingGuard"],"picked":"hexamod:HeatShield+1","floor":23},{"not_picked":["hexamod:GhostShield+1","hexamod:SpectersWail"],"picked":"hexamod:PhantomFireball","floor":25},{"not_picked":["hexamod:HeatMetal","hexamod:RecurringNightmare"],"picked":"hexamod:SkipABeat","floor":26},{"not_picked":["hexamod:BacktrackSmack","hexamod:HeatShield"],"picked":"hexamod:SixthSeal","floor":27},{"not_picked":["hexamod:SwordOfDarkness","hexamod:NightmareStrike+1"],"picked":"hexamod:GhostOfSpirePast","floor":31},{"not_picked":["hexamod:HauntingEcho+1","hexamod:SpectersWail"],"picked":"hexamod:ExtraCrispy","floor":32},{"not_picked":["hexamod:SixthSeal","hexamod:HexaLevel"],"picked":"hexamod:UnleashSpirits","floor":33},{"not_picked":["hexamod:FirstSeal","hexamod:GhostShield+1"],"picked":"hexamod:FastForward","floor":36},{"not_picked":["hexamod:RainOfEmbers+1","hexamod:HauntingEcho+1"],"picked":"hexamod:ThirdSeal","floor":37},{"not_picked":["hexamod:ThermalTransfer","hexamod:GhostLash"],"picked":"hexamod:NightmareStrike","floor":38},{"not_picked":["hexamod:BurningTouch","hexamod:HexaLevel"],"picked":"hexamod:SearingWound","floor":38},{"not_picked":["hexamod:SpectersWail+1","hexamod:SwordOfDarkness"],"picked":"hexamod:FastForward+1","floor":39},{"not_picked":["hexamod:SpectersWail+1","hexamod:Incineration+1","hexamod:ThermalTransfer+1"],"picked":"SKIP","floor":39}],"player_experience":20042,"relics_obtained":[{"floor":6,"key":"WingedGreaves"},{"floor":7,"key":"Calipers"},{"floor":24,"key":"Letter Opener"},{"floor":25,"key":"Gambling Chip"},{"floor":25,"key":"InkBottle"}],"event_choices":[{"damage_healed":0,"gold_gain":0,"player_choice":"Got Potions","damage_taken":0,"max_hp_gain":0,"max_hp_loss":0,"event_name":"Lab","floor":11,"gold_loss":0},{"damage_healed":0,"gold_gain":0,"cards_transformed":["hexamod:RainOfEmbers","hexamod:StepThrough"],"player_choice":"Became Test Subject","damage_taken":0,"max_hp_gain":0,"max_hp_loss":0,"event_name":"Drug Dealer","floor":22,"gold_loss":0,"cards_obtained":["hexamod:ChargedBarrage","hexamod:VolcanoVisage"]},{"cards_removed":["hexamod:ChargedBarrage"],"damage_healed":0,"gold_gain":0,"player_choice":"Elegance","damage_taken":0,"max_hp_gain":0,"max_hp_loss":0,"event_name":"Back to Basics","floor":28,"gold_loss":0},{"damage_healed":0,"gold_gain":0,"player_choice":"Fight","damage_taken":0,"max_hp_gain":0,"max_hp_loss":0,"event_name":"Mysterious Sphere","floor":40,"gold_loss":0}],"is_beta":false,"boss_relics":[{"not_picked":["Sozu","Busted Crown"],"picked":"Black Star"},{"not_picked":["Velvet Choker","Empty Cage"],"picked":"Philosopher\u0027s Stone"}],"items_purged_floors":[10],"is_endless":false,"potions_floor_spawned":[2,13,16,19,20,32,33,36,37],"killed_by":"2 Orb Walkers","ascension_level":0}}