{"host":"mwqnlghgfp5mgeui","time":1609263203,"event":{"mods":["2.2 Compatiblity","BaseMod","DeckTracker","Highlight Path","Minty Spire (QoL Compilation)","SuperFastMode","everything is the same but u backflip on backflip"],"gold_per_floor":[119,138,155,182,198,232,232,30,30,53,53,65,65,45,45,142,142,155,60,60,60,60,94,94,105,105,120,120,120],"floor_reached":28,"playtime":934,"items_purged":[],"score":236,"play_id":"8b5ae07e-6265-40e8-9908-f3110ea34212","local_time":"20201230023323","is_ascension_mode":false,"campfire_choices":[{"floor":7,"key":"REST"},{"floor":13,"key":"REST"},{"data":"Rip and Tear","floor":15,"key":"SMITH"},{"floor":24,"key":"REST"}],"circlet_count":0,"master_deck":["Strike_B","Strike_B","Strike_B","Defend_B","Defend_B","Defend_B","Zap","Dualcast","Sunder","Rebound","Sweeping Beam","Streamline","Go for the Eyes","Double Energy","Finesse","Rip and Tear+1","Rip and Tear","Turbo","Amplify","Barrage+1","Defragment","Turbo","Steam","Scrape","Steam+1"],"relics":["Cracked Core","Boot","Centennial Puzzle","TungstenRod","Odd Mushroom","Empty Cage","Cables","Pen Nib","CaptainsWheel"],"acts_visited":["Exordium","TheCity"],"potions_floor_usage":[6,12],"damage_taken":[{"damage":1,"enemies":"Cultist","floor":1,"turns":3},{"damage":13,"enemies":"2 Louse","floor":2,"turns":2},{"damage":0,"enemies":"Small Slimes","floor":3,"turns":2},{"damage":7,"enemies":"2 Fungi Beasts","floor":5,"turns":3},{"damage":27,"enemies":"Lagavulin","floor":6,"turns":6},{"damage":6,"enemies":"The Mushroom Lair","floor":10,"turns":3},{"damage":2,"enemies":"3 Louse","floor":12,"turns":3},{"damage":69,"enemies":"Hexaghost","floor":16,"turns":10},{"damage":26,"enemies":"Shell Parasite","floor":18,"turns":6},{"damage":30,"enemies":"Gremlin Leader","floor":23,"turns":6},{"damage":13,"enemies":"Chosen","floor":25,"turns":4},{"damage":12,"enemies":"Snake Plant","floor":27,"turns":4},{"damage":18,"enemies":"Slavers","floor":28,"turns":2}],"seed_played":"-5254334263865624955","potions_obtained":[{"floor":5,"key":"Explosive Potion"},{"floor":6,"key":"EssenceOfDarkness"},{"floor":12,"key":"DuplicationPotion"},{"floor":14,"key":"DistilledChaos"}],"is_trial":false,"path_per_floor":["M","M","M","T","M","E","R","$","T","?","$","M","R","?","R","B",null,"M","$","T","?","?","E","R","M","T","M","E"],"character_chosen":"DEFECT","items_purchased":["Finesse","Rip and Tear","Regen Potion","Defragment","Turbo"],"campfire_rested":3,"item_purchase_floors":[8,8,8,19,19],"current_hp_per_floor":[74,61,61,61,54,27,49,49,49,43,43,50,72,72,72,3,75,49,49,49,49,49,19,41,28,28,16,0,0],"gold":120,"neow_bonus":"THREE_CARDS","is_daily":false,"chose_seed":false,"campfire_upgraded":1,"win_rate":0.0,"timestamp":1609263203,"path_taken":["M","M","M","?","M","E","R","?","T","?","$","M","R","?","R","BOSS","M","$","?","?","?","E","R","M","T","M","E"],"items_purchased_type":["Card","Card","Potion","Card","Card"],"build_version":"2020-12-22","purchased_purges":0,"victory":false,"max_hp_per_floor":[75,75,75,75,75,75,75,75,75,75,75,75,75,75,75,75,75,75,75,75,75,75,75,75,75,75,75,75,75],"card_choices":[{"not_picked":["Leap","Coolheaded"],"picked":"Sunder","floor":0},{"not_picked":["Coolheaded","Beam Cell"],"picked":"Rebound","floor":1},{"not_picked":["Compile Driver","Barrage"],"picked":"Sweeping Beam","floor":2},{"not_picked":["Redo","Ball Lightning"],"picked":"Streamline","floor":3},{"not_picked":["Ball Lightning","Barrage"],"picked":"Go for the Eyes","floor":5},{"not_picked":["Rainbow","Scrape"],"picked":"Double Energy","floor":6},{"not_picked":["Glacier","Chaos"],"picked":"Rip and Tear","floor":10},{"not_picked":["Gash","Chaos"],"picked":"Turbo","floor":12},{"not_picked":["Creative AI","Core Surge"],"picked":"Amplify","floor":16},{"not_picked":["Go for the Eyes","Compile Driver"],"picked":"Barrage+1","floor":18},{"not_picked":["Biased Cognition","Defragment"],"picked":"Steam","floor":23},{"not_picked":["Rebound","Redo"],"picked":"Scrape","floor":25},{"not_picked":["Cold Snap","Ball Lightning"],"picked":"Steam+1","floor":27}],"player_experience":133140,"relics_obtained":[{"floor":4,"key":"Boot"},{"floor":6,"key":"Centennial Puzzle"},{"floor":9,"key":"TungstenRod"},{"floor":10,"key":"Odd Mushroom"},{"floor":20,"key":"Cables"},{"floor":23,"key":"Pen Nib"},{"floor":26,"key":"CaptainsWheel"}],"event_choices":[{"damage_healed":0,"gold_gain":0,"player_choice":"Fought Mushrooms","damage_taken":0,"max_hp_gain":0,"max_hp_loss":0,"event_name":"Mushrooms","floor":10,"gold_loss":0},{"damage_healed":0,"gold_gain":0,"player_choice":"Bought 1 Potion","damage_taken":0,"max_hp_gain":0,"max_hp_loss":0,"event_name":"The Woman in Blue","floor":14,"gold_loss":0},{"damage_healed":0,"gold_gain":0,"player_choice":"Ignored","damage_taken":0,"max_hp_gain":0,"max_hp_loss":0,"event_name":"The Mausoleum","floor":21,"gold_loss":0},{"damage_healed":0,"gold_gain":0,"player_choice":"Ignored","damage_taken":0,"max_hp_gain":0,"max_hp_loss":0,"event_name":"Vampires","floor":22,"gold_loss":0}],"is_beta":false,"boss_relics":[{"not_picked":["FrozenCore","Busted Crown"],"picked":"Empty Cage"}],"items_purged_floors":[],"is_endless":false,"potions_floor_spawned":[5,6,12,18,27],"killed_by":"Slavers","ascension_level":0}}