{"host":"7z3jc42jktneum1n","time":1609244805,"event":{"mods":["BaseMod","Minty Spire (QoL Compilation)","Quick Restart","StSLib","The Cursed","UnlockEverythingMod"],"gold_per_floor":[109,33,33,105,118,145,145,160,160,160,160,7,7,30,30,134,134,145,164,58,58,76,111,111,139,163,163,43,43,59,70,70,175,175,195,213,228,196,246,279,279,309,380,398,413,446,446,446,446,446,446,446,116,151,151],"floor_reached":56,"playtime":3871,"items_purged":[],"score":1293,"play_id":"2199d8af-63c3-4edf-a180-bd49866da22d","local_time":"20201229212645","daily_mods":["Draft"],"is_ascension_mode":true,"campfire_choices":[{"data":"TheCursedMod:LuckyCharm","floor":7.0,"key":"SMITH"},{"data":"TheCursedMod:SpitefulPray","floor":10.0,"key":"SMITH"},{"data":"Apotheosis","floor":15.0,"key":"SMITH"},{"floor":27.0,"key":"REST"},{"data":"TheCursedMod:FleshFromBone","floor":29.0,"key":"SMITH"},{"data":"TheCursedMod:Stretching","floor":32.0,"key":"SMITH"},{"data":"TheCursedMod:SpitefulPray","floor":41.0,"key":"SMITH"},{"floor":49,"key":"REST"},{"data":"TheCursedMod:SurpriseAttack","floor":52,"key":"SMITH"}],"circlet_count":0,"master_deck":["TheCursedMod:TacticalStrike","TheCursedMod:Stretching","TheCursedMod:SpitefulPlan","TheCursedMod:WearCloak+1","TheCursedMod:CursedSpellbook+1","TheCursedMod:CircleOfFlame","TheCursedMod:ReleasedStrength+1","TheCursedMod:CircleOfBlood","TheCursedMod:TacticalStrike","TheCursedMod:LuckyCharm+1","TheCursedMod:CursedMace","TheCursedMod:Stretching+1","TheCursedMod:SpitefulPray+1","TheCursedMod:RapidMovement","TheCursedMod:CursedBlade","TheCursedMod:SurpriseAttack+1","TheCursedMod:SurpriseAttack","TheCursedMod:CursedBlade","TheCursedMod:CursedAmulet","Regret","Apotheosis+1","TheCursedMod:AntiAging","TheCursedMod:SmokeScreen+1","TheCursedMod:FleshFromBone+1","TheCursedMod:Neurasthenia","TheCursedMod:SpitefulPray+1","TheCursedMod:DarkBarrier","TheCursedMod:Evocation+1","TheCursedMod:DarkBarrier"],"relics":["TheCursedMod:BlackMagic101","Meat on the Bone","The Courier","Toy Ornithopter","Bronze Scales","Omamori","SlaversCollar","InkBottle","HornCleat","Centennial Puzzle","War Paint","TheCursedMod:CrystalBall","Ornamental Fan","Frozen Egg 2","Kunai","Vajra","Letter Opener","DollysMirror","Orichalcum"],"acts_visited":["Exordium","TheCity","TheBeyond","TheEnding"],"potions_floor_usage":[55,55,55],"damage_taken":[{"damage":11.0,"enemies":"Jaw Worm","floor":1.0,"turns":3.0},{"damage":0.0,"enemies":"Small Slimes","floor":5.0,"turns":2.0},{"damage":4.0,"enemies":"Lagavulin","floor":6.0,"turns":5.0},{"damage":5.0,"enemies":"2 Louse","floor":8.0,"turns":2.0},{"damage":3.0,"enemies":"The Guardian","floor":16.0,"turns":6.0},{"damage":20.0,"enemies":"2 Thieves","floor":18.0,"turns":3.0},{"damage":8.0,"enemies":"3 Byrds","floor":19.0,"turns":3.0},{"damage":0.0,"enemies":"Centurion and Healer","floor":22.0,"turns":5.0},{"damage":32.0,"enemies":"Book of Stabbing","floor":23.0,"turns":6.0},{"damage":13.0,"enemies":"Slavers","floor":25.0,"turns":3.0},{"damage":6.0,"enemies":"Cultist and Chosen","floor":30.0,"turns":5.0},{"damage":3.0,"enemies":"Chosen and Byrds","floor":31.0,"turns":5.0},{"damage":7.0,"enemies":"Collector","floor":33.0,"turns":9.0},{"damage":23.0,"enemies":"3 Shapes","floor":35.0,"turns":4.0},{"damage":0.0,"enemies":"Orb Walker","floor":36.0,"turns":3.0},{"damage":1.0,"enemies":"Writhing Mass","floor":37.0,"turns":8.0},{"damage":6.0,"enemies":"Mind Bloom Boss Battle","floor":39.0,"turns":6.0},{"damage":23.0,"enemies":"Nemesis","floor":40.0,"turns":7.0},{"damage":10.0,"enemies":"Reptomancer","floor":42.0,"turns":5.0},{"damage":0.0,"enemies":"Maw","floor":44.0,"turns":9.0},{"damage":2,"enemies":"Jaw Worm Horde","floor":45,"turns":5},{"damage":34,"enemies":"Nemesis","floor":46,"turns":7},{"damage":54,"enemies":"Donu and Deca","floor":50,"turns":12},{"damage":30,"enemies":"Shield and Spear","floor":54,"turns":9},{"damage":60,"enemies":"The Heart","floor":55,"turns":14}],"seed_played":"-7038898808659316490","potions_obtained":[{"floor":1.0,"key":"Weak Potion"},{"floor":18.0,"key":"GamblersBrew"},{"floor":23.0,"key":"Energy Potion"},{"floor":33.0,"key":"DuplicationPotion"},{"floor":40.0,"key":"Strength Potion"}],"is_trial":true,"path_per_floor":["M","$","?","?","M","E","R","M","T","R","?","$","?","T","R","B",null,"M","M","$","?","M","E","?","E","T","R","$","R","M","M","R","B",null,"M","M","M","$","?","E","R","E","T","M","M","E","?","?","R","B",null,"R","$","E","B",null],"character_chosen":"THE_CURSED","items_purchased":["TheCursedMod:CursedBlade","TheCursedMod:SurpriseAttack","Apotheosis","TheCursedMod:SmokeScreen","Bandage Up","War Paint","TheCursedMod:SpitefulPray","Letter Opener","DollysMirror"],"campfire_rested":2,"item_purchase_floors":[2,2,12,20,20,28,38,53,53],"current_hp_per_floor":[64,64,49,49,53,53,53,56,56,56,56,56,49,49,49,52,75,55,51,51,51,63,41,41,45,45,70,70,70,84,87,87,90,90,70,76,83,83,92,78,78,78,78,86,92,62,62,62,92,52,103,103,103,83,59],"gold":151,"neow_bonus":"","is_daily":false,"chose_seed":false,"campfire_upgraded":7,"win_rate":0.0,"timestamp":1609244805,"path_taken":["M","$","?","?","M","E","R","M","T","R","?","$","?","?","R","BOSS","BOSS","M","M","$","?","M","E","?","E","T","R","?","R","M","M","R","BOSS","M","M","?","$","?","E","R","E","T","M","M","E","?","?","R","BOSS","R","$","E","BOSS"],"items_purchased_type":["Card","Card","Card","Card","Card","Relic","Card","Relic","Relic"],"build_version":"2020-12-22","purchased_purges":0,"victory":true,"max_hp_per_floor":[75,75,75,75,75,75,75,75,75,75,75,75,75,75,75,75,75,75,77,77,77,79,81,81,84,84,84,84,84,87,87,87,90,90,93,93,95,95,98,101,101,101,101,101,103,103,103,103,103,103,103,103,103,106,109],"card_choices":[{"not_picked":["TheCursedMod:SoulCrush","TheCursedMod:Wield"],"picked":"TheCursedMod:TacticalStrike","floor":0.0},{"not_picked":["TheCursedMod:Grudge","TheCursedMod:CursedBoomerang"],"picked":"TheCursedMod:Stretching","floor":0.0},{"not_picked":["TheCursedMod:TroublousMinions","TheCursedMod:Obscuration"],"picked":"TheCursedMod:SpitefulPlan","floor":0.0},{"not_picked":["TheCursedMod:Torture","TheCursedMod:TacticalStrike"],"picked":"TheCursedMod:WearCloak","floor":0.0},{"not_picked":["TheCursedMod:CircleOfFlame","TheCursedMod:CursedMace"],"picked":"TheCursedMod:CursedSpellbook","floor":0.0},{"not_picked":["TheCursedMod:SaltUponWound","TheCursedMod:Torture"],"picked":"TheCursedMod:CircleOfFlame","floor":0.0},{"not_picked":["TheCursedMod:Mangle","TheCursedMod:Obscuration"],"picked":"TheCursedMod:ReleasedStrength","floor":0.0},{"not_picked":["TheCursedMod:Stigma","TheCursedMod:Obscuration"],"picked":"TheCursedMod:CircleOfBlood","floor":0.0},{"not_picked":["TheCursedMod:CircleOfAmplification","TheCursedMod:VitalStrike"],"picked":"TheCursedMod:TacticalStrike","floor":0.0},{"not_picked":["TheCursedMod:CircleOfCorruption","TheCursedMod:RavingStaff"],"picked":"TheCursedMod:HellfireBreathing","floor":0.0},{"not_picked":["TheCursedMod:Stretching","TheCursedMod:CircleOfFlame"],"picked":"TheCursedMod:LuckyCharm","floor":0.0},{"not_picked":["TheCursedMod:ReleasedKnowledge","TheCursedMod:VitalStrike"],"picked":"TheCursedMod:CursedMace","floor":0.0},{"not_picked":["TheCursedMod:RavingStaff","TheCursedMod:Mangle"],"picked":"TheCursedMod:Stretching","floor":0.0},{"not_picked":["TheCursedMod:SmokeScreen","TheCursedMod:SpitefulPlan"],"picked":"TheCursedMod:SpitefulPray","floor":0.0},{"not_picked":["TheCursedMod:RavingStaff","TheCursedMod:Torture"],"picked":"TheCursedMod:RapidMovement","floor":0.0},{"not_picked":["TheCursedMod:Stigma","TheCursedMod:RavingStaff","TheCursedMod:RapidMovement"],"picked":"SKIP","floor":1.0},{"not_picked":["TheCursedMod:Stretching","TheCursedMod:RavingStaff"],"picked":"TheCursedMod:SurpriseAttack","floor":5.0},{"not_picked":["TheCursedMod:RapidMovement","TheCursedMod:TacticalStrike"],"picked":"TheCursedMod:CursedBlade","floor":6.0},{"not_picked":["TheCursedMod:CursedBoomerang","TheCursedMod:CircleOfCorruption"],"picked":"TheCursedMod:CursedAmulet","floor":8.0},{"not_picked":["TheCursedMod:DemonicPact","TheCursedMod:UltimatePain"],"picked":"TheCursedMod:AntiAging","floor":16.0},{"not_picked":["TheCursedMod:Stigma+1","TheCursedMod:Wield","TheCursedMod:CircleOfWindfury"],"picked":"SKIP","floor":18.0},{"not_picked":["TheCursedMod:Wield","TheCursedMod:VitalStrike","TheCursedMod:Hemoplague"],"picked":"SKIP","floor":19.0},{"not_picked":["TheCursedMod:SaltUponWound+1","TheCursedMod:CursedMace"],"picked":"TheCursedMod:FleshFromBone","floor":22.0},{"not_picked":["TheCursedMod:CursedAmulet","TheCursedMod:CursedShiv","TheCursedMod:ShockAndAwe"],"picked":"SKIP","floor":23.0},{"not_picked":["TheCursedMod:Grudge","TheCursedMod:FuryStrike","TheCursedMod:SpitefulPlan"],"picked":"SKIP","floor":25.0},{"not_picked":["TheCursedMod:SpitefulPlan","TheCursedMod:TacticalStrike","TheCursedMod:CursedBlade"],"picked":"SKIP","floor":30.0},{"not_picked":["TheCursedMod:Stigma","TheCursedMod:CursedBoomerang","TheCursedMod:TacticalStrike"],"picked":"SKIP","floor":31.0},{"not_picked":["TheCursedMod:NeowsMight","TheCursedMod:UltimatePain"],"picked":"TheCursedMod:Neurasthenia","floor":33.0},{"not_picked":["TheCursedMod:FuryStrike+1","TheCursedMod:SpitefulStrike+1","TheCursedMod:Hemoplague+1"],"picked":"SKIP","floor":35.0},{"not_picked":["TheCursedMod:CursedMace","TheCursedMod:CursedShiv+1","TheCursedMod:LuckyCharm"],"picked":"SKIP","floor":36.0},{"not_picked":["TheCursedMod:Wield","TheCursedMod:SpreadPlague+1","TheCursedMod:Torture"],"picked":"SKIP","floor":37.0},{"not_picked":["TheCursedMod:ReleasedKnowledge","TheCursedMod:DoubleShield","TheCursedMod:CursedRelics"],"picked":"SKIP","floor":40.0},{"not_picked":["TheCursedMod:SmokeScreen","TheCursedMod:CircleOfFlame"],"picked":"TheCursedMod:DarkBarrier","floor":42.0},{"not_picked":["TheCursedMod:Stigma","TheCursedMod:SoulCrush+1"],"picked":"TheCursedMod:Evocation+1","floor":44.0},{"not_picked":["TheCursedMod:PrepareRite","TheCursedMod:SpreadPlague","TheCursedMod:SmokeScreen+1"],"picked":"SKIP","floor":45},{"not_picked":["TheCursedMod:SmokeScreen+1","TheCursedMod:CircleOfAmplification","TheCursedMod:TroublousMinions+1"],"picked":"SKIP","floor":46},{"not_picked":["TheCursedMod:Wield","TheCursedMod:CircleOfCorruption","TheCursedMod:StingEye"],"picked":"SKIP","floor":54}],"player_experience":90121,"relics_obtained":[{"floor":6.0,"key":"Meat on the Bone"},{"floor":9.0,"key":"The Courier"},{"floor":14.0,"key":"Omamori"},{"floor":23.0,"key":"InkBottle"},{"floor":25.0,"key":"HornCleat"},{"floor":26.0,"key":"Centennial Puzzle"},{"floor":39.0,"key":"TheCursedMod:CrystalBall"},{"floor":40.0,"key":"Ornamental Fan"},{"floor":42.0,"key":"Frozen Egg 2"},{"floor":43.0,"key":"Kunai"},{"floor":46,"key":"Vajra"},{"floor":54,"key":"Orichalcum"}],"event_choices":[{"damage_healed":0.0,"max_hp_gain":0.0,"max_hp_loss":0.0,"gold_gain":0.0,"event_name":"Shining Light","player_choice":"Entered Light","floor":3.0,"gold_loss":0.0,"damage_taken":15.0,"cards_upgraded":["TheCursedMod:WearCloak","TheCursedMod:ReleasedStrength"]},{"damage_healed":0.0,"max_hp_gain":0.0,"max_hp_loss":0.0,"gold_gain":72.0,"event_name":"Golden Wing","player_choice":"Gained Gold","floor":4.0,"gold_loss":0.0,"damage_taken":0.0},{"damage_healed":0.0,"max_hp_gain":0.0,"max_hp_loss":0.0,"gold_gain":0.0,"event_name":"Big Fish","player_choice":"Box","floor":11.0,"gold_loss":0.0,"damage_taken":0.0,"relics_obtained":["Toy Ornithopter"],"cards_obtained":["Regret"]},{"damage_healed":0.0,"max_hp_gain":0.0,"max_hp_loss":0.0,"gold_gain":0.0,"event_name":"Scrap Ooze","player_choice":"Success","floor":13.0,"gold_loss":0.0,"damage_taken":7.0,"relics_obtained":["Bronze Scales"]},{"cards_removed":["TheCursedMod:HellfireBreathing"],"damage_healed":0.0,"max_hp_gain":0.0,"max_hp_loss":0.0,"gold_gain":0.0,"event_name":"Back to Basics","player_choice":"Elegance","floor":21.0,"gold_loss":0.0,"damage_taken":0.0},{"damage_healed":0.0,"max_hp_gain":0.0,"max_hp_loss":0.0,"gold_gain":0.0,"event_name":"Ghosts","player_choice":"Ignored","floor":24.0,"gold_loss":0.0,"damage_taken":0.0},{"damage_healed":0.0,"max_hp_gain":0.0,"max_hp_loss":0.0,"gold_gain":0.0,"event_name":"MindBloom","player_choice":"Fight","floor":39.0,"gold_loss":0.0,"damage_taken":0.0},{"damage_healed":0,"gold_gain":0,"player_choice":"Memory 1","damage_taken":0,"max_hp_gain":0,"max_hp_loss":0,"event_name":"SensoryStone","floor":47,"gold_loss":0},{"cards_removed":["Bandage Up"],"damage_healed":0,"gold_gain":0,"player_choice":"Removed Skill","damage_taken":0,"max_hp_gain":0,"max_hp_loss":0,"event_name":"Falling","floor":48,"gold_loss":0}],"is_beta":false,"boss_relics":[{"not_picked":["SacredBark","Tiny House"],"picked":"SlaversCollar"},{"not_picked":["Empty Cage","Cursed Key","Velvet Choker"]}],"items_purged_floors":[],"is_endless":false,"potions_floor_spawned":[1,18,23,33,40,44,46],"ascension_level":1}}