{"host":"74rphcgmhz43g39u","time":1609226601,"event":{"mods":["Act Like it!","BaseMod","Colored Powertips","Gensokyo","Marisa£®ÏF”Í°°ƒß¿Ì…≥£©","Minty Spire (QoL Compilation)","Quick Restart","Reimu£®≤©¿ˆ¡È√Œ£©","Remilia£®¿Ÿ√◊¿Ú—«£©","StSLib"],"gold_per_floor":[112,125,50,62,80,80,108,108,108,125,41,69,85,100,100,473,473,484,484,495,73,73,98,98,113,182,44,73,73,106,131,131,205,205,219,219,219,237,254,254,288,138,138,149,183,183,183,16,16,52,88,88,88,60,107,107,107],"floor_reached":56,"playtime":5047,"items_purged":["Strike_MRS","Strike_MRS","Defend_MRS"],"score":2081,"play_id":"36a3ce9d-0352-4275-8757-567a11a27a87","local_time":"20201229152321","is_ascension_mode":true,"campfire_choices":[{"data":"MasterSpark","floor":6.0,"key":"SMITH"},{"data":"CollectingQuirk","floor":8.0,"key":"SMITH"},{"data":"OpenUniverse","floor":15.0,"key":"SMITH"},{"data":"MillisecondPulsars","floor":24.0,"key":"SMITH"},{"floor":29.0,"key":"REST"},{"data":"EarthLightRay","floor":32.0,"key":"SMITH"},{"data":"PulseMagic","floor":40.0,"key":"SMITH"},{"data":"MilkyWay","floor":47.0,"key":"SMITH"},{"floor":49.0,"key":"RECALL"},{"data":"MilkyWay","floor":53.0,"key":"SMITH"}],"circlet_count":0,"master_deck":["AscendersBane","Defend_MRS","Defend_MRS","MasterSpark+1","UpSweep","Parasite","CollectingQuirk+1","MeteoricShower","EarthLightRay","MillisecondPulsars+1","OpenUniverse+1","EarthLightRay+1","6A","Gensokyo:ShootingStar","MysteriousBeam+1","PulseMagic+1","GasGiant","MilkyWay+1","GasGiant","MilkyWay+1","Robbery","EarthLightRay+1"],"relics":["MiniHakkero","Bag of Preparation","HandmadeGrimoire","Mango","Old Coin","RampagingMagicTools","Calipers","Membership Card","Omamori","Mummified Hand","Gensokyo:RedStar","Kunai","Medical Kit","InkBottle","Mastiff:ReiMu","Pen Nib","Black Star","Peace Pipe","Blue Candle","Orrery","Meat on the Bone","Turnip","Mercury Hourglass","Gensokyo:DualWield","Lee\u0027s Waffle","Incense Burner","Happy Flower"],"acts_visited":["Exordium","Gensokyo:Gensokyo","Gensokyo:Gensokyoer","TheEnding"],"potions_floor_usage":[56,56],"damage_taken":[{"damage":11.0,"enemies":"Gensokyo:Gryphon","floor":1.0,"turns":4.0},{"damage":1.0,"enemies":"Gensokyo:3_Fairies","floor":2.0,"turns":3.0},{"damage":0.0,"enemies":"Gensokyo:Python","floor":4.0,"turns":3.0},{"damage":16.0,"enemies":"Gensokyo:CorruptedTreant","floor":5.0,"turns":4.0},{"damage":17.0,"enemies":"Gensokyo:Aya","floor":7.0,"turns":6.0},{"damage":3.0,"enemies":"Gensokyo:2_Rabbits","floor":10.0,"turns":5.0},{"damage":30.0,"enemies":"Gensokyo:Cirno","floor":12.0,"turns":6.0},{"damage":0.0,"enemies":"Gensokyo:LivingMonolith","floor":13.0,"turns":3.0},{"damage":30.0,"enemies":"Gensokyo:5_Fairies","floor":14.0,"turns":56.0},{"damage":1.0,"enemies":"Gensokyo:Yukari","floor":16.0,"turns":8.0},{"damage":0.0,"enemies":"Gensokyo:2_Gloops","floor":18.0,"turns":3.0},{"damage":17.0,"enemies":"Gensokyo:AngelMirror","floor":20.0,"turns":3.0},{"damage":43.0,"enemies":"Gensokyo:Tenshi","floor":23.0,"turns":5.0},{"damage":9.0,"enemies":"Gensokyo:Monolith_and_Dog","floor":25.0,"turns":3.0},{"damage":25.0,"enemies":"Gensokyo:Reisen","floor":28.0,"turns":5.0},{"damage":24.0,"enemies":"Gensokyo:Tenshi","floor":30.0,"turns":5.0},{"damage":0.0,"enemies":"Gensokyo:Eiki","floor":33.0,"turns":1.0},{"damage":10.0,"enemies":"Gensokyo:AncientGuardian","floor":35.0,"turns":3.0},{"damage":10.0,"enemies":"Gensokyo:3_Boulders","floor":38.0,"turns":3.0},{"damage":3.0,"enemies":"Gensokyo:SeedOfUnknown","floor":39.0,"turns":2.0},{"damage":19.0,"enemies":"Gensokyo:Marisa","floor":41.0,"turns":4.0},{"damage":9.0,"enemies":"Gensokyo:Sharpion","floor":44.0,"turns":2.0},{"damage":22.0,"enemies":"Gensokyo:Doremy","floor":45.0,"turns":5.0},{"damage":15.0,"enemies":"Gensokyo:Scarlet_Devils","floor":50.0,"turns":5.0},{"damage":0.0,"enemies":"Gensokyo:Shinki","floor":51.0,"turns":5.0},{"damage":57.0,"enemies":"Shield and Spear","floor":55.0,"turns":6.0},{"damage":82,"enemies":"The Heart","floor":56,"turns":5}],"seed_played":"7983486989771327280","potions_obtained":[{"floor":2.0,"key":"FairyPotion"},{"floor":10.0,"key":"ColorlessPotion"},{"floor":13.0,"key":"ColorlessPotion"},{"floor":14.0,"key":"LiquidMemories"},{"floor":18.0,"key":"DuplicationPotion"},{"floor":28.0,"key":"SpeedPotion"},{"floor":30.0,"key":"SteroidPotion"},{"floor":35.0,"key":"FearPotion"},{"floor":41.0,"key":"PowerPotion"}],"is_trial":false,"path_per_floor":["M","M","$","M","M","R","E","R","T","M","COS","E","M","M","R","B",null,"M","?","M","$","?","E","R","M","T","COS","E","R","E","T","R","B",null,"M","?","?","M","M","R","E","COS","T","M","E","?","R","$","R","B","B",null,"R","$","E","B"],"character_chosen":"MARISA","items_purchased":["Membership Card","Omamori","Mummified Hand","Robbery","Lee\u0027s Waffle","Dexterity Potion"],"campfire_rested":1,"item_purchase_floors":[21,21,21,48,48,54],"current_hp_per_floor":[52,51,51,51,39,39,26,26,26,27,27,17,21,37,37,52,76,80,76,63,63,63,28,28,27,27,27,10,32,16,16,16,64,73,72,72,72,72,73,73,67,67,67,68,61,61,61,83,83,74,83,83,83,83,52,0,0],"gold":107,"neow_bonus":"THREE_RARE_CARDS","is_daily":false,"chose_seed":false,"campfire_upgraded":8,"win_rate":0.0,"timestamp":1609226601,"path_taken":["M","M","?","M","M","R","E","R","T","M","COS","E","M","M","R","BOSS","M","?","M","$","?","E","R","M","T","COS","E","R","E","?","R","BOSS","M","?","?","M","M","R","E","COS","T","M","E","?","R","?","R","BOSS","BOSS","R","$","E","BOSS"],"items_purchased_type":["Relic","Relic","Relic","Card","Relic","Potion"],"build_version":"2020-12-22","purchased_purges":3,"victory":false,"max_hp_per_floor":[70,70,70,70,70,70,70,70,70,70,70,84,84,84,84,84,84,84,76,76,76,76,76,76,76,76,76,76,76,76,76,76,76,76,76,76,76,76,76,76,76,76,76,76,76,76,76,83,83,83,83,83,83,83,83,83,83],"card_choices":[{"not_picked":["CasketOfStar","JA"],"picked":"CollectingQuirk","floor":0.0},{"not_picked":["NonDirectionalLaser","SporeBomb"],"picked":"MeteoricShower","floor":1.0},{"not_picked":["WitchLeyline","UnstableBomb","SporeBomb"],"picked":"SKIP","floor":2.0},{"not_picked":["DoubleSpark","MeteoricShower"],"picked":"EarthLightRay","floor":4.0},{"not_picked":["SporeBomb","ManaConvection"],"picked":"MillisecondPulsars","floor":5.0},{"not_picked":["DragonMeteor","StarlightTyphoon","LuminesStrike"],"picked":"SKIP","floor":7.0},{"not_picked":["IllusionStar","ManaConvection","LuminesStrike"],"picked":"SKIP","floor":10.0},{"not_picked":["SporeBomb","ChargingUp","StarlightTyphoon"],"picked":"SKIP","floor":12.0},{"not_picked":["OpenUniverse","DoubleSpark","StarlightTyphoon"],"picked":"SKIP","floor":13.0},{"not_picked":["DoubleSpark","StarlightTyphoon"],"picked":"OpenUniverse","floor":13.0},{"not_picked":["Singularity","SporeBomb","PowerUp"],"picked":"SKIP","floor":14.0},{"not_picked":["OpenUniverse","Acceleration"],"picked":"EarthLightRay","floor":18.0},{"not_picked":["SuperPerseids","SporeBomb","ChargeUpSpray"],"picked":"SKIP","floor":20.0},{"not_picked":["LuminesStrike","WitchOfGreed","MysteriousBeam"],"picked":"SKIP","floor":23.0},{"not_picked":["AsteroidBelt","SporeBomb"],"picked":"6A","floor":25.0},{"not_picked":["MachineGunSpark","UnstableBomb","WitchLeyline"],"picked":"SKIP","floor":28.0},{"not_picked":["AsteroidBelt","BinaryStars","MagicChant"],"picked":"SKIP","floor":30.0},{"not_picked":[],"picked":"Gensokyo:ShootingStar","floor":33.0},{"not_picked":["WitchOfGreed","PowerUp"],"picked":"MysteriousBeam+1","floor":35.0},{"not_picked":["NonDirectionalLaser+1","ChargingUp","ShootingEcho"],"picked":"SKIP","floor":38.0},{"not_picked":["DC","SporeBomb"],"picked":"PulseMagic","floor":39.0},{"not_picked":["MagicChant","AsteroidBelt"],"picked":"GasGiant","floor":41.0},{"not_picked":["MagicAbsorber+1","SporeBomb"],"picked":"MilkyWay","floor":42.0},{"not_picked":["DC","PowerUp"],"picked":"GasGiant","floor":42.0},{"not_picked":["GrandCross+1","DarkMatter"],"picked":"MilkyWay","floor":44.0},{"not_picked":["FinalSpark","GravityBeat","PowerUp"],"picked":"SKIP","floor":45.0},{"not_picked":["FinalSpark","GravityBeat","PowerUp"],"picked":"SKIP","floor":45.0},{"not_picked":["MagicChant","MilkyWay"],"picked":"EarthLightRay+1","floor":55.0}],"player_experience":1067512,"relics_obtained":[{"floor":7.0,"key":"Bag of Preparation"},{"floor":9.0,"key":"HandmadeGrimoire"},{"floor":12.0,"key":"Mango"},{"floor":23.0,"key":"Kunai"},{"floor":28.0,"key":"InkBottle"},{"floor":30.0,"key":"Mastiff:ReiMu"},{"floor":31.0,"key":"Pen Nib"},{"floor":41.0,"key":"Peace Pipe"},{"floor":41.0,"key":"Blue Candle"},{"floor":43.0,"key":"Meat on the Bone"},{"floor":45.0,"key":"Turnip"},{"floor":45.0,"key":"Mercury Hourglass"},{"floor":55.0,"key":"Incense Burner"},{"floor":55.0,"key":"Happy Flower"}],"event_choices":[],"is_beta":false,"boss_relics":[{"not_picked":["Busted Crown","Sozu"],"picked":"RampagingMagicTools"},{"not_picked":["Fusion Hammer","Pandora\u0027s Box"],"picked":"Black Star"}],"items_purged_floors":[3,21,48],"is_endless":false,"potions_floor_spawned":[2,10,13,14,18,20,28,30,35,41,45],"killed_by":"The Heart","ascension_level":20}}