{"host":"qdfumeom6htv8yxl","time":1609260008,"event":{"mods":["AchievementEnabler","BaseMod","Block Reminder","Minty Spire (QoL Compilation)","Quick Restart","Relic Stats"],"gold_per_floor":[118,193,343,361,21,21,21,21],"floor_reached":7,"playtime":54223,"items_purged":["Doubt"],"score":70,"play_id":"f8cc3eb7-f112-446a-aa79-f0c5667713f9","local_time":"20201229104008","is_ascension_mode":true,"campfire_choices":[{"floor":6,"key":"REST"}],"circlet_count":0,"master_deck":["AscendersBane","Strike_G","Strike_G","Strike_G","Strike_G","Strike_G","Defend_G","Defend_G","Defend_G","Defend_G","Defend_G","Survivor","Neutralize","PiercingWail","Deadly Poison"],"relics":["SacredBark","Membership Card","Toxic Egg 2"],"acts_visited":[],"potions_floor_usage":[],"damage_taken":[{"damage":17,"enemies":"Cultist","floor":1,"turns":7},{"damage":10,"enemies":"Jaw Worm","floor":4,"turns":5},{"damage":42,"enemies":"3 Sentries","floor":7,"turns":8}],"seed_played":"979903672898367446","potions_obtained":[],"is_trial":false,"path_per_floor":["M","?","?","M","$","R","E"],"character_chosen":"THE_SILENT","items_purchased":["Membership Card","Toxic Egg 2"],"campfire_rested":1,"item_purchase_floors":[5,5],"current_hp_per_floor":[42,31,31,21,21,40,0,0],"gold":21,"neow_bonus":"BOSS_RELIC","is_daily":false,"chose_seed":false,"campfire_upgraded":0,"win_rate":0.0,"timestamp":1609260008,"path_taken":["M","?","?","M","$","R","E"],"items_purchased_type":["Relic","Relic"],"build_version":"2020-12-22","purchased_purges":1,"victory":false,"max_hp_per_floor":[66,66,66,66,66,66,66,66],"relic_stats":{"counters":[3,20],"obtain_stats":[{"SacredBark":0,"Membership Card":5,"Toxic Egg 2":5,"Ring of the Snake":0},{"SacredBark":0,"Membership Card":2,"Toxic Egg 2":2,"Ring of the Snake":0},{"SacredBark":0,"Membership Card":12,"Toxic Egg 2":12,"Ring of the Snake":0}]},"card_choices":[{"not_picked":["Calculated Gamble","Distraction"],"picked":"PiercingWail","floor":1},{"not_picked":["Acrobatics","Dodge and Roll"],"picked":"Deadly Poison","floor":4}],"player_experience":1621798,"relics_obtained":[],"event_choices":[{"damage_healed":0,"gold_gain":75,"player_choice":"Gather Gold","damage_taken":11,"max_hp_gain":0,"max_hp_loss":0,"event_name":"World of Goop","floor":2,"gold_loss":0},{"damage_healed":0,"gold_gain":150,"player_choice":"AGREE","damage_taken":0,"max_hp_gain":0,"max_hp_loss":0,"event_name":"Liars Game","floor":3,"gold_loss":0,"cards_obtained":["Doubt"]}],"is_beta":false,"boss_relics":[],"items_purged_floors":[5],"is_endless":false,"potions_floor_spawned":[],"killed_by":"3 Sentries","ascension_level":16}}