{"host":"bf9sa99gaumonoeu","time":1609267741,"event":{"mods":["AchievementEnabler","BaseMod","Colored Map","Downfall","Friendly Minions","Marisa????????","Minty Spire (QoL Compilation)","Replay The Spire","StSLib","The Cursed","The Disciple","The Servant 0.9.4","slay the spire mod where everything is the same but ironclad has a cowboy hat"],"gold_per_floor":[99,115,128,156,24,24,76,85,244,169,0,42,42,42,74,179,179,104,113,149,149,190,222,222,256,281,123,48,48,48,66,90,194,194,194,213,234,234,234,247,247],"floor_reached":42,"playtime":3900,"items_purged":["hexamod:Strike","Slimebound:Icky"],"score":666,"play_id":"d2a724b9-fdf5-456e-bb89-98213582d53e","local_time":"20201229164901","is_ascension_mode":false,"campfire_choices":[{"floor":1,"key":"RECALL"},{"data":"hexamod:SpectersWail","floor":6,"key":"SMITH"},{"data":"hexamod:Hexaguard","floor":10,"key":"SMITH"},{"data":"hexamod:EmpoweredFlame","floor":13,"key":"SMITH"},{"floor":18,"key":"DIG"},{"data":"hexamod:HexaLevel","floor":28,"key":"SMITH"},{"data":"hexamod:VolcanoVisage","floor":30,"key":"SMITH"},{"data":"hexamod:Strike","floor":35,"key":"PURGE"}],"circlet_count":0,"master_deck":["hexamod:Strike+1","hexamod:Strike+1","hexamod:Defend+1","hexamod:Defend","hexamod:Defend+1","hexamod:Defend+1","hexamod:Sear+1","hexamod:Float+1","hexamod:SpectersWail+1","hexamod:PhantomFireball","hexamod:Hexaguard+1","hexamod:EmpoweredFlame+1","hexamod:Hexaguard","hexamod:HexaLevel+1","hexamod:GhostflameBarrier","hexamod:InspiringFlames+1","hexamod:DynamicBlow+1","hexamod:VolcanoVisage+1","hexamod:PhantomFireball+1","hexamod:BurningTouch+1","hexamod:EmpoweredFlame","hexamod:WildfireWeapon","hexamod:HeatShield+1","hexamod:NecessarySacrifice+1"],"relics":["hexamod:SpiritBrand","CeramicFish","downfall:HeartBlessingRed","Replay:Rubber Ducky","hexamod:IceCube","downfall:HeartBlessingGreen","hexamod:MatchstickCase","hexamod:TheBrokenSeal","CaptainsWheel","War Paint","downfall:HeartBlessingBlue","Sozu","downfall:TeleportStone"],"acts_visited":["Exordium","TheCity","TheBeyond"],"potions_floor_usage":[12,16,16,20,25,41,41],"damage_taken":[{"damage":5,"enemies":"Small Slimes","floor":2,"turns":5},{"damage":1,"enemies":"Jaw Worm","floor":3,"turns":4},{"damage":0,"enemies":"Cultist","floor":4,"turns":3},{"damage":0,"enemies":"downfall:FleeingMerchant","floor":5,"turns":4},{"damage":2,"enemies":"downfall:FleeingMerchant","floor":11,"turns":4},{"damage":7,"enemies":"3 Sentries","floor":12,"turns":7},{"damage":7,"enemies":"Large Slime","floor":15,"turns":5},{"damage":27,"enemies":"downfall:Ironclad","floor":16,"turns":9},{"damage":7,"enemies":"Chosen","floor":20,"turns":6},{"damage":2,"enemies":"Spheric Guardian","floor":22,"turns":6},{"damage":7,"enemies":"Snecko","floor":23,"turns":6},{"damage":1,"enemies":"Book of Stabbing","floor":25,"turns":6},{"damage":2,"enemies":"Shelled Parasite and Fungi","floor":26,"turns":4},{"damage":7,"enemies":"downfall:FleeingMerchant","floor":27,"turns":4},{"damage":0,"enemies":"Sentry and Sphere","floor":31,"turns":6},{"damage":0,"enemies":"Centurion and Healer","floor":32,"turns":4},{"damage":35,"enemies":"downfall:Watcher","floor":33,"turns":9},{"damage":0,"enemies":"3 Shapes","floor":36,"turns":4},{"damage":0,"enemies":"3 Darklings","floor":37,"turns":5},{"damage":0,"enemies":"Spire Growth","floor":40,"turns":5},{"damage":22,"enemies":"downfall:Silent","floor":41,"turns":7}],"seed_played":"-1220983626904027041","potions_obtained":[{"floor":11,"key":"PowerPotion"},{"floor":12,"key":"DuplicationPotion"},{"floor":15,"key":"Strength Potion"},{"floor":16,"key":"EntropicBrew"},{"floor":22,"key":"Flashbang"},{"floor":23,"key":"champ:CounterPotion"},{"floor":31,"key":"sneckomod:MuddlingPotion"},{"floor":32,"key":"FearPotion"}],"is_trial":false,"path_per_floor":["R","M","M","M","$","R","T","?","?","R","$","E","R","?","M","B",null,"R_BF","?","M","?","M","M","T","E","M","$","R","?","R","M","M","B",null,"R_BF","M","M","?","?","M","B",null],"character_chosen":"THE_SPIRIT","items_purchased":["hexamod:Hexaguard","hexamod:EmpoweredFlame","War Paint"],"campfire_rested":0,"item_purchase_floors":[5,11,27],"current_hp_per_floor":[77,72,71,71,71,71,71,71,71,71,69,62,62,62,55,28,77,77,77,70,70,68,87,87,86,84,77,87,87,87,87,87,52,97,97,97,97,97,97,97,75],"gold":247,"neow_bonus":"TEN_PERCENT_HP_BONUS","is_daily":false,"chose_seed":false,"campfire_upgraded":5,"win_rate":0.0,"timestamp":1609267741,"path_taken":["R","M","M","M","$","R","T","?","?","R","?","E","R","?","M","BOSS","R_BF","?","M","?","M","M","T","E","M","$","R","?","R","M","M","BOSS","R_BF","M","M","?","?","M","BOSS"],"items_purchased_type":["Card","Card","Relic"],"build_version":"2020-12-22","purchased_purges":2,"victory":true,"max_hp_per_floor":[77,77,77,77,77,77,77,77,77,77,77,77,77,77,77,77,77,77,77,77,77,77,87,87,87,87,87,97,97,97,97,97,97,97,97,97,97,97,97,97,97],"card_choices":[{"not_picked":["hexamod:InspiringFlames","hexamod:NecessarySacrifice"],"picked":"hexamod:SpectersWail","floor":2},{"not_picked":["hexamod:Incineration","hexamod:ThermalTransfer"],"picked":"hexamod:SecondSeal","floor":3},{"not_picked":["hexamod:HeatMetal","hexamod:NightmareStrike"],"picked":"hexamod:PhantomFireball","floor":4},{"not_picked":["hexamod:BurningTouch","hexamod:SwordOfDarkness"],"picked":"hexamod:FourthSeal","floor":5},{"not_picked":["hexamod:HeatMetal","hexamod:FourthSeal"],"picked":"hexamod:FifthSeal","floor":11},{"not_picked":["hexamod:StepThrough","hexamod:ThermalTransfer"],"picked":"hexamod:Hexaguard","floor":12},{"not_picked":["hexamod:SecondSeal","hexamod:FourthSeal"],"picked":"hexamod:SixthSeal","floor":15},{"not_picked":["hexamod:NightmareStrike","hexamod:Again","hexamod:ExtraCrispy"],"picked":"SKIP","floor":15},{"not_picked":["hexamod:UnleashSpirits","hexamod:WildfireWeapon"],"picked":"hexamod:HexaLevel","floor":16},{"not_picked":["hexamod:SixthSeal","hexamod:FourthSeal"],"picked":"hexamod:ThirdSeal","floor":20},{"not_picked":["hexamod:GhostLash","hexamod:AdvancingGuard"],"picked":"hexamod:InspiringFlames+1","floor":20},{"not_picked":["hexamod:FourthSeal","hexamod:SixthSeal"],"picked":"hexamod:FirstSeal","floor":22},{"not_picked":["hexamod:FirstSeal","hexamod:NightmareStrike"],"picked":"hexamod:DynamicBlow+1","floor":22},{"not_picked":["hexamod:RainOfEmbers","hexamod:Haunt","hexamod:SwordOfDarkness+1"],"picked":"SKIP","floor":22},{"not_picked":["hexamod:FourthSeal","hexamod:NightmareGuise"],"picked":"hexamod:VolcanoVisage","floor":23},{"not_picked":["hexamod:FirstSeal","hexamod:InspiringFlames+1","hexamod:Rewind+1"],"picked":"SKIP","floor":25},{"not_picked":["hexamod:Incineration","hexamod:DynamicBlow"],"picked":"hexamod:PhantomFireball+1","floor":26},{"not_picked":["hexamod:GhostShield","hexamod:AdvancingGuard"],"picked":"hexamod:BurningTouch+1","floor":27},{"not_picked":["hexamod:GhostShield","hexamod:SpectersWail","hexamod:BacktrackSmack"],"picked":"SKIP","floor":31},{"not_picked":["hexamod:SixthSeal","hexamod:GhostShield"],"picked":"hexamod:EmpoweredFlame","floor":32},{"not_picked":["hexamod:FifthSeal","hexamod:EmpoweringStance"],"picked":"hexamod:WildfireWeapon","floor":33},{"not_picked":["hexamod:GhostLash","hexamod:InspiringFlames+1"],"picked":"hexamod:HeatShield+1","floor":36},{"not_picked":["hexamod:RainOfEmbers+1","hexamod:DynamicBlow"],"picked":"hexamod:NecessarySacrifice+1","floor":37},{"not_picked":["hexamod:Rewind+1","hexamod:Firestarter+1","hexamod:NightmareGuise+1"],"picked":"SKIP","floor":40}],"player_experience":556829,"relics_obtained":[{"floor":7,"key":"CeramicFish"},{"floor":12,"key":"Replay:Rubber Ducky"},{"floor":18,"key":"hexamod:MatchstickCase"},{"floor":25,"key":"CaptainsWheel"}],"event_choices":[{"damage_healed":0,"gold_gain":0,"player_choice":"Read","damage_taken":0,"max_hp_gain":0,"max_hp_loss":0,"event_name":"The Library","floor":19,"gold_loss":0,"cards_obtained":["hexamod:GhostflameBarrier"]}],"is_beta":false,"boss_relics":[{"not_picked":["Fusion Hammer","downfall:Hecktoplasm"],"picked":"hexamod:IceCube"},{"not_picked":["Replay:Bronze Core","Calling Bell"],"picked":"Sozu"}],"items_purged_floors":[5,11],"is_endless":false,"potions_floor_spawned":[12,16,22,23,31,32,36],"ascension_level":0}}