{"host":"yfdtuf6ojcxn06xg","time":1609283944,"event":{"mods":["2.2 Compatiblity","AchievementEnabler","BaseMod","Colored Map","Colored Powertips","Downfall","Hermit","JesterMod","Jorbs\u0027s Wanderer Trilogy","Minty Spire (QoL Compilation)","Quick Restart","Rare Cards Sparkle","Relic Stats","Replay The Spire","StSLib","The Cursed","The Disciple","The Hierophant","The Jungle","The Necromancer","The Servant 0.9.4"],"gold_per_floor":[111,129,5,21,36,36,66,66,115,115,147,165,195,195,195,195,195],"floor_reached":16,"playtime":702,"items_purged":["Strike_G"],"score":126,"play_id":"2f46341d-a13f-4734-9443-daf6c67260eb","local_time":"20201229181904","is_ascension_mode":true,"campfire_choices":[{"data":"Replay:Poison Smokescreen","floor":6,"key":"SMITH"},{"data":"ReplayTheSpireMod:Tripwire","floor":8,"key":"SMITH"},{"floor":15,"key":"REST"}],"circlet_count":0,"master_deck":["Strike_G+1","Strike_G+1","Strike_G+1","Strike_G","Defend_G","Defend_G","Defend_G","Defend_G","Defend_G","Neutralize","Replay:Poison Smokescreen+1","All Out Attack","Poisoned Stab","ReplayTheSpireMod:Tripwire+1","m_Survivalism+1","PiercingWail","Reflex"],"relics":["Ring of the Snake","NeowsBlessing","Gremlin Horn","Potion Belt","Whetstone","Dream Catcher"],"acts_visited":["Exordium"],"potions_floor_usage":[5,5,7,7,13,16,16],"damage_taken":[{"damage":0,"enemies":"Cultist","floor":1,"turns":1},{"damage":0,"enemies":"Jaw Worm","floor":2,"turns":1},{"damage":0,"enemies":"Small Slimes","floor":4,"turns":1},{"damage":0,"enemies":"3 Louse","floor":5,"turns":2},{"damage":7,"enemies":"3 Sentries","floor":7,"turns":7},{"damage":14,"enemies":"Lagavulin","floor":11,"turns":7},{"damage":13,"enemies":"Exordium Thugs","floor":12,"turns":5},{"damage":14,"enemies":"3 Sentries","floor":13,"turns":8},{"damage":33,"enemies":"The Guardian","floor":16,"turns":5}],"seed_played":"-5826533323685910409","potions_obtained":[{"floor":2,"key":"EntropicBrew"},{"floor":5,"key":"Swift Potion"},{"floor":12,"key":"EssenceOfSteel"},{"floor":13,"key":"Dexterity Potion"}],"is_trial":false,"path_per_floor":["M","M","$","M","M","R","E","R","T","?","E","M","E","?","R","B"],"character_chosen":"THE_SILENT","items_purchased":["Poisoned Stab"],"campfire_rested":1,"item_purchase_floors":[3],"current_hp_per_floor":[70,70,70,70,70,70,63,63,63,63,49,36,22,8,29,0,0],"gold":195,"neow_bonus":"THREE_ENEMY_KILL","is_daily":false,"chose_seed":false,"campfire_upgraded":2,"win_rate":0.0,"timestamp":1609283944,"path_taken":["M","M","?","M","M","R","E","R","T","?","E","M","E","?","R","BOSS"],"items_purchased_type":["Card"],"build_version":"2020-12-22","purchased_purges":1,"victory":false,"max_hp_per_floor":[70,70,70,70,70,70,70,70,70,70,70,70,70,70,70,70,70],"relic_stats":{"Dream Catcher":1,"Gremlin Horn":[3,3],"counters":[9,37],"Whetstone":["Strike_G","Strike_G"],"obtain_stats":[{"Potion Belt":9,"Dream Catcher":13,"NeowsBlessing":0,"Gremlin Horn":7,"Whetstone":11,"Ring of the Snake":0},{"Potion Belt":5,"Dream Catcher":8,"NeowsBlessing":0,"Gremlin Horn":5,"Whetstone":6,"Ring of the Snake":0},{"Potion Belt":12,"Dream Catcher":32,"NeowsBlessing":0,"Gremlin Horn":12,"Whetstone":19,"Ring of the Snake":0}],"Ring of the Snake":[18]},"card_choices":[{"not_picked":["Bane","Blade Dance"],"picked":"Replay:Poison Smokescreen","floor":1},{"not_picked":["Acrobatics","Reflex"],"picked":"All Out Attack","floor":2},{"not_picked":["Quick Slash","Cloak And Dagger","Phantasmal Killer"],"picked":"SKIP","floor":4},{"not_picked":["Skewer","Fluid Movement","Well Laid Plans"],"picked":"SKIP","floor":5},{"not_picked":["Quick Slash","Poisoned Stab"],"picked":"ReplayTheSpireMod:Tripwire","floor":7},{"not_picked":["Well Laid Plans","ReplayTheSpireMod:Scrap Shanks","Flechettes"],"picked":"SKIP","floor":11},{"not_picked":["Backstab","Dagger Spray"],"picked":"PiercingWail","floor":12},{"not_picked":["Expertise","Backflip","Poisoned Stab"],"picked":"SKIP","floor":13},{"not_picked":["Cloak And Dagger","Hidden Blade"],"picked":"Reflex","floor":15}],"player_experience":167499,"relics_obtained":[{"floor":7,"key":"Gremlin Horn"},{"floor":9,"key":"Potion Belt"},{"floor":11,"key":"Whetstone"},{"floor":13,"key":"Dream Catcher"}],"event_choices":[{"damage_healed":0,"gold_gain":0,"player_choice":"Entered Light","damage_taken":14,"max_hp_gain":0,"max_hp_loss":0,"event_name":"Shining Light","floor":14,"gold_loss":0,"cards_upgraded":["Strike_G","m_Survivalism"]}],"is_beta":false,"boss_relics":[],"items_purged_floors":[3],"is_endless":false,"potions_floor_spawned":[2,5,12,13],"killed_by":"The Guardian","ascension_level":1}}