{"host":"avjwtc49fhlk6kym","time":1609280748,"event":{"mods":["AchievementEnabler","BaseMod","Better Match","Better Note","Better Third Choice","Colored Map","Colored Powertips","Displayed Cursed Tome","Highlight Path","Minty Spire (QoL Compilation)","Permanent Neow","Quick Restart","StSLib"],"gold_per_floor":[114,127,144,144,144,179,190,201,228,43,43,43,43,70,70,70,70],"floor_reached":16,"playtime":701,"items_purged":[],"score":110,"play_id":"3f04b4d9-7217-4dea-a7db-d645b5d6b76d","local_time":"20201229172548","is_ascension_mode":false,"campfire_choices":[{"data":"Discovery","floor":12,"key":"SMITH"},{"floor":15,"key":"REST"}],"circlet_count":0,"master_deck":["Strike_P","Strike_P","Strike_P","Defend_P","Defend_P","Defend_P","Defend_P","Eruption","Vigilance","Discovery+1","ForeignInfluence","BowlingBash+1","Wireheading","Adaptation","DevaForm","Consecrate","PathToVictory","ReachHeaven","Establishment","Evaluate","WheelKick+1","Meditate","LessonLearned","Parasite","Scrawl"],"relics":["PureWater","Toy Ornithopter","Happy Flower","Orrery","Potion Belt"],"acts_visited":["Exordium"],"potions_floor_usage":[6,6],"damage_taken":[{"damage":0,"enemies":"Small Slimes","floor":1,"turns":2},{"damage":0,"enemies":"2 Louse","floor":2,"turns":3},{"damage":0,"enemies":"Cultist","floor":3,"turns":2},{"damage":30,"enemies":"Lagavulin","floor":6,"turns":9},{"damage":0,"enemies":"Looter","floor":7,"turns":2},{"damage":4,"enemies":"2 Fungi Beasts","floor":8,"turns":3},{"damage":38,"enemies":"3 Sentries","floor":14,"turns":9},{"damage":41,"enemies":"The Guardian","floor":16,"turns":5}],"seed_played":"-142624924484857962","potions_obtained":[{"floor":1,"key":"StancePotion"},{"floor":2,"key":"Dexterity Potion"}],"is_trial":false,"path_per_floor":["M","M","M","?","?","E","M","M","T","$","?","R","?","E","R","B"],"character_chosen":"WATCHER","items_purchased":["ReachHeaven","Orrery"],"campfire_rested":1,"item_purchase_floors":[10,10],"current_hp_per_floor":[72,72,72,60,60,40,40,36,36,36,54,54,54,16,37,0,0],"gold":70,"neow_bonus":"RANDOM_COLORLESS","is_daily":false,"chose_seed":false,"campfire_upgraded":1,"win_rate":0.0,"timestamp":1609280748,"path_taken":["M","M","M","?","?","E","M","?","T","$","?","R","?","E","R","BOSS"],"items_purchased_type":["Card","Relic"],"build_version":"2020-12-22","purchased_purges":0,"victory":false,"max_hp_per_floor":[72,72,72,72,72,72,72,72,72,72,72,72,72,72,72,72,72],"card_choices":[{"not_picked":["Dramatic Entrance","Dark Shackles"],"picked":"Discovery","floor":0.0},{"not_picked":["BowlingBash","Meditate"],"picked":"ForeignInfluence","floor":1},{"not_picked":["Weave","Sanctity"],"picked":"BowlingBash","floor":2},{"not_picked":["ThirdEye","Protect"],"picked":"Wireheading","floor":3},{"not_picked":["MentalFortress","Protect"],"picked":"DevaForm","floor":6},{"not_picked":["Study","BowlingBash"],"picked":"Consecrate","floor":7},{"not_picked":["FlyingSleeves","SandsOfTime"],"picked":"PathToVictory","floor":8},{"not_picked":["Indignation","SandsOfTime"],"picked":"Establishment","floor":10},{"not_picked":["Collect","PathToVictory"],"picked":"Evaluate","floor":10},{"not_picked":["Tantrum","Evaluate"],"picked":"WheelKick","floor":10},{"not_picked":["ClearTheMind","FlurryOfBlows"],"picked":"Meditate","floor":10},{"not_picked":["CrushJoints","EmptyFist"],"picked":"LessonLearned","floor":10},{"not_picked":["BowlingBash","Crescendo"],"picked":"Scrawl","floor":14}],"player_experience":355255,"relics_obtained":[{"floor":6,"key":"Happy Flower"},{"floor":14,"key":"Potion Belt"}],"event_choices":[{"damage_healed":0,"gold_gain":0,"player_choice":"Relic ","damage_taken":12,"max_hp_gain":0,"max_hp_loss":0,"event_name":"betterThird:BetterScrap","floor":4,"gold_loss":0,"cards_obtained":["Feel No Pain"]},{"damage_healed":0,"gold_gain":0,"cards_transformed":["Strike_P"],"player_choice":"Transformed","damage_taken":0,"max_hp_gain":0,"max_hp_loss":0,"event_name":"Transmorgrifier","floor":5,"gold_loss":0,"cards_obtained":["Adaptation"]},{"damage_healed":18,"gold_gain":0,"player_choice":"Healed and dodged fight","damage_taken":0,"max_hp_gain":0,"max_hp_loss":0,"event_name":"Mushrooms","floor":11,"gold_loss":0,"cards_obtained":["Parasite"]},{"damage_healed":0,"gold_gain":0,"player_choice":"Grow","damage_taken":0,"max_hp_gain":0,"max_hp_loss":0,"event_name":"Living Wall","floor":13,"gold_loss":0,"cards_upgraded":["WheelKick"]}],"is_beta":false,"boss_relics":[],"items_purged_floors":[],"is_endless":false,"potions_floor_spawned":[1,2],"killed_by":"The Guardian","ascension_level":0}}