{"host":"hfxp6ue4pvwo3fit","time":1609206985,"event":{"mods":["AchievementEnabler","BaseMod","Colored Map","Colored Powertips","Highlight Path","Minty Spire (QoL Compilation)","StSLib","SuperFastMode"],"gold_per_floor":[33,33,9,9,73,73,129,129,153,188,257,360,396,396,396,396,396],"floor_reached":16,"playtime":513,"items_purged":[],"score":220,"play_id":"13704a89-a9f3-4b65-9f65-4ab2bf04b036","local_time":"20201228195625","is_ascension_mode":true,"campfire_choices":[{"data":"Whirlwind","floor":6,"key":"SMITH"},{"floor":8,"key":"REST"},{"data":"Bash","floor":15,"key":"SMITH"}],"circlet_count":0,"master_deck":["AscendersBane","Strike_R","Strike_R","Strike_R","Strike_R","Strike_R","Defend_R","Defend_R","Defend_R","Defend_R","Bash+1","HandOfGreed+1","Whirlwind+1","Armaments","Burning Pact","Pommel Strike","True Grit+1","Havoc+1"],"relics":["Burning Blood","Pen Nib","Omamori","Toxic Egg 2"],"acts_visited":["Exordium"],"potions_floor_usage":[12,13,16],"damage_taken":[{"damage":1,"enemies":"Cultist","floor":1,"turns":3},{"damage":3,"enemies":"2 Louse","floor":5,"turns":7},{"damage":50,"enemies":"Lagavulin","floor":7,"turns":8},{"damage":9,"enemies":"Jaw Worm","floor":10,"turns":3},{"damage":22,"enemies":"Exordium Thugs","floor":11,"turns":5},{"damage":33,"enemies":"3 Sentries","floor":12,"turns":8},{"damage":3,"enemies":"Large Slime","floor":13,"turns":5},{"damage":36,"enemies":"Hexaghost","floor":16,"turns":7}],"seed_played":"-4787816848007047146","potions_obtained":[{"floor":1,"key":"SpeedPotion"},{"floor":10,"key":"Dexterity Potion"},{"floor":11,"key":"PowerPotion"},{"floor":12,"key":"Weak Potion"}],"is_trial":false,"path_per_floor":["M","?","$","$","M","R","E","R","T","M","M","E","M","?","R","B"],"character_chosen":"IRONCLAD","items_purchased":["Armaments"],"campfire_rested":1,"item_purchase_floors":[3],"current_hp_per_floor":[73,73,73,73,75,75,31,53,53,50,34,7,10,35,35,0,0],"gold":396,"neow_bonus":"RANDOM_COLORLESS_2","is_daily":false,"chose_seed":false,"campfire_upgraded":2,"win_rate":0.0,"timestamp":1609206985,"path_taken":["M","?","?","$","M","R","E","R","T","M","?","E","?","?","R","BOSS"],"items_purchased_type":["Card"],"build_version":"2020-12-22","purchased_purges":0,"victory":false,"max_hp_per_floor":[75,75,75,75,75,75,75,75,75,75,75,75,75,75,75,75,75],"card_choices":[{"not_picked":["Violence","Sadistic Nature"],"picked":"HandOfGreed","floor":0},{"not_picked":["Flex","Pummel"],"picked":"Whirlwind","floor":1},{"not_picked":["Thunderclap","Armaments"],"picked":"Burning Pact","floor":5},{"not_picked":["Armaments","Uppercut"],"picked":"Pommel Strike","floor":7},{"not_picked":["Heavy Blade","Anger","Carnage"],"picked":"SKIP","floor":10},{"not_picked":["Combust","Heavy Blade","Carnage"],"picked":"SKIP","floor":11},{"not_picked":["Double Tap+1","Rage+1"],"picked":"True Grit+1","floor":12},{"not_picked":["Ghostly Armor+1","Fire Breathing"],"picked":"Havoc+1","floor":13}],"player_experience":447500,"relics_obtained":[{"floor":7,"key":"Pen Nib"},{"floor":9,"key":"Omamori"},{"floor":12,"key":"Toxic Egg 2"}],"event_choices":[{"damage_healed":0,"gold_gain":0,"player_choice":"Forge","damage_taken":0,"max_hp_gain":0,"max_hp_loss":0,"event_name":"Accursed Blacksmith","floor":2,"gold_loss":0,"cards_upgraded":["HandOfGreed"]},{"damage_healed":25,"gold_gain":0,"player_choice":"Banana","damage_taken":0,"max_hp_gain":0,"max_hp_loss":0,"event_name":"Big Fish","floor":14,"gold_loss":0}],"is_beta":false,"boss_relics":[],"items_purged_floors":[],"is_endless":false,"potions_floor_spawned":[1,10,11,12],"killed_by":"Hexaghost","ascension_level":20}}