{"host":"nptej036rrbiurf5","time":1609208937,"event":{"mods":["BaseMod","Colored Map","Colored Powertips","DeckTracker","Minty Spire (QoL Compilation)","StSLib","SuperFastMode"],"gold_per_floor":[109,184,184,334,334,369,369,383,383,383,150,167,192,204,204,280,280,295,60,77,77,77],"floor_reached":21,"playtime":561,"items_purged":["Strike_R"],"score":424,"play_id":"e6aaac65-b8ce-49b8-847c-a07555183bec","local_time":"20201229112857","is_ascension_mode":true,"campfire_choices":[{"data":"Bash","floor":7.0,"key":"SMITH"},{"data":"Feel No Pain","floor":10.0,"key":"SMITH"},{"data":"Fiend Fire","floor":15.0,"key":"SMITH"}],"circlet_count":0,"master_deck":["AscendersBane","Strike_R+1","Strike_R","Defend_R","Defend_R","Defend_R+1","Defend_R","Bash+1","Shrug It Off","Offering","Feel No Pain+1","Fiend Fire+1","Flame Barrier","Blood for Blood","Second Wind","Immolate","Hemokinesis","Fire Breathing","Feel No Pain+1"],"relics":["Burning Blood","NeowsBlessing","InkBottle","TungstenRod","Potion Belt","Empty Cage","DollysMirror"],"acts_visited":["Exordium","TheCity"],"potions_floor_usage":[20],"damage_taken":[{"damage":0.0,"enemies":"Jaw Worm","floor":1.0,"turns":1.0},{"damage":0.0,"enemies":"3 Sentries","floor":6.0,"turns":1.0},{"damage":0.0,"enemies":"Small Slimes","floor":8.0,"turns":1.0},{"damage":0.0,"enemies":"2 Louse","floor":12.0,"turns":3.0},{"damage":17.0,"enemies":"Lagavulin","floor":13.0,"turns":6.0},{"damage":7.0,"enemies":"Blue Slaver","floor":14.0,"turns":5.0},{"damage":38.0,"enemies":"The Guardian","floor":16.0,"turns":17.0},{"damage":24.0,"enemies":"Chosen","floor":18.0,"turns":6.0},{"damage":15,"enemies":"3 Byrds","floor":20,"turns":5},{"damage":32,"enemies":"Cultist and Chosen","floor":21,"turns":6}],"seed_played":"623795467694374147","potions_obtained":[{"floor":6.0,"key":"Dexterity Potion"},{"floor":13.0,"key":"ElixirPotion"},{"floor":14.0,"key":"SmokeBomb"},{"floor":18.0,"key":"DuplicationPotion"},{"floor":20,"key":"SpeedPotion"}],"is_trial":false,"path_per_floor":["M","?","?","?","?","E","R","M","T","R","$","M","E","M","R","B",null,"M","$","M","M"],"character_chosen":"IRONCLAD","items_purchased":["Fiend Fire","Fire Breathing","DollysMirror"],"campfire_rested":0,"item_purchase_floors":[11,19,19],"current_hp_per_floor":[74,63,40,40,33,39,39,45,45,45,45,51,40,39,39,7,58,40,40,31,0,0],"gold":77,"neow_bonus":"THREE_ENEMY_KILL","is_daily":false,"chose_seed":false,"campfire_upgraded":3,"win_rate":0.0,"timestamp":1609208937,"path_taken":["M","?","?","?","?","E","R","M","T","R","$","?","E","M","R","BOSS","M","$","M","M"],"items_purchased_type":["Card","Card","Relic"],"build_version":"2020-12-22","purchased_purges":1,"victory":false,"max_hp_per_floor":[75,75,75,75,75,75,75,75,75,75,75,75,75,75,75,75,75,75,75,75,75,75],"card_choices":[{"not_picked":["Armaments","Intimidate"],"picked":"Shrug It Off","floor":1.0},{"not_picked":["Body Slam","Sword Boomerang"],"picked":"Offering","floor":6.0},{"not_picked":["Armaments","Sword Boomerang"],"picked":"Feel No Pain","floor":8.0},{"not_picked":["Headbutt","Cleave"],"picked":"Flame Barrier","floor":12.0},{"not_picked":["Anger","Inflame"],"picked":"Blood for Blood","floor":13.0},{"not_picked":["True Grit","Sword Boomerang"],"picked":"Second Wind","floor":14.0},{"not_picked":["Exhume","Juggernaut"],"picked":"Immolate","floor":16.0},{"not_picked":["Pommel Strike","Seeing Red"],"picked":"Hemokinesis","floor":18.0},{"not_picked":["Warcry","Headbutt","Armaments"],"picked":"SKIP","floor":20}],"player_experience":867104,"relics_obtained":[{"floor":6.0,"key":"InkBottle"},{"floor":9.0,"key":"TungstenRod"},{"floor":13.0,"key":"Potion Belt"}],"event_choices":[{"damage_healed":0.0,"max_hp_gain":0.0,"max_hp_loss":0.0,"gold_gain":75.0,"event_name":"World of Goop","player_choice":"Gather Gold","floor":2.0,"gold_loss":0.0,"damage_taken":11.0},{"damage_healed":0.0,"max_hp_gain":0.0,"max_hp_loss":0.0,"gold_gain":0.0,"event_name":"Shining Light","player_choice":"Entered Light","floor":3.0,"gold_loss":0.0,"damage_taken":23.0,"cards_upgraded":["Strike_R","Defend_R"]},{"damage_healed":0.0,"max_hp_gain":0.0,"max_hp_loss":0.0,"gold_gain":150.0,"event_name":"Liars Game","player_choice":"AGREE","floor":4.0,"gold_loss":0.0,"damage_taken":0.0,"cards_obtained":["Doubt"]},{"cards_removed":["Doubt"],"damage_healed":0.0,"max_hp_gain":0.0,"max_hp_loss":0.0,"gold_gain":0.0,"event_name":"Golden Wing","player_choice":"Card Removal","floor":5.0,"gold_loss":0.0,"damage_taken":7.0}],"is_beta":false,"boss_relics":[{"not_picked":["Astrolabe","Calling Bell"],"picked":"Empty Cage"}],"items_purged_floors":[11],"is_endless":false,"potions_floor_spawned":[6,13,14,18,20],"killed_by":"Cultist and Chosen","ascension_level":20}}