{"host":"v0n6ky7dmveherv3","time":1609265577,"event":{"mods":["BaseMod","Better Third Choice","Downfall","Minty Spire (QoL Compilation)","StSLib"],"gold_per_floor":[99,109,123,134,284,209,209,209,384,484,510,215,228,254,266,266,266,266],"floor_reached":16,"playtime":786,"items_purged":["Doubt"],"score":105,"play_id":"f3a21b9c-3fd4-4088-b341-5490c3ef61bd","local_time":"20201229111257","is_ascension_mode":true,"campfire_choices":[{"floor":1,"key":"RECALL"},{"data":"champ:ArenaPreparation","floor":6,"key":"SMITH"},{"data":"champ:Taunt","floor":8,"key":"SMITH"}],"circlet_count":0,"master_deck":["champ:Strike","champ:Strike","champ:Strike","champ:Strike","champ:Defend","champ:Defend","champ:Defend","champ:Defend","champ:Execute","champ:Taunt+1","champ:GladiatorsShout","champ:ArenaPreparation+1","Slimebound:Icky","champ:EnchantShield","champ:CalledShot","champ:Control","champ:Balance","champ:Lariat"],"relics":["Philosopher\u0027s Stone","downfall:HeartBlessingRed","Kunai","Toy Ornithopter","Membership Card","Lantern"],"acts_visited":["Exordium"],"potions_floor_usage":[14],"damage_taken":[{"damage":5,"enemies":"Small Slimes","floor":2,"turns":3},{"damage":5,"enemies":"2 Louse","floor":3,"turns":3},{"damage":8,"enemies":"Jaw Worm","floor":4,"turns":4},{"damage":14,"enemies":"downfall:FleeingMerchant","floor":12,"turns":4},{"damage":16,"enemies":"2 Fungi Beasts","floor":13,"turns":4},{"damage":38,"enemies":"3 Sentries","floor":14,"turns":4},{"damage":27,"enemies":"Large Slime","floor":15,"turns":3},{"damage":69,"enemies":"downfall:Silent","floor":16,"turns":10}],"seed_played":"-4847191716327065648","potions_obtained":[{"floor":13,"key":"BlessingOfTheForge"},{"floor":14,"key":"Strength Potion"}],"is_trial":false,"path_per_floor":["R","M","M","M","?","R","T","R","?","?","T","$","M","E","M","B"],"character_chosen":"THE_CHAMP","items_purchased":["Membership Card","champ:CalledShot","champ:Control","champ:Balance"],"campfire_rested":0,"item_purchase_floors":[12,12,12,12],"current_hp_per_floor":[90,90,90,87,87,87,87,87,87,87,87,78,78,68,68,0,0,0],"gold":266,"neow_bonus":"BOSS_RELIC","is_daily":false,"chose_seed":false,"campfire_upgraded":2,"win_rate":0.0,"timestamp":1609265577,"path_taken":["R","M","M","M","?","R","T","R","?","?","?","$","?","E","M","BOSS"],"items_purchased_type":["Relic","Card","Card","Card"],"build_version":"2020-12-22","purchased_purges":1,"victory":false,"max_hp_per_floor":[90,90,90,90,90,90,90,90,90,90,90,90,90,90,90,90,90,90],"card_choices":[{"not_picked":["champ:Backstep","champ:TornadoPunch"],"picked":"champ:GladiatorsShout","floor":2},{"not_picked":["champ:SkillfulDodge","champ:Backstep","champ:TornadoPunch"],"picked":"SKIP","floor":3},{"not_picked":["champ:PerfectedStrike","champ:GladiatorsShout"],"picked":"champ:ArenaPreparation","floor":4},{"not_picked":["champ:Circumvent","champ:Control"],"picked":"champ:EnchantShield","floor":12},{"not_picked":["champ:StanceDance","champ:CrookedStrike","champ:FlashCut"],"picked":"SKIP","floor":13},{"not_picked":["champ:PerfectedStrike","champ:FanOfKnives"],"picked":"champ:Lariat","floor":14},{"not_picked":["champ:ShieldWall","champ:GutPunch","champ:Circumvent"],"picked":"SKIP","floor":15}],"player_experience":98661,"relics_obtained":[{"floor":7,"key":"Kunai"},{"floor":11,"key":"Toy Ornithopter"},{"floor":14,"key":"Lantern"}],"event_choices":[],"is_beta":false,"boss_relics":[],"items_purged_floors":[12],"is_endless":false,"potions_floor_spawned":[13,14],"killed_by":"downfall:Silent","ascension_level":1}}