{"host":"56ghxnzsglgdq727","time":1609218680,"event":{"mods":["AchievementEnabler","BaseMod","Minty Spire (QoL Compilation)"],"gold_per_floor":[155,6,41,41,116,116,291,291,291,291,291,356,388,228,228,327,327,341,377,15,15,55,55,55,92,92,168,208,243,281,281,281,378,378,419,419,319,319,362,394,394,394,394],"floor_reached":42,"playtime":1620,"items_purged":["Doubt","Bash"],"score":614,"play_id":"dfd04372-bcb8-453e-997e-496585105da7","local_time":"20201229001120","is_ascension_mode":true,"campfire_choices":[{"data":"HandOfGreed","floor":6.0,"key":"SMITH"},{"data":"Flame Barrier","floor":8.0,"key":"SMITH"},{"data":"Impervious","floor":11.0,"key":"SMITH"},{"floor":15.0,"key":"REST"},{"data":"Barricade","floor":23.0,"key":"SMITH"},{"data":"Juggernaut","floor":32.0,"key":"SMITH"},{"data":"Metallicize","floor":41,"key":"SMITH"}],"circlet_count":0,"master_deck":["Defend_R","Defend_R","Defend_R","Defend_R","HandOfGreed+1","Flame Barrier+1","Impervious+1","Shrug It Off","Juggernaut+1","Barricade+1","Ghostly Armor","Shrug It Off","Bite","Bite","Bite","Bite","Bite","Body Slam","Metallicize+1","Barricade","Immolate","Iron Wave+1"],"relics":["Burning Blood","Lantern","Whetstone","Coffee Dripper","Thread and Needle","Dream Catcher","Tiny Chest","Juzu Bracelet","SacredBark","Molten Egg 2"],"acts_visited":["Exordium","TheCity","TheBeyond"],"potions_floor_usage":[39,40,40,42],"damage_taken":[{"damage":0.0,"enemies":"2 Louse","floor":1.0,"turns":4.0},{"damage":10.0,"enemies":"Jaw Worm","floor":3.0,"turns":5.0},{"damage":9.0,"enemies":"Small Slimes","floor":12.0,"turns":4.0},{"damage":46.0,"enemies":"Lagavulin","floor":13.0,"turns":11.0},{"damage":29.0,"enemies":"The Guardian","floor":16.0,"turns":16.0},{"damage":28.0,"enemies":"Spheric Guardian","floor":18.0,"turns":7.0},{"damage":24.0,"enemies":"3 Byrds","floor":19.0,"turns":6.0},{"damage":0.0,"enemies":"3 Cultists","floor":22.0,"turns":6.0},{"damage":0.0,"enemies":"Snecko","floor":25.0,"turns":4.0},{"damage":42.0,"enemies":"Slavers","floor":27.0,"turns":9.0},{"damage":0.0,"enemies":"Centurion and Healer","floor":28.0,"turns":10.0},{"damage":0.0,"enemies":"Book of Stabbing","floor":29.0,"turns":7.0},{"damage":0.0,"enemies":"Sentry and Sphere","floor":30.0,"turns":4.0},{"damage":0.0,"enemies":"Champ","floor":33.0,"turns":10.0},{"damage":36.0,"enemies":"3 Shapes","floor":35.0,"turns":4.0},{"damage":29,"enemies":"3 Darklings","floor":39,"turns":9},{"damage":1,"enemies":"Giant Head","floor":40,"turns":10},{"damage":49,"enemies":"Reptomancer","floor":42,"turns":3}],"seed_played":"-8315722883726729589","potions_obtained":[{"floor":1.0,"key":"SteroidPotion"},{"floor":12.0,"key":"BloodPotion"},{"floor":13.0,"key":"SpeedPotion"},{"floor":18.0,"key":"HeartOfIron"},{"floor":22.0,"key":"Ancient Potion"},{"floor":29.0,"key":"DistilledChaos"},{"floor":31.0,"key":"BloodPotion"},{"floor":31.0,"key":"Ancient Potion"},{"floor":33.0,"key":"SteroidPotion"},{"floor":39,"key":"Energy Potion"}],"is_trial":false,"path_per_floor":["M","$","M","?","?","R","?","R","T","?","R","M","E","$","R","B",null,"M","M","$","?","M","R","?","M","T","E","M","E","M","?","R","B",null,"M","?","$","?","M","E","R","E"],"character_chosen":"IRONCLAD","items_purchased":["Impervious","Juggernaut","Thread and Needle"],"campfire_rested":1,"item_purchase_floors":[2,14,20],"current_hp_per_floor":[62,62,58,63,52,52,52,52,52,52,52,49,9,9,34,28,85,63,45,45,45,51,51,51,59,59,37,59,59,59,59,59,59,59,33,33,33,33,26,45,45,0,0],"gold":394,"neow_bonus":"RANDOM_COLORLESS_2","is_daily":false,"chose_seed":false,"campfire_upgraded":6,"win_rate":0.0,"timestamp":1609218680,"path_taken":["M","$","M","?","?","R","?","R","T","?","R","?","E","$","R","BOSS","M","M","$","?","M","R","?","M","T","E","M","E","M","?","R","BOSS","M","?","$","?","M","E","R","E"],"items_purchased_type":["Card","Card","Relic"],"build_version":"2020-12-22","purchased_purges":2,"victory":false,"max_hp_per_floor":[80,80,80,85,85,85,85,85,85,85,85,85,85,85,85,85,85,85,85,85,85,85,85,59,59,59,59,59,59,59,59,59,59,59,59,59,59,56,56,56,56,56,56],"card_choices":[{"not_picked":["Violence","Secret Technique"],"picked":"HandOfGreed","floor":0.0},{"not_picked":["Wild Strike","Shrug It Off"],"picked":"Flame Barrier","floor":1.0},{"not_picked":["Feel No Pain","Perfected Strike","Heavy Blade"],"picked":"SKIP","floor":3.0},{"not_picked":["Sword Boomerang","Heavy Blade","Wild Strike"],"picked":"SKIP","floor":12.0},{"not_picked":["Seeing Red","Cleave"],"picked":"Shrug It Off","floor":13.0},{"not_picked":["Reaper","Double Tap"],"picked":"Barricade","floor":16.0},{"not_picked":["Blood for Blood","Anger"],"picked":"Ghostly Armor","floor":18.0},{"not_picked":["Whirlwind","Anger+1"],"picked":"Shrug It Off","floor":19.0},{"not_picked":["Sword Boomerang","Flex+1","Pommel Strike"],"picked":"SKIP","floor":22.0},{"not_picked":["Headbutt+1","Perfected Strike","Heavy Blade+1"],"picked":"SKIP","floor":25.0},{"not_picked":["Fire Breathing","Dropkick","Heavy Blade"],"picked":"SKIP","floor":27.0},{"not_picked":["Cleave+1","Shockwave+1","Thunderclap"],"picked":"SKIP","floor":28.0},{"not_picked":["Clothesline","Twin Strike"],"picked":"Body Slam","floor":29.0},{"not_picked":["Battle Trance+1","Thunderclap+1"],"picked":"Metallicize","floor":30.0},{"not_picked":["Brutality","Fiend Fire"],"picked":"Barricade","floor":33.0},{"not_picked":["Burning Pact+1","Evolve+1","Whirlwind+1"],"picked":"SKIP","floor":35.0},{"not_picked":["Power Through","Twin Strike+1","Searing Blow"],"picked":"SKIP","floor":39},{"not_picked":["Reckless Charge+1","Anger+1"],"picked":"Iron Wave+1","floor":40}],"player_experience":42468,"relics_obtained":[{"floor":9.0,"key":"Lantern"},{"floor":13.0,"key":"Whetstone"},{"floor":26.0,"key":"Dream Catcher"},{"floor":27.0,"key":"Tiny Chest"},{"floor":29.0,"key":"Juzu Bracelet"},{"floor":40,"key":"Molten Egg 2"}],"event_choices":[{"damage_healed":0.0,"max_hp_gain":5.0,"max_hp_loss":0.0,"gold_gain":0.0,"event_name":"Big Fish","player_choice":"Donut","floor":4.0,"gold_loss":0.0,"damage_taken":0.0},{"damage_healed":0.0,"max_hp_gain":0.0,"max_hp_loss":0.0,"gold_gain":75.0,"event_name":"World of Goop","player_choice":"Gather Gold","floor":5.0,"gold_loss":0.0,"damage_taken":11.0},{"damage_healed":0.0,"max_hp_gain":0.0,"max_hp_loss":0.0,"gold_gain":175.0,"event_name":"Liars Game","player_choice":"AGREE","floor":7.0,"gold_loss":0.0,"damage_taken":0.0,"cards_obtained":["Doubt"]},{"damage_healed":0.0,"max_hp_gain":0.0,"max_hp_loss":0.0,"gold_gain":0.0,"event_name":"Wheel of Change","player_choice":"Cursed","floor":10.0,"gold_loss":0.0,"damage_taken":0.0,"cards_obtained":["Decay"]},{"cards_removed":["Decay"],"damage_healed":0.0,"max_hp_gain":0.0,"max_hp_loss":0.0,"gold_gain":0.0,"event_name":"Back to Basics","player_choice":"Elegance","floor":21.0,"gold_loss":0.0,"damage_taken":0.0},{"damage_healed":0.0,"max_hp_gain":0.0,"max_hp_loss":26.0,"gold_gain":0.0,"event_name":"Vampires","player_choice":"Became a vampire","floor":24.0,"gold_loss":0.0,"damage_taken":0.0,"cards_obtained":["Bite","Bite","Bite","Bite","Bite"]},{"damage_healed":0.0,"max_hp_gain":0.0,"max_hp_loss":0.0,"gold_gain":0.0,"event_name":"Lab","player_choice":"Got Potions","floor":31.0,"gold_loss":0.0,"damage_taken":0.0},{"damage_healed":0.0,"max_hp_gain":0.0,"max_hp_loss":0.0,"gold_gain":0.0,"event_name":"Match and Keep!","player_choice":"1 cards matched","floor":36.0,"gold_loss":0.0,"damage_taken":0.0,"cards_obtained":["Immolate"]},{"damage_healed":0.0,"max_hp_gain":0.0,"max_hp_loss":3.0,"gold_gain":0.0,"event_name":"Winding Halls","player_choice":"Max HP","floor":38.0,"gold_loss":0.0,"damage_taken":0.0}],"is_beta":false,"boss_relics":[{"not_picked":["Runic Pyramid","SlaversCollar"],"picked":"Coffee Dripper"},{"not_picked":["Runic Dome","Cursed Key"],"picked":"SacredBark"}],"items_purged_floors":[20,37],"is_endless":false,"potions_floor_spawned":[1,12,13,18,22,29,33,35,39],"killed_by":"Reptomancer","ascension_level":1}}