{"host":"98zq812qbocdqs0d","time":1609243842,"event":{"mods":["BaseMod","GifTheSpireLib","Minty Spire (QoL Compilation)","Replay The Spire","StSLib","The Cursed","The Hierophant"],"gold_per_floor":[111,111,128,53,67,67,86,98,98,98,111,111,65,75,75,75,75],"floor_reached":16,"playtime":1043,"items_purged":["Exhume"],"score":141,"play_id":"52273330-8f79-49d9-9386-19fd6a6c863c","local_time":"20201229131042","is_ascension_mode":true,"campfire_choices":[{"data":"Pommel Strike","floor":6,"key":"SMITH"},{"data":"Flame Barrier","floor":10,"key":"SMITH"}],"circlet_count":0,"master_deck":["AscendersBane","Strike_R","Strike_R","Strike_R","Strike_R","Strike_R","Defend_R","Defend_R","Defend_R","Bash","Perfected Strike+1","Pommel Strike","Pommel Strike+1","Flame Barrier+1","Feel No Pain+1","Shrug It Off"],"relics":["Burning Blood","Replay:PocketPolymizer"],"acts_visited":["Exordium"],"potions_floor_usage":[7,7,16],"damage_taken":[{"damage":14,"enemies":"Jaw Worm","floor":1,"turns":4},{"damage":1,"enemies":"Cultist","floor":3,"turns":3},{"damage":2,"enemies":"2 Louse","floor":5,"turns":3},{"damage":1,"enemies":"Exordium Thugs","floor":7,"turns":4},{"damage":4,"enemies":"Red Slaver","floor":8,"turns":5},{"damage":13,"enemies":"Blue Slaver","floor":11,"turns":2},{"damage":13,"enemies":"3 Louse","floor":14,"turns":2},{"damage":83,"enemies":"Hexaghost","floor":16,"turns":12}],"seed_played":"7925833214819856609","potions_obtained":[{"floor":1,"key":"SkillPotion"},{"floor":3,"key":"Ancient Potion"},{"floor":5,"key":"Weak Potion"},{"floor":11,"key":"Dexterity Potion"}],"is_trial":false,"path_per_floor":["M","?","M","$","M","R","M","M","T","R","M","?","$","M","R","B"],"character_chosen":"IRONCLAD","items_purchased":["Shrug It Off"],"campfire_rested":0,"item_purchase_floors":[13],"current_hp_per_floor":[64,64,69,69,73,73,78,80,80,80,73,73,73,66,80,0,0],"gold":75,"neow_bonus":"ONE_RANDOM_RARE_CARD","is_daily":false,"chose_seed":false,"campfire_upgraded":2,"win_rate":0.0,"timestamp":1609243842,"path_taken":["M","?","M","$","M","R","M","M","T","R","?","?","$","M","R","BOSS"],"items_purchased_type":["Card"],"build_version":"2020-12-22","purchased_purges":1,"victory":false,"max_hp_per_floor":[80,80,80,80,80,80,80,80,80,80,80,80,80,80,80,80,80],"card_choices":[{"not_picked":["Searing Blow","Run Through"],"picked":"Perfected Strike","floor":1},{"not_picked":["Run Through","Heavy Blade"],"picked":"Pommel Strike","floor":3},{"not_picked":["Hemokinesis","Flex"],"picked":"Pommel Strike","floor":5},{"not_picked":["Limit Break","Iron Wave"],"picked":"Flame Barrier","floor":7},{"not_picked":["Warcry","Flex","Demonic Infusion"],"picked":"SKIP","floor":8},{"not_picked":["ReplayTheSpireMod:Stacked","Body Slam","True Grit"],"picked":"SKIP","floor":11},{"not_picked":["Dual Wield","Sword Boomerang","Warcry"],"picked":"SKIP","floor":14}],"player_experience":879859,"relics_obtained":[{"floor":9,"key":"Replay:PocketPolymizer"}],"event_choices":[{"damage_healed":0,"gold_gain":0,"player_choice":"Upgraded","damage_taken":0,"max_hp_gain":0,"max_hp_loss":0,"event_name":"Upgrade Shrine","floor":2,"gold_loss":0,"cards_upgraded":["Perfected Strike"]},{"damage_healed":0,"gold_gain":0,"cards_transformed":["Havoc"],"player_choice":"Transformed","damage_taken":0,"max_hp_gain":0,"max_hp_loss":0,"event_name":"Transmorgrifier","floor":12,"gold_loss":0,"cards_obtained":["Feel No Pain"]}],"is_beta":false,"boss_relics":[],"items_purged_floors":[4],"is_endless":false,"potions_floor_spawned":[1,3,5,11],"killed_by":"Hexaghost","ascension_level":10}}