{"host":"bjzqjr1ycgj8gt55","time":1609277679,"event":{"mods":["BaseMod","Block Reminder","Colored Map","Colored Powertips","Downfall","GifTheSpireLib","Minty Spire (QoL Compilation)","Rare Cards Sparkle","Spicy Shops","StSLib","Waifu the Spire"],"gold_per_floor":[99,99,99,249,249,249,329,363,438,438,454,465,465,820,837,837,837,837],"floor_reached":16,"playtime":616,"items_purged":[],"score":146,"play_id":"d530530e-cf25-4c1c-b244-49c7d3004b76","local_time":"20201229153439","is_ascension_mode":false,"campfire_choices":[{"data":"hexamod:Sear","floor":1,"key":"SMITH"},{"floor":13,"key":"RECALL"}],"circlet_count":0,"master_deck":["hexamod:Strike","hexamod:Strike","hexamod:Strike","hexamod:Strike","hexamod:Defend","hexamod:Defend","hexamod:Defend","hexamod:Defend","hexamod:Sear+1","hexamod:Float","hexamod:ThermalTransfer","Slimebound:Icky","Regret","hexamod:FirstSeal","hexamod:HauntingEcho","hexamod:BurningTouch","hexamod:FirstSeal","hexamod:SoulSteal","hexamod:NecessarySacrifice"],"relics":["hexamod:SpiritBrand","downfall:HeartsMalice","Peace Pipe","Omamori","Mango","Orichalcum","Old Coin"],"acts_visited":["Exordium"],"potions_floor_usage":[15,16],"damage_taken":[{"damage":0,"enemies":"Jaw Worm","floor":2,"turns":1},{"damage":0,"enemies":"Gremlin Nob","floor":8,"turns":1},{"damage":0,"enemies":"Small Slimes","floor":10,"turns":1},{"damage":5,"enemies":"2 Louse","floor":11,"turns":4},{"damage":12,"enemies":"3 Louse","floor":12,"turns":4},{"damage":36,"enemies":"Lagavulin Event","floor":14,"turns":6},{"damage":22,"enemies":"Exordium Thugs","floor":15,"turns":3},{"damage":55,"enemies":"downfall:Silent","floor":16,"turns":8}],"seed_played":"-3898696599566407143","potions_obtained":[{"floor":9,"key":"downfall:CursedFountainPotion"},{"floor":11,"key":"DuplicationPotion"},{"floor":12,"key":"Fruit Juice"},{"floor":15,"key":"FearPotion"}],"is_trial":false,"path_per_floor":["R","M","?","?","?","T","T","E","?","M","M","M","R","?","M","B"],"character_chosen":"THE_SPIRIT","items_purchased":[],"campfire_rested":0,"item_purchase_floors":[],"current_hp_per_floor":[70,70,67,67,67,81,81,81,81,81,83,78,78,56,53,0,0,0],"gold":837,"neow_bonus":"THREE_ENEMY_KILL","is_daily":false,"chose_seed":false,"campfire_upgraded":1,"win_rate":0.0,"timestamp":1609277679,"path_taken":["R","M","?","?","?","?","T","E","?","M","M","?","R","?","M","BOSS"],"items_purchased_type":[],"build_version":"2020-12-22","purchased_purges":0,"victory":false,"max_hp_per_floor":[70,70,70,70,70,84,84,84,84,84,84,84,84,84,89,89,89,89],"card_choices":[{"not_picked":["hexamod:RainOfEmbers","hexamod:GhostLash"],"picked":"hexamod:ThermalTransfer","floor":2},{"not_picked":["hexamod:BacktrackSmack","hexamod:SkipABeat"],"picked":"hexamod:FirstSeal","floor":8},{"not_picked":["hexamod:BacktrackSmack","hexamod:NightmareStrike"],"picked":"hexamod:HauntingEcho","floor":10},{"not_picked":["hexamod:NightmareGuise","hexamod:GhostOfSpirePresent"],"picked":"hexamod:BurningTouch","floor":11},{"not_picked":["hexamod:GhostOfSpireFuture","hexamod:Hexaguard"],"picked":"hexamod:FirstSeal","floor":12},{"not_picked":["hexamod:ThirdSeal","hexamod:Firestarter"],"picked":"hexamod:SoulSteal","floor":14},{"not_picked":["hexamod:SecondSeal","hexamod:GhostShield"],"picked":"hexamod:NecessarySacrifice","floor":15}],"player_experience":115630,"relics_obtained":[{"floor":6,"key":"Mango"},{"floor":8,"key":"Orichalcum"},{"floor":14,"key":"Old Coin"}],"event_choices":[{"damage_healed":0,"gold_gain":0,"player_choice":"Success","damage_taken":3,"relics_obtained":["Peace Pipe"],"max_hp_gain":0,"max_hp_loss":0,"event_name":"Scrap Ooze","floor":3,"gold_loss":0},{"damage_healed":0,"gold_gain":0,"player_choice":"Box","damage_taken":0,"relics_obtained":["Omamori"],"max_hp_gain":0,"max_hp_loss":0,"event_name":"Big Fish","floor":5,"gold_loss":0,"cards_obtained":["Regret"]}],"is_beta":false,"boss_relics":[],"items_purged_floors":[],"is_endless":false,"potions_floor_spawned":[11,12,15],"killed_by":"downfall:Silent","ascension_level":0}}