{"host":"e0kes70z4atl8xdk","time":1609273601,"event":{"mods":["BaseMod","Colored Map","Colored Powertips","Minty Spire (QoL Compilation)","Rare Cards Sparkle","Relic Stats"],"gold_per_floor":[18,36,55,66,85,111,111,125,151,183,148,148,166,183,183,285,285,297,222,240,63,74,109,109,109,109,131,193,205,217,264,276,385,397,420,58,72,72,0,35,83,96,96,115,138,138,149,161,161,161,161,161,61,93,93,93],"floor_reached":55,"playtime":5296,"items_purged":["Strike_R","Anger"],"score":980,"play_id":"a84191e5-8f4c-4d39-8263-40f270a07900","local_time":"20201229212641","is_ascension_mode":true,"campfire_choices":[{"data":"Heavy Blade","floor":7.0,"key":"SMITH"},{"data":"Armaments","floor":12.0,"key":"SMITH"},{"data":"Uppercut","floor":15.0,"key":"SMITH"},{"floor":24.0,"key":"REST"},{"floor":30.0,"key":"RECALL"},{"floor":32.0,"key":"REST"},{"floor":49.0,"key":"REST"},{"floor":52.0,"key":"REST"}],"circlet_count":0,"master_deck":["Defend_R","Defend_R+1","Defend_R","Bash","Inflame","Evolve","Heavy Blade+1","Pommel Strike","Uppercut+1","Armaments+1","True Grit+1","Whirlwind","Battle Trance","Shrug It Off","Flame Barrier+1","Apotheosis","Inflame","Carnage+1","Carnage","Demon Form","Shrug It Off+1","Dual Wield","Carnage+1","Demon Form","Inflame+1"],"relics":["Burning Blood","Tiny Chest","Art of War","War Paint","Snecko Eye","PreservedInsect","MawBank","Oddly Smooth Stone","Omamori","Sozu","Happy Flower","Centennial Puzzle","Red Mask","Unceasing Top","Thread and Needle","Shuriken","Bag of Marbles"],"acts_visited":["Exordium","TheCity","TheBeyond","TheEnding"],"potions_floor_usage":[],"damage_taken":[{"damage":1.0,"enemies":"Cultist","floor":1.0,"turns":4.0},{"damage":2.0,"enemies":"Jaw Worm","floor":2.0,"turns":3.0},{"damage":10.0,"enemies":"Small Slimes","floor":3.0,"turns":4.0},{"damage":7.0,"enemies":"Looter","floor":4.0,"turns":3.0},{"damage":6.0,"enemies":"Blue Slaver","floor":5.0,"turns":3.0},{"damage":16.0,"enemies":"Gremlin Nob","floor":6.0,"turns":3.0},{"damage":10.0,"enemies":"2 Fungi Beasts","floor":8.0,"turns":3.0},{"damage":25.0,"enemies":"Lagavulin","floor":10.0,"turns":8.0},{"damage":6.0,"enemies":"Looter","floor":13.0,"turns":2.0},{"damage":10.0,"enemies":"Large Slime","floor":14.0,"turns":6.0},{"damage":23.0,"enemies":"The Guardian","floor":16.0,"turns":8.0},{"damage":4.0,"enemies":"Shell Parasite","floor":18.0,"turns":3.0},{"damage":20.0,"enemies":"Chosen","floor":20.0,"turns":5.0},{"damage":4.0,"enemies":"Snake Plant","floor":22.0,"turns":4.0},{"damage":10.0,"enemies":"Book of Stabbing","floor":23.0,"turns":2.0},{"damage":4.0,"enemies":"Sentry and Sphere","floor":27.0,"turns":4.0},{"damage":46.0,"enemies":"Slavers","floor":31.0,"turns":6.0},{"damage":21.0,"enemies":"Automaton","floor":33.0,"turns":6.0},{"damage":10.0,"enemies":"3 Shapes","floor":35.0,"turns":3.0},{"damage":9.0,"enemies":"3 Darklings","floor":37.0,"turns":4.0},{"damage":0.0,"enemies":"Giant Head","floor":40.0,"turns":6.0},{"damage":23.0,"enemies":"2 Orb Walkers","floor":41.0,"turns":4.0},{"damage":2.0,"enemies":"Writhing Mass","floor":42.0,"turns":5.0},{"damage":10.0,"enemies":"Jaw Worm Horde","floor":44.0,"turns":3.0},{"damage":0.0,"enemies":"Spire Growth","floor":47.0,"turns":3.0},{"damage":4.0,"enemies":"4 Shapes","floor":48.0,"turns":5.0},{"damage":31.0,"enemies":"Time Eater","floor":50.0,"turns":7.0},{"damage":42.0,"enemies":"Shield and Spear","floor":54.0,"turns":3.0},{"damage":97,"enemies":"The Heart","floor":55,"turns":3}],"seed_played":"6589548237309850697","potions_obtained":[{"floor":4.0,"key":"AttackPotion"},{"floor":5.0,"key":"ColorlessPotion"},{"floor":8.0,"key":"SneckoOil"},{"floor":10.0,"key":"CultistPotion"},{"floor":22.0,"key":"SkillPotion"},{"floor":27.0,"key":"Weak Potion"},{"floor":31.0,"key":"Dexterity Potion"}],"is_trial":false,"path_per_floor":["M","M","M","M","M","E","R","M","T","E","?","R","M","M","R","B",null,"M","?","M","$","M","E","R","?","T","M","T","$","R","E","R","B",null,"M","$","M","?","?","E","?","M","T","M","T","?","M","M","R","B",null,"R","$","E","B"],"character_chosen":"IRONCLAD","items_purchased":["Apotheosis","Happy Flower","Centennial Puzzle"],"campfire_rested":4,"item_purchase_floors":[21,36,36],"current_hp_per_floor":[77,80,76,75,75,65,65,61,61,42,62,62,62,58,58,41,70,72,72,58,58,60,56,80,80,80,80,80,80,80,40,64,49,72,68,68,65,65,65,71,54,58,58,54,54,54,60,62,80,55,74,80,80,44,0,0],"gold":93,"neow_bonus":"TRANSFORM_TWO_CARDS","is_daily":false,"chose_seed":false,"campfire_upgraded":3,"win_rate":0.0,"timestamp":1609273601,"path_taken":["M","M","M","?","M","E","R","M","T","E","?","R","M","M","R","BOSS","M","?","M","$","M","E","R","?","T","M","?","$","R","E","R","BOSS","M","$","M","?","?","E","?","M","T","M","?","?","M","?","R","BOSS","R","$","E","BOSS"],"items_purchased_type":["Card","Relic","Relic"],"build_version":"2020-12-22","purchased_purges":2,"victory":false,"max_hp_per_floor":[80,80,80,80,80,80,80,80,80,80,80,80,80,80,80,80,80,80,80,80,80,80,80,80,80,80,80,80,80,80,80,80,80,80,80,80,80,80,80,80,80,80,80,80,80,80,80,80,80,80,80,80,80,80,80,80],"relic_stats":{"Happy Flower":[14],"counters":[29,123],"PreservedInsect":233,"War Paint":["True Grit","Defend_R"],"MawBank":120,"Burning Blood":165,"Sozu":4,"Centennial Puzzle":[21],"Shuriken":[2],"Snecko Eye":[151,138,160,144],"Tiny Chest":2,"Art of War":[12],"obtain_stats":[{"Happy Flower":36,"Oddly Smooth Stone":28,"Thread and Needle":41,"PreservedInsect":23,"Omamori":31,"War Paint":10,"MawBank":26,"Burning Blood":0,"Sozu":34,"Centennial Puzzle":36,"Shuriken":43,"Snecko Eye":17,"Tiny Chest":6,"Art of War":9,"Red Mask":39,"Bag of Marbles":54,"Unceasing Top":40},{"Happy Flower":19,"Oddly Smooth Stone":16,"Thread and Needle":22,"PreservedInsect":15,"Omamori":17,"War Paint":8,"MawBank":15,"Burning Blood":0,"Sozu":18,"Centennial Puzzle":19,"Shuriken":23,"Snecko Eye":11,"Tiny Chest":6,"Art of War":7,"Red Mask":20,"Bag of Marbles":28,"Unceasing Top":21},{"Happy Flower":80,"Oddly Smooth Stone":65,"Thread and Needle":94,"PreservedInsect":61,"Omamori":71,"War Paint":31,"MawBank":61,"Burning Blood":0,"Sozu":77,"Centennial Puzzle":80,"Shuriken":99,"Snecko Eye":47,"Tiny Chest":20,"Art of War":23,"Red Mask":84,"Bag of Marbles":120,"Unceasing Top":90}],"Unceasing Top":[1]},"card_choices":[{"not_picked":["Warcry","Dark Embrace"],"picked":"Anger","floor":1.0},{"not_picked":["Thunderclap","Entrench"],"picked":"Heavy Blade","floor":2.0},{"not_picked":["Perfected Strike","Body Slam"],"picked":"Pommel Strike","floor":3.0},{"not_picked":["Sever Soul","Thunderclap","Pommel Strike"],"picked":"SKIP","floor":4.0},{"not_picked":["Double Tap","Bloodletting"],"picked":"Uppercut","floor":5.0},{"not_picked":["Second Wind","Pommel Strike"],"picked":"Armaments","floor":6.0},{"not_picked":["Flex","Warcry"],"picked":"True Grit","floor":8.0},{"not_picked":["Second Wind","Clash","Entrench"],"picked":"SKIP","floor":10.0},{"not_picked":["Clothesline","Armaments"],"picked":"Whirlwind","floor":13.0},{"not_picked":["Bloodletting","Rupture"],"picked":"Battle Trance","floor":14.0},{"not_picked":["Infernal Blade+1","Perfected Strike+1"],"picked":"Shrug It Off","floor":18.0},{"not_picked":["Twin Strike+1","Shrug It Off"],"picked":"Flame Barrier+1","floor":20.0},{"not_picked":["True Grit+1","Thunderclap"],"picked":"Inflame","floor":22.0},{"not_picked":["Cleave","Feel No Pain"],"picked":"Carnage+1","floor":23.0},{"not_picked":["Anger+1","Havoc+1","Clothesline"],"picked":"SKIP","floor":27.0},{"not_picked":["Corruption","Headbutt+1"],"picked":"Carnage","floor":31.0},{"not_picked":["Berserk","Fiend Fire"],"picked":"Demon Form","floor":33.0},{"not_picked":["Clash+1","Heavy Blade"],"picked":"Shrug It Off+1","floor":35.0},{"not_picked":["Wild Strike","Perfected Strike"],"picked":"Dual Wield","floor":37.0},{"not_picked":["Metallicize+1","Uppercut+1","Power Through+1"],"picked":"SKIP","floor":40.0},{"not_picked":["Ghostly Armor","Sword Boomerang"],"picked":"Carnage+1","floor":42.0},{"not_picked":["Bloodletting+1","Twin Strike","Flame Barrier"],"picked":"SKIP","floor":44.0},{"not_picked":["Shrug It Off","Clash+1","Armaments"],"picked":"SKIP","floor":47.0},{"not_picked":["Flame Barrier","Anger+1"],"picked":"Inflame+1","floor":48.0},{"not_picked":["Perfected Strike+1","Berserk","Flame Barrier+1"],"picked":"SKIP","floor":54.0}],"player_experience":207783,"relics_obtained":[{"floor":6.0,"key":"Tiny Chest"},{"floor":9.0,"key":"Art of War"},{"floor":10.0,"key":"War Paint"},{"floor":23.0,"key":"PreservedInsect"},{"floor":26.0,"key":"MawBank"},{"floor":28.0,"key":"Oddly Smooth Stone"},{"floor":31.0,"key":"Omamori"},{"floor":40.0,"key":"Unceasing Top"},{"floor":41.0,"key":"Thread and Needle"},{"floor":43.0,"key":"Shuriken"},{"floor":54.0,"key":"Bag of Marbles"}],"event_choices":[{"damage_healed":20.0,"max_hp_gain":0.0,"max_hp_loss":0.0,"gold_gain":0.0,"event_name":"The Cleric","player_choice":"Healed","floor":11.0,"gold_loss":35.0,"damage_taken":0.0},{"cards_removed":["Strike_R"],"damage_healed":0.0,"max_hp_gain":0.0,"max_hp_loss":0.0,"gold_gain":0.0,"event_name":"Beggar","player_choice":"Gave Gold","floor":19.0,"gold_loss":75.0,"damage_taken":0.0},{"cards_removed":["Strike_R"],"damage_healed":0.0,"max_hp_gain":0.0,"max_hp_loss":0.0,"gold_gain":0.0,"event_name":"Back to Basics","player_choice":"Elegance","floor":25.0,"gold_loss":0.0,"damage_taken":0.0},{"cards_removed":["Defend_R"],"damage_healed":0.0,"max_hp_gain":0.0,"max_hp_loss":0.0,"gold_gain":0.0,"event_name":"Falling","player_choice":"Removed Skill","floor":38.0,"gold_loss":0.0,"damage_taken":0.0},{"damage_healed":0.0,"max_hp_gain":0.0,"max_hp_loss":0.0,"gold_gain":0.0,"event_name":"Tomb of Lord Red Mask","player_choice":"Paid","floor":39.0,"gold_loss":72.0,"damage_taken":0.0,"relics_obtained":["Red Mask"]},{"damage_healed":0.0,"max_hp_gain":0.0,"max_hp_loss":0.0,"gold_gain":0.0,"event_name":"Mysterious Sphere","player_choice":"Fight","floor":41.0,"gold_loss":0.0,"damage_taken":0.0},{"damage_healed":0.0,"max_hp_gain":0.0,"max_hp_loss":0.0,"gold_gain":0.0,"event_name":"Duplicator","player_choice":"Copied","floor":46.0,"gold_loss":0.0,"damage_taken":0.0,"cards_obtained":["Demon Form"]}],"is_beta":false,"boss_relics":[{"not_picked":["Ectoplasm","Tiny House"],"picked":"Snecko Eye"},{"not_picked":["Astrolabe","Empty Cage"],"picked":"Sozu"}],"items_purged_floors":[36,53],"is_endless":false,"potions_floor_spawned":[4,5,8,10,22,27,31,35,41,44,48,54],"killed_by":"The Heart","ascension_level":7}}