{"host":"dh4nu8nelr2izibb","time":1609224909,"event":{"mods":["Act Like it!","BaseMod","Better Third Choice","Card Forge","Curses Come First","Displayed Cursed Tome","HololiveMod","Marisa????????","Minty Spire (QoL Compilation)","Puzzle Mod","Quick Restart","Relic Filter","StSLib","The Marked","The Poker Player","The Servant 0.9.4","WarShipGirlsR/????R mod","Yakumo Yukari mod"],"gold_per_floor":[113,113,132,149,159,159,193,210,210,210,224,244,244,269,269,269,269],"floor_reached":16,"playtime":603,"items_purged":[],"score":228,"play_id":"c48d4a63-0e97-4574-9825-9753d175e4ac","local_time":"20201229015509","is_ascension_mode":true,"campfire_choices":[{"data":"Footwork","floor":6,"key":"SMITH"},{"floor":10,"key":"REST"},{"data":"All Out Attack","floor":15,"key":"SMITH"}],"circlet_count":0,"master_deck":["AscendersBane","Strike_G","Strike_G","Strike_G","Strike_G","Defend_G+1","Defend_G","Defend_G","Defend_G","Survivor","Neutralize+1","Footwork+1","All Out Attack+1","Dash","Dagger Spray","Prepared","Finisher+1","Backflip","Cloak And Dagger","Malaise"],"relics":["Ring of the Snake","Hammer of Thor","Seething Fire","Anvil of the Gods","WingedGreaves","Molten Egg 2","Blood Vial","Unceasing Top"],"acts_visited":["Exordium"],"potions_floor_usage":[5,14,16,16],"damage_taken":[{"damage":0,"enemies":"Small Slimes","floor":1,"turns":6},{"damage":5,"enemies":"Jaw Worm","floor":3,"turns":6},{"damage":2,"enemies":"2 Louse","floor":4,"turns":3},{"damage":0,"enemies":"Red Slaver","floor":5,"turns":3},{"damage":28,"enemies":"Gremlin Nob","floor":7,"turns":6},{"damage":2,"enemies":"3 Louse","floor":8,"turns":4},{"damage":0,"enemies":"2 Fungi Beasts","floor":11,"turns":3},{"damage":0,"enemies":"Looter","floor":12,"turns":4},{"damage":13,"enemies":"3 Sentries","floor":14,"turns":12},{"damage":45,"enemies":"Slime Boss","floor":16,"turns":10}],"seed_played":"-1157872782406804784","potions_obtained":[{"floor":1,"key":"SneckoOil"},{"floor":3,"key":"Fire Potion"},{"floor":4,"key":"Dexterity Potion"},{"floor":11,"key":"EssenceOfSteel"},{"floor":14,"key":"Fire Potion"}],"is_trial":false,"path_per_floor":["M","?","M","M","M","R","E","M","T","R","M","M","?","E","R","B"],"character_chosen":"THE_SILENT","items_purchased":[],"campfire_rested":1,"item_purchase_floors":[],"current_hp_per_floor":[59,41,36,34,34,34,6,4,4,22,24,26,46,35,35,0,0],"gold":269,"neow_bonus":"ONE_RARE_RELIC","is_daily":false,"chose_seed":false,"campfire_upgraded":2,"win_rate":0.0,"timestamp":1609224909,"path_taken":["M","?","M","M","M","R","E","M","T","R","M","M","?","E","R","BOSS"],"items_purchased_type":[],"build_version":"2020-12-22","purchased_purges":0,"victory":false,"max_hp_per_floor":[60,60,60,60,60,60,60,60,60,60,60,60,60,60,60,60,60],"card_choices":[{"not_picked":["Blade Dance","Backstab"],"picked":"Footwork","floor":1},{"not_picked":["Bane","Poisoned Stab"],"picked":"All Out Attack","floor":3},{"not_picked":["Blur","All Out Attack"],"picked":"Dash","floor":4},{"not_picked":["Outmaneuver","Setup"],"picked":"Dagger Spray","floor":5},{"not_picked":["Deadly Poison","Caltrops"],"picked":"Prepared","floor":7},{"not_picked":["Escape Plan","Calculated Gamble"],"picked":"Finisher+1","floor":8},{"not_picked":["Caltrops","Outmaneuver"],"picked":"Backflip","floor":11},{"not_picked":["Dodge and Roll","Acrobatics"],"picked":"Cloak And Dagger","floor":12},{"not_picked":["Tactician","Heel Hook+1"],"picked":"Malaise","floor":14}],"player_experience":1127766,"relics_obtained":[{"floor":7,"key":"Molten Egg 2"},{"floor":9,"key":"Blood Vial"},{"floor":14,"key":"Unceasing Top"}],"event_choices":[{"damage_healed":59,"gold_gain":0,"player_choice":"Upgrade","damage_taken":18,"max_hp_gain":0,"max_hp_loss":60,"event_name":"betterThird:BetterShining","floor":2,"gold_loss":0,"cards_upgraded":["Defend_G","Neutralize"]},{"damage_healed":20,"gold_gain":0,"player_choice":"Banana","damage_taken":0,"max_hp_gain":0,"max_hp_loss":0,"event_name":"Big Fish","floor":13,"gold_loss":0}],"is_beta":false,"boss_relics":[],"items_purged_floors":[],"is_endless":false,"potions_floor_spawned":[1,3,4,11,14],"killed_by":"Slime Boss","ascension_level":20}}