{"host":"68ryiucqar8jyfi2","time":1609277591,"event":{"mods":["2.2 Compatiblity","Act Like it!","Aspiration","BaseMod","Better Match","Better Note","Better Skull","Better Third Choice","CCEM","CapriCore","Curses Come First","Defuse TimeMaze Blight","Displayed Cursed Tome","Emptier Cage","Energized Spire","Friendly Minions","GifTheSpireLib","HexUI Lib","Hubris","Hyrulean Relics","Minty Spire (QoL Compilation)","Permanent Neow","RNG Fix","Replay The Spire","Robot Space Explorer","StSLib","Stuff the Spire","The Blue Laboratory","Trackpad","Transform Curses","Uncapped","Wandering Minibosses"],"gold_per_floor":[109,123,123,85,96,96,126,126,126,152,164,164,164,178,178,178,178],"floor_reached":16,"playtime":349,"items_purged":[],"score":162,"play_id":"b02ae46e-68ce-4264-b219-7eb8b51df576","local_time":"20201229213311","daily_mods":["Vintage","Heirloom","Flight"],"is_ascension_mode":false,"campfire_choices":[{"data":"Zap","floor":6,"key":"SMITH"},{"floor":15,"key":"REST"}],"circlet_count":0,"master_deck":["Strike_B","Strike_B","Strike_B","Defend_B","Defend_B","Defend_B","Defend_B","Zap+1","Dualcast+1","hubris:NaturalOne"],"relics":["Cracked Core","Replay:Kaleidoscope","Bronze Scales","InkBottle","hubris:Icosahedron","StuffTheSpire:MayFlowers","Toy Ornithopter","zeldaRelics:CourageTriforce","Runic Capacitor","hubris:SlimyHat"],"acts_visited":["Exordium"],"potions_floor_usage":[14,14],"damage_taken":[{"damage":6,"enemies":"Jaw Worm","floor":1,"turns":3},{"damage":0,"enemies":"2 Louse","floor":2,"turns":3},{"damage":1,"enemies":"Cultist","floor":4,"turns":3},{"damage":1,"enemies":"3 Louse","floor":5,"turns":2},{"damage":29,"enemies":"3 Sentries","floor":7,"turns":7},{"damage":21,"enemies":"Lagavulin","floor":10,"turns":5},{"damage":3,"enemies":"Red Slaver","floor":11,"turns":2},{"damage":0,"enemies":"Gremlin Gang","floor":14,"turns":2},{"damage":0,"enemies":"Hexaghost","floor":16,"turns":1}],"seed_played":"-6252970292435796572","potions_obtained":[{"floor":7,"key":"Toxic Potion"},{"floor":10,"key":"Elixir"},{"floor":11,"key":"Block Potion"},{"floor":14,"key":"blueLaboratory:SavagePotion"}],"is_trial":true,"path_per_floor":["M","M","?","M","M","R","E","?","T","E","M","?","$","M","R","B"],"character_chosen":"DEFECT","items_purchased":["Runic Capacitor"],"campfire_rested":1,"item_purchase_floors":[13],"current_hp_per_floor":[69,69,69,68,67,67,43,43,43,22,19,19,9,19,41,41,41],"gold":178,"neow_bonus":"","is_daily":false,"chose_seed":false,"campfire_upgraded":1,"win_rate":0.0,"timestamp":1609277591,"path_taken":["M","M","?","M","M","R","E","?","T","E","M","?","?","M","R","BOSS"],"items_purchased_type":["Relic"],"build_version":"2020-12-22","purchased_purges":0,"victory":false,"max_hp_per_floor":[75,75,75,75,75,75,75,75,75,75,75,75,75,75,75,75,75],"card_choices":[{"not_picked":["Double Energy","Ball Lightning","Auto Shields"],"picked":"SKIP","floor":7},{"not_picked":["Genetic Algorithm","Cold Snap","Turbo"],"picked":"SKIP","floor":10}],"player_experience":182928,"relics_obtained":[{"floor":1,"key":"Bronze Scales"},{"floor":2,"key":"InkBottle"},{"floor":4,"key":"StuffTheSpire:MayFlowers"},{"floor":5,"key":"Toy Ornithopter"},{"floor":7,"key":"zeldaRelics:CouragePiece"},{"floor":9,"key":"zeldaRelics:CouragePiece"},{"floor":10,"key":"zeldaRelics:CouragePiece"},{"floor":14,"key":"hubris:SlimyHat"}],"event_choices":[{"damage_healed":0,"gold_gain":0,"player_choice":"Forge","damage_taken":0,"max_hp_gain":0,"max_hp_loss":0,"event_name":"Accursed Blacksmith","floor":8,"gold_loss":0,"cards_upgraded":["Dualcast"]},{"cards_removed":["Strike_B"],"damage_healed":0,"gold_gain":0,"player_choice":"Offered Basic","damage_taken":0,"max_hp_gain":0,"max_hp_loss":0,"event_name":"Bonfire Elementals","floor":12,"gold_loss":0}],"is_beta":false,"boss_relics":[],"items_purged_floors":[],"is_endless":true,"potions_floor_spawned":[7,10,11,14],"killed_by":"Hexaghost","ascension_level":0}}