{"host":"qfskrnw3pl1q86j0","time":1609265048,"event":{"mods":["BaseMod","Block Reminder","Hermit","Marisa????????","Minty Spire (QoL Compilation)","Quick Restart","Random Character Button","Relic Stats","StSLib","The Poker Player","slay the spire mod where everything is the same but ironclad has a cowboy hat"],"gold_per_floor":[119,44,60,78,78,78,90,90,90,90,90,123,142,171,171,272,272,291,291,308,308,328,328,355,355,405,405,423,11,11,29,29,125,125,140,156,170,216,235,235,235,235,235,269,269,288,301,355,355,355],"floor_reached":51,"playtime":2188,"items_purged":["Strike_MRS","Strike_MRS"],"score":832,"play_id":"a3fcb86f-2eaa-4488-bd1b-15264b604a73","local_time":"20201229190408","is_ascension_mode":false,"campfire_choices":[{"data":"MasterSpark","floor":6.0,"key":"SMITH"},{"data":"MilkyWay","floor":8.0,"key":"SMITH"},{"data":"UpSweep","floor":10.0,"key":"SMITH"},{"data":"EnergyFlow","floor":15.0,"key":"SMITH"},{"data":"CollectingQuirk","floor":23.0,"key":"SMITH"},{"data":"DragonMeteor","floor":25.0,"key":"SMITH"},{"floor":27.0,"key":"REST"},{"data":"EnergyFlow","floor":32.0,"key":"SMITH"},{"data":"MilkyWay","floor":40,"key":"SMITH"},{"data":"GrandCross","floor":42,"key":"SMITH"},{"data":"AsteroidBelt","floor":45,"key":"SMITH"},{"data":"PowerUp","floor":49,"key":"SMITH"}],"circlet_count":0,"master_deck":["Strike_MRS","Defend_MRS","Defend_MRS","Defend_MRS","Defend_MRS","MasterSpark+1","UpSweep+1","DragonMeteor+1","MilkyWay+1","PowerUp+1","EnergyFlow+1","ShootTheMoon","EnergyFlow+1","SporeBomb","GalacticHalo","CollectingQuirk+1","PulseMagic+1","AsteroidBelt+1","GrandCross+1","EarthLightRay","DoubleSpark+1","MilkyWay+1","RefractionSpark+1","GrandCross+1"],"relics":["MiniHakkero","Matryoshka","StrikeDummy","Strawberry","Bronze Scales","ExperimentalFamiliar","Regal Pillow","MutagenicStrength","Incense Burner","Orichalcum","Happy Flower","TungstenRod","Coffee Dripper","Ginger","Vajra","Darkstone Periapt","Shuriken","CatCart"],"acts_visited":["Exordium","TheCity","TheBeyond"],"potions_floor_usage":[50,50,50],"damage_taken":[{"damage":0.0,"enemies":"2 Louse","floor":1.0,"turns":2.0},{"damage":0.0,"enemies":"Small Slimes","floor":3.0,"turns":3.0},{"damage":1.0,"enemies":"Jaw Worm","floor":4.0,"turns":4.0},{"damage":11.0,"enemies":"Lots of Slimes","floor":7.0,"turns":4.0},{"damage":9.0,"enemies":"Lagavulin","floor":12.0,"turns":6.0},{"damage":0.0,"enemies":"Large Slime","floor":13.0,"turns":3.0},{"damage":0.0,"enemies":"Gremlin Nob","floor":14.0,"turns":2.0},{"damage":0.0,"enemies":"Slime Boss","floor":16.0,"turns":3.0},{"damage":11.0,"enemies":"Spheric Guardian","floor":18.0,"turns":4.0},{"damage":0.0,"enemies":"Shell Parasite","floor":20.0,"turns":4.0},{"damage":19.0,"enemies":"Cultist and Chosen","floor":22.0,"turns":5.0},{"damage":25.0,"enemies":"Slavers","floor":24.0,"turns":5.0},{"damage":2.0,"enemies":"Snecko","floor":28.0,"turns":3.0},{"damage":0.0,"enemies":"Centurion and Healer","floor":31.0,"turns":4.0},{"damage":3.0,"enemies":"Champ","floor":33.0,"turns":7.0},{"damage":5.0,"enemies":"3 Darklings","floor":35.0,"turns":3.0},{"damage":0.0,"enemies":"3 Shapes","floor":36.0,"turns":4.0},{"damage":15.0,"enemies":"Maw","floor":37.0,"turns":5.0},{"damage":3.0,"enemies":"2 Orb Walkers","floor":38.0,"turns":3.0},{"damage":0,"enemies":"Transient","floor":39,"turns":5},{"damage":0,"enemies":"Reptomancer","floor":44,"turns":3},{"damage":3,"enemies":"Jaw Worm Horde","floor":46,"turns":3},{"damage":0,"enemies":"Maw","floor":47,"turns":2},{"damage":33,"enemies":"Orin","floor":48,"turns":6},{"damage":47,"enemies":"Awakened One","floor":50,"turns":6}],"seed_played":"-1359287057335381256","potions_obtained":[{"floor":7.0,"key":"LiquidBronze"},{"floor":12.0,"key":"LiquidMemories"},{"floor":13.0,"key":"DuplicationPotion"},{"floor":16.0,"key":"Weak Potion"},{"floor":20.0,"key":"Weak Potion"},{"floor":24.0,"key":"EssenceOfSteel"},{"floor":33.0,"key":"SneckoOil"},{"floor":35.0,"key":"SmokeBomb"},{"floor":38.0,"key":"LiquidBronze"},{"floor":47,"key":"LiquidBronze"}],"is_trial":false,"path_per_floor":["M","$","M","M","$","R","M","R","T","R","?","E","M","E","R","B",null,"M","?","M","?","M","R","E","R","T","R","M","$","?","M","R","B",null,"M","M","M","?","M","R","?","R","T","E","R","M","M","?","R","B",null],"character_chosen":"MARISA","items_purchased":["TungstenRod"],"campfire_rested":1,"item_purchase_floors":[29],"current_hp_per_floor":[75,75,75,74,74,74,63,63,63,63,56,54,54,54,54,54,82,71,71,71,71,52,52,27,27,27,66,64,64,64,64,64,65,82,81,81,67,68,72,72,72,72,72,76,76,77,81,49,49,6],"gold":355,"neow_bonus":"TRANSFORM_CARD","is_daily":false,"chose_seed":false,"campfire_upgraded":11,"win_rate":0.0,"timestamp":1609265048,"path_taken":["M","$","M","M","$","R","M","R","T","R","?","E","M","E","R","BOSS","M","?","M","?","M","R","E","R","T","R","M","$","?","M","R","BOSS","M","M","M","?","M","R","?","R","T","E","R","M","M","?","R","BOSS"],"items_purchased_type":["Relic"],"build_version":"2020-12-22","purchased_purges":2,"victory":true,"max_hp_per_floor":[75,75,75,75,75,75,75,75,75,75,75,82,82,82,82,82,82,82,82,82,82,82,82,82,82,82,82,82,82,82,82,82,82,82,82,82,82,82,82,82,82,82,82,82,82,82,82,82,82,82],"relic_stats":{"Darkstone Periapt":0,"Regal Pillow":15,"Happy Flower":[18],"counters":[25,99],"Shuriken":[13],"Bronze Scales":[171],"Ginger":[5],"Orichalcum":[42],"obtain_stats":[{"Darkstone Periapt":43,"Regal Pillow":19,"Happy Flower":26,"Blue Candle":22,"Vajra":43,"Incense Burner":24,"Ginger":38,"Orichalcum":26,"Matryoshka":9,"ExperimentalFamiliar":17,"Shuriken":44,"Strawberry":12,"Bronze Scales":14,"MutagenicStrength":21,"Coffee Dripper":34,"MiniHakkero":0,"CatCart":48,"StrikeDummy":11,"TungstenRod":29},{"Darkstone Periapt":20,"Regal Pillow":9,"Happy Flower":12,"Blue Candle":11,"Vajra":20,"Incense Burner":12,"Ginger":19,"Orichalcum":12,"Matryoshka":4,"ExperimentalFamiliar":8,"Shuriken":21,"Strawberry":5,"Bronze Scales":7,"MutagenicStrength":10,"Coffee Dripper":15,"MiniHakkero":0,"CatCart":24,"StrikeDummy":4,"TungstenRod":13},{"Darkstone Periapt":79,"Regal Pillow":31,"Happy Flower":45,"Blue Candle":36,"Vajra":79,"Incense Burner":45,"Ginger":74,"Orichalcum":45,"Matryoshka":13,"ExperimentalFamiliar":27,"Shuriken":82,"Strawberry":19,"Bronze Scales":24,"MutagenicStrength":35,"Coffee Dripper":59,"MiniHakkero":0,"CatCart":93,"StrikeDummy":13,"TungstenRod":48}],"TungstenRod":26},"card_choices":[{"not_picked":["IllusionStar","WitchOfGreed"],"picked":"MilkyWay","floor":1.0},{"not_picked":["UnstableBomb","NonDirectionalLaser"],"picked":"PowerUp","floor":3.0},{"not_picked":["WitchOfGreed","DarkSpark"],"picked":"EnergyFlow","floor":4.0},{"not_picked":["NonDirectionalLaser","LuminesStrike"],"picked":"ShootTheMoon","floor":7.0},{"not_picked":["MeteoricShower","ShootTheMoon"],"picked":"EnergyFlow","floor":12.0},{"not_picked":["ManaConvection","NonDirectionalLaser"],"picked":"SporeBomb","floor":13.0},{"not_picked":["GasGiant","IllusionStar"],"picked":"GalacticHalo","floor":14.0},{"not_picked":["MaximisePower","SatelliteIllusion"],"picked":"CollectingQuirk","floor":16.0},{"not_picked":["RefractionSpark","AlicesGift"],"picked":"PulseMagic+1","floor":18.0},{"not_picked":["DC","GravityBeat"],"picked":"AsteroidBelt","floor":20.0},{"not_picked":["DarkSpark","LuminesStrike+1","MysteriousBeam"],"picked":"SKIP","floor":22.0},{"not_picked":["IllusionStar","DoubleSpark","ManaConvection+1"],"picked":"SKIP","floor":24.0},{"not_picked":["IllusionStar","DoubleSpark","ManaConvection+1"],"picked":"SKIP","floor":24.0},{"not_picked":["ShootingEcho","StarBarrage","UnstableBomb+1"],"picked":"SKIP","floor":28.0},{"not_picked":["MachineGunSpark","MagicChant"],"picked":"EarthLightRay","floor":31.0},{"not_picked":["MysteriousBeam","WitchOfGreed"],"picked":"DoubleSpark+1","floor":35.0},{"not_picked":["UnstableBomb+1","AsteroidBelt+1"],"picked":"MilkyWay","floor":36.0},{"not_picked":["OpenUniverse+1","StarDustReverie","ShootingEcho+1"],"picked":"SKIP","floor":37.0},{"not_picked":["Acceleration","GalacticHalo","SporeBomb"],"picked":"SKIP","floor":39},{"not_picked":["WitchLeyline+1","PulseMagic+1","DC+1"],"picked":"SKIP","floor":44},{"not_picked":["DC","IllusionStar+1"],"picked":"RefractionSpark+1","floor":46},{"not_picked":["WitchLeyline","IllusionStar"],"picked":"GrandCross+1","floor":47}],"player_experience":878850,"relics_obtained":[{"floor":9.0,"key":"Matryoshka"},{"floor":12.0,"key":"Strawberry"},{"floor":14.0,"key":"Bronze Scales"},{"floor":24.0,"key":"Incense Burner"},{"floor":26.0,"key":"Orichalcum"},{"floor":26.0,"key":"Happy Flower"},{"floor":38.0,"key":"Ginger"},{"floor":43,"key":"Vajra"},{"floor":43,"key":"Darkstone Periapt"},{"floor":44,"key":"Shuriken"},{"floor":48,"key":"CatCart"}],"event_choices":[{"damage_healed":0.0,"max_hp_gain":0.0,"max_hp_loss":0.0,"gold_gain":0.0,"event_name":"Scrap Ooze","player_choice":"Success","floor":11.0,"gold_loss":0.0,"damage_taken":7.0,"relics_obtained":["StrikeDummy"]},{"damage_healed":0.0,"max_hp_gain":0.0,"max_hp_loss":0.0,"gold_gain":0.0,"event_name":"The Mausoleum","player_choice":"Opened","floor":19.0,"gold_loss":0.0,"damage_taken":0.0,"relics_obtained":["Regal Pillow"]},{"damage_healed":0.0,"max_hp_gain":0.0,"max_hp_loss":0.0,"gold_gain":0.0,"event_name":"Drug Dealer","player_choice":"Inject Mutagens","floor":21.0,"gold_loss":0.0,"damage_taken":0.0,"relics_obtained":["MutagenicStrength"]},{"damage_healed":0.0,"max_hp_gain":0.0,"max_hp_loss":0.0,"gold_gain":0.0,"event_name":"The Library","player_choice":"Read","floor":30.0,"gold_loss":0.0,"damage_taken":0.0,"cards_obtained":["GrandCross"]},{"damage_healed":0.0,"max_hp_gain":0.0,"max_hp_loss":0.0,"gold_gain":0.0,"event_name":"Mysterious Sphere","player_choice":"Fight","floor":38.0,"gold_loss":0.0,"damage_taken":0.0},{"damage_healed":0,"gold_gain":0,"player_choice":"Memory 1","damage_taken":0,"max_hp_gain":0,"max_hp_loss":0,"event_name":"SensoryStone","floor":41,"gold_loss":0},{"damage_healed":0,"gold_gain":0,"player_choice":"Fight","damage_taken":0,"max_hp_gain":0,"max_hp_loss":0,"event_name":"OrinTheCat","floor":48,"gold_loss":0}],"is_beta":false,"boss_relics":[{"not_picked":["RampagingMagicTools","Runic Pyramid"],"picked":"ExperimentalFamiliar"},{"not_picked":["Empty Cage","Tiny House"],"picked":"Coffee Dripper"}],"items_purged_floors":[2,29],"is_endless":false,"potions_floor_spawned":[7,12,13,16,20,24,33,35,38,39,46,47],"ascension_level":0}}