{"host":"dpbezu80jg8zk7un","time":1609237896,"event":{"mods":["BaseMod","Colored Map","Colored Powertips","Custom Start","DeckTracker","Minty Spire (QoL Compilation)","Quick Restart","StSLib","SuperFastMode"],"gold_per_floor":[114,39,39,59,59,59,94,94,94,94,94,109,165,188,188,272,272,295,295,310,326,183,183,183,183],"floor_reached":24,"playtime":659,"items_purged":["Strike_P"],"score":408,"play_id":"f2d6f548-bf12-4ffe-b5f5-a437c58a3908","local_time":"20201229193136","is_ascension_mode":true,"campfire_choices":[{"data":"Eruption","floor":6.0,"key":"SMITH"},{"data":"Adaptation","floor":10.0,"key":"SMITH"},{"data":"CrushJoints","floor":15.0,"key":"SMITH"},{"floor":23,"key":"REST"}],"circlet_count":0,"master_deck":["AscendersBane","Strike_P+1","Strike_P","Strike_P","Defend_P","Defend_P","Defend_P+1","Eruption+1","Vigilance","EmptyFist","Adaptation+1","Adaptation","CrushJoints+1","LessonLearned+1","MentalFortress","FearNoEvil"],"relics":["Black Star","Calipers","Orichalcum","WingedGreaves","CeramicFish","TungstenRod","Fusion Hammer"],"acts_visited":["Exordium","TheCity"],"potions_floor_usage":[20,24],"damage_taken":[{"damage":1.0,"enemies":"Cultist","floor":1.0,"turns":4.0},{"damage":0.0,"enemies":"Jaw Worm","floor":4.0,"turns":3.0},{"damage":39.0,"enemies":"3 Sentries","floor":7.0,"turns":10.0},{"damage":0.0,"enemies":"Small Slimes","floor":12.0,"turns":2.0},{"damage":3.0,"enemies":"Gremlin Nob","floor":13.0,"turns":3.0},{"damage":0.0,"enemies":"Gremlin Gang","floor":14.0,"turns":4.0},{"damage":24.0,"enemies":"Hexaghost","floor":16.0,"turns":9.0},{"damage":23.0,"enemies":"Shell Parasite","floor":18.0,"turns":6.0},{"damage":7,"enemies":"Spheric Guardian","floor":20,"turns":4},{"damage":0,"enemies":"Centurion and Healer","floor":21,"turns":6},{"damage":50,"enemies":"Slavers","floor":24,"turns":4}],"seed_played":"-2813618252723909741","potions_obtained":[{"floor":7.0,"key":"ColorlessPotion"},{"floor":11.0,"key":"Regen Potion"},{"floor":14.0,"key":"BlessingOfTheForge"},{"floor":16.0,"key":"LiquidMemories"},{"floor":20,"key":"Dexterity Potion"}],"is_trial":false,"path_per_floor":["M","?","$","M","?","R","E","?","T","R","?","M","E","M","R","B",null,"M","?","M","M","$","R","E"],"character_chosen":"WATCHER","items_purchased":["FearNoEvil"],"campfire_rested":1,"item_purchase_floors":[22],"current_hp_per_floor":[60,60,60,60,65,65,26,26,26,26,26,26,23,23,23,8,57,34,34,27,27,27,48,0,0],"gold":183,"neow_bonus":"BOSS_RELIC","is_daily":false,"chose_seed":false,"campfire_upgraded":3,"win_rate":0.0,"timestamp":1609237896,"path_taken":["M","?","$","M","?","R","E","?","T","R","?","?","E","M","R","BOSS","M","?","M","M","$","R","E"],"items_purchased_type":["Card"],"build_version":"2020-12-22","purchased_purges":1,"victory":false,"max_hp_per_floor":[68,68,68,68,73,73,73,73,73,73,73,73,73,73,73,73,73,73,73,73,73,73,73,73,73],"card_choices":[{"not_picked":["PathToVictory","ThirdEye"],"picked":"EmptyFist","floor":1.0},{"not_picked":["TalkToTheHand","ForeignInfluence","SashWhip"],"picked":"SKIP","floor":4.0},{"not_picked":["FlyingSleeves","BowlingBash"],"picked":"Adaptation","floor":7.0},{"not_picked":["Weave","Crescendo","EmptyBody"],"picked":"SKIP","floor":12.0},{"not_picked":["DeceiveReality","ThirdEye"],"picked":"Adaptation","floor":13.0},{"not_picked":["Prostrate","Protect"],"picked":"CrushJoints","floor":14.0},{"not_picked":["SpiritShield","Establishment"],"picked":"LessonLearned","floor":16.0},{"not_picked":["ClearTheMind+1","Perseverance"],"picked":"MentalFortress","floor":18.0},{"not_picked":["EmptyFist","ThirdEye","Pray"],"picked":"SKIP","floor":20},{"not_picked":["Conclude","SpiritShield","Prostrate"],"picked":"SKIP","floor":21}],"player_experience":2790186,"relics_obtained":[{"floor":7.0,"key":"Calipers"},{"floor":7.0,"key":"Orichalcum"},{"floor":9.0,"key":"WingedGreaves"},{"floor":13.0,"key":"CeramicFish"},{"floor":13.0,"key":"TungstenRod"}],"event_choices":[{"cards_removed":["Defend_P"],"damage_healed":0.0,"max_hp_gain":0.0,"max_hp_loss":0.0,"gold_gain":0.0,"event_name":"The Cleric","player_choice":"Card Removal","floor":2.0,"gold_loss":75.0,"damage_taken":0.0},{"damage_healed":0.0,"max_hp_gain":5.0,"max_hp_loss":0.0,"gold_gain":0.0,"event_name":"Big Fish","player_choice":"Donut","floor":5.0,"gold_loss":0.0,"damage_taken":0.0},{"damage_healed":0.0,"max_hp_gain":0.0,"max_hp_loss":0.0,"gold_gain":0.0,"event_name":"Liars Game","player_choice":"Ignored","floor":8.0,"gold_loss":0.0,"damage_taken":0.0},{"damage_healed":0.0,"max_hp_gain":0.0,"max_hp_loss":0.0,"gold_gain":0.0,"event_name":"Lab","player_choice":"Got Potions","floor":11.0,"gold_loss":0.0,"damage_taken":0.0},{"damage_healed":0.0,"max_hp_gain":0.0,"max_hp_loss":0.0,"gold_gain":0.0,"event_name":"Cursed Tome","player_choice":"Ignored","floor":19.0,"gold_loss":0.0,"damage_taken":0.0}],"is_beta":false,"boss_relics":[{"not_picked":["SacredBark","Busted Crown"],"picked":"Fusion Hammer"}],"items_purged_floors":[22],"is_endless":false,"potions_floor_spawned":[7,14,16,20],"killed_by":"Slavers","ascension_level":20}}