{"host":"x1qj4d8ympd5jdqh","time":1609231848,"event":{"mods":["AchievementEnabler","AlwaysNeverKeys","BaseMod","Colored Map","Custom Start","DeckTracker","Highlight Path","Minty Spire (QoL Compilation)","StSLib","SuperFastMode"],"gold_per_floor":[111,111,127,145,70,70,105,118,142,142,142,168,168,234,234,234,234],"floor_reached":16,"playtime":386,"items_purged":["Strike_G"],"score":220,"play_id":"303924ad-3aac-492a-bd6a-9a16049f3c4b","local_time":"20201229175048","is_ascension_mode":true,"campfire_choices":[{"data":"Riddle With Holes","floor":6,"key":"SMITH"},{"data":"Crippling Poison","floor":11,"key":"SMITH"},{"data":"Noxious Fumes","floor":13,"key":"SMITH"},{"floor":15,"key":"REST"}],"circlet_count":0,"master_deck":["AscendersBane","Strike_G","Strike_G","Strike_G","Strike_G","Defend_G","Defend_G","Defend_G","Defend_G","Defend_G+1","Survivor","Neutralize","Cloak And Dagger+1","Backstab","Riddle With Holes+1","Noxious Fumes+1","Crippling Poison+1","Tactician"],"relics":["SlaversCollar","Blood Vial","Art of War","War Paint","SsserpentHead","Smiling Mask"],"acts_visited":["Exordium"],"potions_floor_usage":[7,8],"damage_taken":[{"damage":0,"enemies":"2 Louse","floor":1,"turns":3},{"damage":1,"enemies":"Cultist","floor":3,"turns":6},{"damage":7,"enemies":"Jaw Worm","floor":4,"turns":4},{"damage":5,"enemies":"Gremlin Nob","floor":7,"turns":3},{"damage":9,"enemies":"Exordium Thugs","floor":8,"turns":4},{"damage":16,"enemies":"3 Sentries","floor":12,"turns":9},{"damage":9,"enemies":"Looter","floor":14,"turns":3},{"damage":31,"enemies":"Slime Boss","floor":16,"turns":11}],"seed_played":"8571260523927873946","potions_obtained":[{"floor":3,"key":"DistilledChaos"},{"floor":4,"key":"AttackPotion"},{"floor":12,"key":"Weak Potion"}],"is_trial":false,"path_per_floor":["M","?","M","M","$","R","E","M","T","?","R","E","R","M","R","B"],"character_chosen":"THE_SILENT","items_purchased":[],"campfire_rested":1,"item_purchase_floors":[],"current_hp_per_floor":[59,48,49,44,44,44,41,34,34,34,34,20,20,13,32,3,3],"gold":234,"neow_bonus":"BOSS_RELIC","is_daily":false,"chose_seed":false,"campfire_upgraded":3,"win_rate":0.0,"timestamp":1609231848,"path_taken":["M","?","M","M","$","R","E","M","T","?","R","E","R","?","R","BOSS"],"items_purchased_type":[],"build_version":"2020-12-22","purchased_purges":1,"victory":false,"max_hp_per_floor":[66,66,66,66,66,66,66,66,66,66,66,66,66,66,66,66,66],"card_choices":[{"not_picked":["Deflect","Underhanded Strike"],"picked":"Cloak And Dagger","floor":1},{"not_picked":["Poisoned Stab","Footwork"],"picked":"Backstab","floor":3},{"not_picked":["Dagger Throw","Sucker Punch"],"picked":"Riddle With Holes","floor":4},{"not_picked":["Leg Sweep","Sucker Punch"],"picked":"Noxious Fumes","floor":7},{"not_picked":["Bane","Prepared"],"picked":"Crippling Poison","floor":8},{"not_picked":["Deadly Poison","Venomology"],"picked":"Tactician","floor":12},{"not_picked":["Prepared","Setup","Underhanded Strike"],"picked":"SKIP","floor":14}],"player_experience":1287174,"relics_obtained":[{"floor":7,"key":"Art of War"},{"floor":9,"key":"War Paint"},{"floor":12,"key":"Smiling Mask"}],"event_choices":[{"damage_healed":0,"gold_gain":0,"player_choice":"Success","damage_taken":11,"relics_obtained":["Blood Vial"],"max_hp_gain":0,"max_hp_loss":0,"event_name":"Scrap Ooze","floor":2,"gold_loss":0},{"damage_healed":0,"gold_gain":0,"player_choice":"Trade","damage_taken":0,"relics_obtained":["SsserpentHead"],"max_hp_gain":0,"max_hp_loss":0,"event_name":"FaceTrader","floor":10,"gold_loss":0}],"is_beta":false,"boss_relics":[],"items_purged_floors":[5],"is_endless":false,"potions_floor_spawned":[3,4,12],"killed_by":"Slime Boss","ascension_level":20}}