{"host":"egwexuw5uvnxf11j","time":1609212177,"event":{"mods":["2.2 Compatiblity","Aspiration","BaseMod","Better Altar","Better Note","Better Sensory Stone","Better Third Choice","Displayed Cursed Tome","Downfall","Hermit","Key Reminder","Koishi","Marisa????????","Minty Spire (QoL Compilation)","Quick Restart","Shade Mod","Spicy Shops","StSLib","The Construct","The Cursed","The Hierophant","The Runesmith","The Senshi","The Servant 0.9.4","Transform Curses"],"gold_per_floor":[117,136,155,170,170,134,134,151,174,24,24,24,24,52,52,0,0],"floor_reached":16,"playtime":711,"items_purged":[],"score":127,"play_id":"184a6296-58d4-413d-b218-eec9a544f116","local_time":"20201228222257","is_ascension_mode":true,"campfire_choices":[{"floor":7,"key":"REST"},{"floor":11,"key":"REST"},{"floor":15,"key":"REST"}],"circlet_count":0,"master_deck":["hierophant:Strike_Hierophant","hierophant:Strike_Hierophant","hierophant:Strike_Hierophant","hierophant:Strike_Hierophant","hierophant:Punish","hierophant:Defend_Hierophant","hierophant:Defend_Hierophant","hierophant:Defend_Hierophant","hierophant:Defend_Hierophant","hierophant:ChurchCoffers","hierophant:PassingBell","hierophant:AuricBeam","hierophant:Doubloon","hierophant:Charity+1","hierophant:RustyCrate","hierophant:Doubloon","hierophant:Doubloon","hierophant:Zeal","hierophant:Martyrdom","hierophant:Smite","hierophant:SealAway"],"relics":["hierophant:PropheticMaskRelic","Turnip","keyreminder:keyreminder","aspiration:ChemicalBlood","Pen Nib","Bronze Scales"],"acts_visited":["Exordium"],"potions_floor_usage":[6,6,16,16],"damage_taken":[{"damage":1,"enemies":"Cultist","floor":1,"turns":3},{"damage":9,"enemies":"Jaw Worm","floor":2,"turns":3},{"damage":9,"enemies":"Small Slimes","floor":3,"turns":4},{"damage":12,"enemies":"Looter","floor":4,"turns":3},{"damage":20,"enemies":"3 Sentries","floor":6,"turns":6},{"damage":45,"enemies":"Lagavulin","floor":8,"turns":7},{"damage":10,"enemies":"Gremlin Gang","floor":14,"turns":2},{"damage":36,"enemies":"Hexaghost","floor":16,"turns":9}],"seed_played":"-6177401017012572945","potions_obtained":[{"floor":3,"key":"Energy Potion"},{"floor":4,"key":"SneckoOil"},{"floor":8,"key":"Energy Potion"}],"is_trial":false,"path_per_floor":["M","M","M","M","?","E","R","E","T","$","R","$","?","M","R","B"],"character_chosen":"HIEROPHANT","items_purchased":["Bronze Scales"],"campfire_rested":3,"item_purchase_floors":[10],"current_hp_per_floor":[74,65,56,44,44,24,46,1,1,1,23,23,23,13,35,0,0],"gold":0,"neow_bonus":"THREE_CARDS","is_daily":false,"chose_seed":false,"campfire_upgraded":0,"win_rate":0.0,"timestamp":1609212177,"path_taken":["M","?","M","M","?","E","R","E","T","$","R","?","?","M","R","BOSS"],"items_purchased_type":["Relic"],"build_version":"2020-12-22","purchased_purges":0,"victory":false,"max_hp_per_floor":[75,75,75,75,75,75,75,75,75,75,75,75,75,75,75,75,75],"card_choices":[{"not_picked":["hierophant:Blessing","hierophant:HammerAndAnvil"],"picked":"hierophant:PassingBell","floor":0},{"not_picked":["hierophant:FlamingChariot","hierophant:Bribe"],"picked":"hierophant:AuricBeam","floor":1},{"not_picked":["hierophant:Bribe","hierophant:MirrorShield"],"picked":"hierophant:Charity","floor":2},{"not_picked":["hierophant:AuricBeam","hierophant:DisplayOfPower"],"picked":"hierophant:RustyCrate","floor":3},{"not_picked":["hierophant:Chorus","hierophant:DisplayOfPower"],"picked":"hierophant:Zeal","floor":4},{"not_picked":["hierophant:RepressedViolence","hierophant:Shelter"],"picked":"hierophant:Martyrdom","floor":6},{"not_picked":["hierophant:RepressedViolence","hierophant:Zeal"],"picked":"hierophant:Smite","floor":8},{"not_picked":["hierophant:Zeal","hierophant:Purify"],"picked":"hierophant:SealAway","floor":14}],"player_experience":2101887,"relics_obtained":[{"floor":6,"key":"Turnip"},{"floor":8,"key":"aspiration:ChemicalBlood"},{"floor":9,"key":"Pen Nib"}],"event_choices":[{"damage_healed":0,"gold_gain":0,"player_choice":"Bought 0 Potions","damage_taken":0,"max_hp_gain":0,"max_hp_loss":0,"event_name":"The Woman in Blue","floor":5,"gold_loss":0},{"damage_healed":0,"gold_gain":0,"player_choice":"Grow","damage_taken":0,"max_hp_gain":0,"max_hp_loss":0,"event_name":"Living Wall","floor":13,"gold_loss":0,"cards_upgraded":["hierophant:Charity"]}],"is_beta":false,"boss_relics":[],"items_purged_floors":[],"is_endless":false,"potions_floor_spawned":[3,4,8],"killed_by":"Hexaghost","ascension_level":3}}