{"host":"grli52lbdph2722t","time":1609237853,"event":{"mods":["AchievementEnabler","BaseMod","Downfall","Minty Spire (QoL Compilation)","Quick Restart","StSLib"],"gold_per_floor":[349,367,381,242,272,289,289,317,317,317,350,361,378,396,413,511,511,411,426,437,437,712,450,450,481,195,195,210,235,250,284,297,297,297,297],"floor_reached":33,"playtime":2068,"items_purged":["hexamod:Haunted","Regret","champ:Strike"],"score":510,"play_id":"aa2b0b14-95fb-4f41-9669-7cfabe0fb0aa","local_time":"20201229113053","is_ascension_mode":true,"campfire_choices":[{"data":"champ:Taunt","floor":1.0,"key":"SMITH"},{"data":"champ:SteelEdge","floor":9.0,"key":"SMITH"},{"data":"champ:HoldFirm","floor":18.0,"key":"SMITH"},{"data":"champ:StrikeOfGenius","floor":27.0,"key":"SMITH"}],"circlet_count":0,"master_deck":["AscendersBane","champ:Strike","champ:Strike","champ:Strike","champ:Defend","champ:Defend","champ:Defend","champ:Defend","champ:Execute","champ:Taunt+1","champ:FlashCut","champ:Haymaker","champ:DeathBlow","champ:GladiatorsShout","champ:SteelEdge+1","champ:BringItOn","champ:FanOfKnives","champ:SwordSigil","champ:HoldFirm+1","champ:CrownThrow","champ:StanceDance","champ:HoldFirm+1","champ:GladiatorStyle+1","champ:StrikeOfGenius+1","champ:CrownThrow","champ:Lariat","champ:ViciousMockery"],"relics":["champ:ChampionCrown","Bronze Scales","PreservedInsect","Lantern","MealTicket","Sozu","downfall:HeartBlessingGreen","Nilry\u0027s Codex","DollysMirror","Blood Vial","bronze:BronzeIdol","Boot","Pear"],"acts_visited":["Exordium","TheCity"],"potions_floor_usage":[],"damage_taken":[{"damage":17.0,"enemies":"Jaw Worm","floor":2.0,"turns":4.0},{"damage":8.0,"enemies":"Small Slimes","floor":3.0,"turns":5.0},{"damage":0.0,"enemies":"downfall:FleeingMerchant","floor":4.0,"turns":4.0},{"damage":5.0,"enemies":"Cultist","floor":6.0,"turns":3.0},{"damage":27.0,"enemies":"3 Sentries","floor":8.0,"turns":5.0},{"damage":35.0,"enemies":"Lagavulin","floor":11.0,"turns":6.0},{"damage":4.0,"enemies":"Blue Slaver","floor":12.0,"turns":3.0},{"damage":22.0,"enemies":"Lots of Slimes","floor":13.0,"turns":2.0},{"damage":13.0,"enemies":"Gremlin Gang","floor":14.0,"turns":3.0},{"damage":0.0,"enemies":"2 Fungi Beasts","floor":15.0,"turns":2.0},{"damage":23.0,"enemies":"downfall:Silent","floor":16.0,"turns":8.0},{"damage":15.0,"enemies":"Chosen","floor":19.0,"turns":4.0},{"damage":43.0,"enemies":"Shell Parasite","floor":20.0,"turns":4.0},{"damage":33.0,"enemies":"downfall:FleeingMerchant","floor":23.0,"turns":4.0},{"damage":34.0,"enemies":"Gremlin Leader","floor":25.0,"turns":5.0},{"damage":15.0,"enemies":"downfall:FleeingMerchant","floor":26.0,"turns":4.0},{"damage":0.0,"enemies":"Sentry and Sphere","floor":28.0,"turns":5.0},{"damage":23.0,"enemies":"Book of Stabbing","floor":29.0,"turns":4.0},{"damage":21.0,"enemies":"Centurion and Healer","floor":30.0,"turns":5.0},{"damage":52.0,"enemies":"Gremlin Leader","floor":31.0,"turns":5.0},{"damage":0.0,"enemies":"Cultist and Chosen","floor":32.0,"turns":4.0},{"damage":88,"enemies":"downfall:Defect","floor":33,"turns":9}],"seed_played":"-4451859479221984226","potions_obtained":[{"floor":2.0,"key":"Guardian:BlockOnCardUsePotion"},{"floor":3.0,"key":"Block Potion"},{"floor":8.0,"key":"Weak Potion"},{"floor":11.0,"key":"SpeedPotion"},{"floor":16.0,"key":"FairyPotion"}],"is_trial":false,"path_per_floor":["R","M","M","$","?","M","T","E","R","?","E","M","M","M","M","B",null,"R","M","M","?","?","$","T","E","$","R","M","E","M","E","M","B"],"character_chosen":"THE_CHAMP","items_purchased":["champ:GladiatorsShout","DollysMirror","champ:StrikeOfGenius"],"campfire_rested":0,"item_purchase_floors":[4,23,26],"current_hp_per_floor":[81,74,71,71,71,71,71,59,59,59,39,35,23,20,20,7,69,69,69,59,43,43,55,55,39,56,56,58,47,49,60,62,0,0,0],"gold":297,"neow_bonus":"TWO_FIFTY_GOLD","is_daily":false,"chose_seed":false,"campfire_upgraded":4,"win_rate":0.0,"timestamp":1609237853,"path_taken":["R","M","M","$","?","M","T","E","R","?","E","?","M","M","M","BOSS","R","M","M","?","?","$","T","E","$","R","M","E","M","E","M","BOSS"],"items_purchased_type":["Card","Relic","Card"],"build_version":"2020-12-22","purchased_purges":3,"victory":false,"max_hp_per_floor":[90,90,90,90,90,90,90,90,90,90,90,90,90,90,90,90,90,90,90,90,90,90,90,90,90,90,90,90,90,90,100,100,100,100,100],"card_choices":[{"not_picked":["champ:GladiatorsShout","champ:FocusedDefense"],"picked":"champ:FlashCut","floor":2.0},{"not_picked":["champ:BringItOn","champ:CalledShot"],"picked":"champ:Haymaker","floor":3.0},{"not_picked":["champ:PerfectedStrike","champ:FlashCut"],"picked":"champ:DeathBlow","floor":4.0},{"not_picked":["champ:FaceSlap","champ:GladiatorsShout","champ:RapidStrikes"],"picked":"SKIP","floor":6.0},{"not_picked":["champ:ShieldSigil","champ:RapidStrikes"],"picked":"champ:SteelEdge","floor":8.0},{"not_picked":["champ:Haymaker","champ:GladiatorsShout","champ:TornadoPunch"],"picked":"SKIP","floor":11.0},{"not_picked":["champ:RisingSlash","champ:TornadoPunch"],"picked":"champ:BringItOn","floor":12.0},{"not_picked":["champ:FalseCounter","champ:BringItOn"],"picked":"champ:FanOfKnives","floor":13.0},{"not_picked":["champ:RageSigil","champ:Haymaker"],"picked":"champ:SwordSigil","floor":14.0},{"not_picked":["champ:DefensiveShout","champ:RapidStrikes"],"picked":"champ:HoldFirm","floor":15.0},{"not_picked":["champ:PerfectForm","champ:CheapShot"],"picked":"champ:CrownThrow","floor":16.0},{"not_picked":["champ:BringItOn","champ:ShieldWall","champ:CrookedStrike"],"picked":"SKIP","floor":19.0},{"not_picked":["champ:GutPunch","champ:RageSigil","champ:ShieldSigil"],"picked":"SKIP","floor":20.0},{"not_picked":["champ:FocusedDefense","champ:HeartStrike"],"picked":"champ:StanceDance","floor":23.0},{"not_picked":["champ:GutPunch","champ:StanceDance","champ:BringItOn"],"picked":"SKIP","floor":25.0},{"not_picked":["champ:Lariat","champ:TornadoPunch"],"picked":"champ:GladiatorStyle+1","floor":26.0},{"not_picked":["champ:Haymaker","champ:DefensiveStyle"],"picked":"champ:CrownThrow","floor":28.0},{"not_picked":["champ:TornadoPunch","champ:ShieldWall","champ:SkillfulDodge"],"picked":"SKIP","floor":29.0},{"not_picked":["champ:TornadoPunch","champ:DefensiveStyle"],"picked":"champ:Lariat","floor":30.0},{"not_picked":["champ:Shatter+1","champ:Backstep","champ:FocusedGladiator"],"picked":"SKIP","floor":31.0},{"not_picked":["champ:DeathBlow","champ:AdrenalArmor+1"],"picked":"champ:ViciousMockery","floor":32.0}],"player_experience":4937245,"relics_obtained":[{"floor":7.0,"key":"PreservedInsect"},{"floor":8.0,"key":"Lantern"},{"floor":11.0,"key":"MealTicket"},{"floor":21.0,"key":"Nilry\u0027s Codex"},{"floor":24.0,"key":"Blood Vial"},{"floor":25.0,"key":"bronze:BronzeIdol"},{"floor":29.0,"key":"Boot"},{"floor":31.0,"key":"Pear"}],"event_choices":[],"is_beta":false,"boss_relics":[{"not_picked":["champ:ChampionCrownUpgraded","Velvet Choker"],"picked":"Sozu"}],"items_purged_floors":[4,23,26],"is_endless":false,"potions_floor_spawned":[2,3,8,11,16,20,25,30],"killed_by":"downfall:Defect","ascension_level":12}}