{"host":"nk1hwk2qadwaubm5","time":1609277007,"event":{"mods":["BaseMod","Hermit","Hubris","Infinite Spire","Marisa????????","Minty Spire (QoL Compilation)","Replay The Spire","StSLib","The Animator","The Cursed","The Jungle","The Servant 0.9.4"],"gold_per_floor":[118,118,118,118,118,218,238,238,266,266,319,351,367,377,404,415,415,511,511,521,521,521,540,269,295,295,330,354,354,354],"floor_reached":29,"playtime":1617,"items_purged":["Strike_G"],"score":345,"play_id":"ad6e0ac0-a52a-42d0-b252-aa1736c9393f","local_time":"20201229222327","is_ascension_mode":true,"campfire_choices":[{"data":"Noxious Fumes","floor":8,"key":"SMITH"},{"data":"Infinite Blades","floor":10,"key":"SMITH"},{"data":"Neutralize","floor":17,"key":"SMITH"}],"circlet_count":0,"master_deck":["Strike_G","Strike_G","Strike_G","Strike_G","Defend_G","Defend_G","Defend_G+1","Defend_G+1","Defend_G","Survivor","Neutralize+1","Infinite Blades+1","Noxious Fumes+1","Toxin Wave","hubris:NaturalOne","Blade Dance","Blade Dance","Burst+1","ReplayTheSpireMod:Splinters","infinitespire:Fortify","Corpse Explosion","Replay:Poison Smokescreen+1","Bane","Toxin Wave"],"relics":["Ring of the Snake","NeowsBlessing","hubris:Icosahedron","Sundial","Vajra","ReplayTheSpireMod:Ninjato","hubris:AncientText","ReplayTheSpireMod:SealedPack","theJungle:BirthdayCakeSlice","Membership Card","ReplayTheSpireMod:TigerMarble","infinitespire:ShieldingShard","War Paint","PreservedInsect"],"acts_visited":["Exordium","Exordium"],"potions_floor_usage":[18,20,25],"damage_taken":[{"damage":0,"enemies":"2 Louse","floor":1,"turns":1},{"damage":0,"enemies":"Small Slimes","floor":7,"turns":1},{"damage":0,"enemies":"Lagavulin","floor":9,"turns":2},{"damage":9,"enemies":"3 Sentries","floor":12,"turns":6},{"damage":0,"enemies":"Cultist","floor":13,"turns":3},{"damage":4,"enemies":"Looter","floor":14,"turns":3},{"damage":18,"enemies":"Lagavulin","floor":15,"turns":5},{"damage":0,"enemies":"3 Louse","floor":16,"turns":2},{"damage":33,"enemies":"The Guardian","floor":18,"turns":10},{"damage":15,"enemies":"theJungle:MUSHROOMGANG","floor":20,"turns":5},{"damage":17,"enemies":"theJungle:Flameango_and_Byrd","floor":23,"turns":7},{"damage":5,"enemies":"theJungle:2_Phrogs","floor":25,"turns":7},{"damage":18,"enemies":"theJungle:Cassacara","floor":27,"turns":6},{"damage":22,"enemies":"JungleHuntersEvent","floor":29,"turns":2}],"seed_played":"2722126780372672442","potions_obtained":[{"floor":13,"key":"BlessingOfTheForge"},{"floor":14,"key":"Strength Potion"},{"floor":15,"key":"Dexterity Potion"},{"floor":18,"key":"ColorlessPotion"},{"floor":20,"key":"Ancient Potion"}],"is_trial":false,"path_per_floor":["M","?","PTL","PTL","?","?","M","R","E","R","T","E","M","M","E","M","R","B",null,"M","?","?","M","$","E","?","E","T","?"],"character_chosen":"THE_SILENT","items_purchased":["Membership Card","ReplayTheSpireMod:TigerMarble","Bane"],"campfire_rested":0,"item_purchase_floors":[24,24,24],"current_hp_per_floor":[70,70,70,70,70,70,70,70,70,70,70,61,61,57,39,39,39,6,70,55,60,62,45,45,40,40,22,22,0,0],"gold":354,"neow_bonus":"THREE_ENEMY_KILL","is_daily":false,"chose_seed":false,"campfire_upgraded":3,"win_rate":0.0,"timestamp":1609277007,"path_taken":["M","?","PTL","PTL","?","?","M","R","E","R","T","E","M","?","E","M","R","BOSS","M","?","?","?","?","E","?","E","T","?"],"items_purchased_type":["Relic","Relic","Card"],"build_version":"2020-12-22","purchased_purges":1,"victory":false,"max_hp_per_floor":[70,70,70,70,70,70,70,70,70,70,70,70,70,70,70,70,70,70,70,70,75,75,75,75,75,75,75,75,75,75],"card_choices":[{"not_picked":["Fluid Movement","Underhanded Strike"],"picked":"Infinite Blades","floor":1},{"not_picked":["Dagger Throw","Draining Mist"],"picked":"Noxious Fumes","floor":7},{"not_picked":["Expertise","Dagger Throw"],"picked":"Toxin Wave","floor":9},{"not_picked":["Slice","Fluid Movement"],"picked":"Blade Dance","floor":12},{"not_picked":["Prepared","Hidden Blade","Atom Bomb"],"picked":"SKIP","floor":13},{"not_picked":["Reflex","Poisoned Stab","Prepared"],"picked":"SKIP","floor":14},{"not_picked":["ReplayTheSpireMod:Exploit Weakness","Dodge and Roll"],"picked":"Blade Dance","floor":15},{"not_picked":["ReplayTheSpireMod:Exploit Weakness","Skewer","Quick Slash"],"picked":"SKIP","floor":16},{"not_picked":["Phantasmal Killer","Wraith Form v2"],"picked":"Burst","floor":18},{"not_picked":["infinitespire:Collect","ReplayTheSpireMod:Echoes of Time"],"picked":"infinitespire:Fortify","floor":19},{"not_picked":["Malaise","Tools of the Trade"],"picked":"Corpse Explosion","floor":19},{"not_picked":["Heel Hook","ReplayTheSpireMod:The Works"],"picked":"Replay:Poison Smokescreen+1","floor":20},{"not_picked":["ReplayTheSpireMod:Speed Training","Masterful Stab+1","Blade Dance"],"picked":"SKIP","floor":23},{"not_picked":["Deadly Poison","Backstab"],"picked":"Toxin Wave","floor":25},{"not_picked":["Blade Dance","Unload","Sucker Punch"],"picked":"SKIP","floor":27}],"player_experience":339659,"relics_obtained":[{"floor":9,"key":"Sundial"},{"floor":11,"key":"Vajra"},{"floor":12,"key":"ReplayTheSpireMod:Ninjato"},{"floor":15,"key":"hubris:AncientText"},{"floor":25,"key":"infinitespire:ShieldingShard"},{"floor":27,"key":"War Paint"},{"floor":28,"key":"PreservedInsect"}],"event_choices":[{"damage_healed":0,"gold_gain":100,"player_choice":"Pray","damage_taken":0,"max_hp_gain":0,"max_hp_loss":0,"event_name":"Golden Shrine","floor":6,"gold_loss":0}],"is_beta":false,"boss_relics":[{"not_picked":["Tiny House","hubris:RunicObelisk"],"picked":"ReplayTheSpireMod:SealedPack"}],"items_purged_floors":[24],"is_endless":false,"potions_floor_spawned":[13,14,15,18,20,23],"killed_by":"JungleHuntersEvent","ascension_level":1}}