{"host":"esx1hwjnbftf3eqj","time":1609222323,"event":{"mods":["BaseMod","Colored Map","Minty Spire (QoL Compilation)","StSLib","The Jungle"],"gold_per_floor":[117,132,142,142,162,196,209,239,264,24,36,36,1,12,12,113,113,133,145,161,161],"floor_reached":20,"playtime":14525,"items_purged":[],"score":180,"play_id":"771408b9-20d8-4df2-91ce-07ce3628f292","local_time":"20201228221203","is_ascension_mode":false,"campfire_choices":[{"data":"Armaments","floor":12,"key":"SMITH"},{"data":"Secret Technique","floor":15,"key":"SMITH"}],"circlet_count":0,"master_deck":["Strike_R","Strike_R","Strike_R","Strike_R","Strike_R","Defend_R","Defend_R","Defend_R","Defend_R","Bash","Hemokinesis","Thunderclap","True Grit+1","Intimidate","Armaments+1","True Grit","Secret Technique+1","Dual Wield","Feel No Pain","Dark Embrace","Berserk","Flame Barrier","Armaments","Headbutt+1"],"relics":["Black Blood","Bronze Scales","Blood Vial","Bag of Preparation","Juzu Bracelet"],"acts_visited":["Exordium","TheCity"],"potions_floor_usage":[5,16],"damage_taken":[{"damage":1,"enemies":"Cultist","floor":1,"turns":3},{"damage":4,"enemies":"Small Slimes","floor":2,"turns":3},{"damage":0,"enemies":"2 Louse","floor":3,"turns":2},{"damage":7,"enemies":"Blue Slaver","floor":5,"turns":4},{"damage":31,"enemies":"3 Sentries","floor":6,"turns":7},{"damage":4,"enemies":"2 Fungi Beasts","floor":7,"turns":4},{"damage":2,"enemies":"Looter","floor":11,"turns":3},{"damage":8,"enemies":"Red Slaver","floor":14,"turns":3},{"damage":54,"enemies":"Slime Boss","floor":16,"turns":16},{"damage":40,"enemies":"Spheric Guardian","floor":18,"turns":8},{"damage":12,"enemies":"3 Byrds","floor":19,"turns":3},{"damage":32,"enemies":"Snecko","floor":20,"turns":8}],"seed_played":"-8595346361312719451","potions_obtained":[{"floor":3,"key":"DistilledChaos"},{"floor":5,"key":"Fruit Juice"},{"floor":11,"key":"Regen Potion"},{"floor":14,"key":"FairyPotion"}],"is_trial":false,"path_per_floor":["M","M","M","?","M","E","M","?","T","$","M","R","?","M","R","B",null,"M","M","M"],"character_chosen":"IRONCLAD","items_purchased":["Secret Technique","Dual Wield"],"campfire_rested":0,"item_purchase_floors":[10,10],"current_hp_per_floor":[80,80,80,80,84,59,63,63,63,63,69,69,85,83,83,37,85,57,59,41,41],"gold":161,"neow_bonus":"RANDOM_COMMON_RELIC","is_daily":false,"chose_seed":false,"campfire_upgraded":2,"win_rate":0.0,"timestamp":1609222323,"path_taken":["M","M","?","?","M","E","M","?","T","?","M","R","?","M","R","BOSS","M","M","M"],"items_purchased_type":["Card","Card"],"build_version":"2020-12-22","purchased_purges":0,"victory":false,"max_hp_per_floor":[80,80,80,80,85,85,85,85,85,85,85,85,85,85,85,85,85,85,85,85,85],"card_choices":[{"not_picked":["Wild Strike","Headbutt"],"picked":"Hemokinesis","floor":1},{"not_picked":["Sword Boomerang","Armaments"],"picked":"Thunderclap","floor":2},{"not_picked":["Pommel Strike","Body Slam"],"picked":"True Grit","floor":3},{"not_picked":["True Grit","Anger"],"picked":"Intimidate","floor":5},{"not_picked":["Corruption","Anger"],"picked":"Armaments","floor":6},{"not_picked":["Anger","Sever Soul"],"picked":"True Grit","floor":7},{"not_picked":["True Grit","Pommel Strike"],"picked":"Feel No Pain","floor":11},{"not_picked":["Reckless Charge","Flex"],"picked":"Dark Embrace","floor":14},{"not_picked":["Fiend Fire","Exhume"],"picked":"Berserk","floor":16},{"not_picked":["Armaments","Cleave"],"picked":"Flame Barrier","floor":18},{"not_picked":["Clash","Sword Boomerang"],"picked":"Armaments","floor":19},{"not_picked":["Flex","Pummel"],"picked":"Headbutt+1","floor":20}],"player_experience":594811,"relics_obtained":[{"floor":6,"key":"Blood Vial"},{"floor":9,"key":"Juzu Bracelet"}],"event_choices":[{"damage_healed":0,"gold_gain":0,"player_choice":"Grow","damage_taken":0,"max_hp_gain":0,"max_hp_loss":0,"event_name":"Living Wall","floor":4,"gold_loss":0,"cards_upgraded":["True Grit"]},{"damage_healed":0,"gold_gain":30,"player_choice":"Searched \u00272\u0027 times","damage_taken":0,"relics_obtained":["Bag of Preparation"],"max_hp_gain":0,"max_hp_loss":0,"event_name":"Dead Adventurer","floor":8,"gold_loss":0},{"damage_healed":21,"gold_gain":0,"player_choice":"Healed","damage_taken":0,"max_hp_gain":0,"max_hp_loss":0,"event_name":"The Cleric","floor":13,"gold_loss":35}],"is_beta":false,"boss_relics":[{"not_picked":["Mark of Pain","Pandora\u0027s Box"],"picked":"Black Blood"}],"items_purged_floors":[],"is_endless":false,"potions_floor_spawned":[3,5,11,14],"killed_by":"Snecko","ascension_level":0}}