{"host":"0ydzwspkajt4brzd","time":1609238431,"event":{"mods":["AchievementEnabler","BaseMod","Colored Map","DeckTracker","Googly Eyes","Highlight Path","Minty Spire (QoL Compilation)","Quick Restart","Random Character Button","Rare Cards Sparkle"],"gold_per_floor":[110,122,18,18,18,18,46,46,119,119,149,4,4,34,34,133,133,149,167,67,67,67,67,99,99,124,73,102,102,102,131,131,227,227,240,240,50,395,395,430,450,450,476,501,501,501,551,129,129,129,129,129,129,164,164,164],"floor_reached":55,"playtime":2649,"items_purged":["Strike_R","Strike_R","Strike_R"],"score":1336,"play_id":"8adec391-e42e-44fe-a644-16342d2d80d9","local_time":"20201229024031","is_ascension_mode":true,"campfire_choices":[{"data":"Searing Blow+1","floor":6.0,"key":"SMITH"},{"data":"Searing Blow+2","floor":8.0,"key":"SMITH"},{"data":"Searing Blow+3","floor":10.0,"key":"SMITH"},{"data":"Searing Blow+4","floor":15.0,"key":"SMITH"},{"data":"Searing Blow+5","floor":23.0,"key":"SMITH"},{"data":"J.A.X.","floor":25.0,"key":"SMITH"},{"data":"Searing Blow+6","floor":30.0,"key":"SMITH"},{"data":"Searing Blow+7","floor":32.0,"key":"SMITH"},{"data":"Secret Weapon","floor":42.0,"key":"SMITH"},{"data":"Searing Blow+9","floor":45.0,"key":"SMITH"},{"floor":49.0,"key":"RECALL"},{"data":"Searing Blow+10","floor":52.0,"key":"SMITH"}],"circlet_count":0,"master_deck":["Strike_R","Defend_R","Defend_R","Defend_R","Defend_R","Bash","Iron Wave","Thunderclap","Shrug It Off","Searing Blow+11","Battle Trance","Inflame","Brutality","Rampage","Pommel Strike+1","Ghostly","Ghostly","Ghostly","Ghostly","Ghostly","J.A.X.+1","Armaments","Double Tap","True Grit+1","Secret Weapon+1"],"relics":["Burning Blood","NeowsBlessing","WingedGreaves","Pantograph","Mango","Nunchaku","Sozu","Bag of Marbles","StrikeDummy","White Beast Statue","Regal Pillow","Mark of Pain","Old Coin","PreservedInsect","Happy Flower","Juzu Bracelet","Magic Flower","Incense Burner","Letter Opener"],"acts_visited":["Exordium","TheCity","TheBeyond","TheEnding"],"potions_floor_usage":[55],"damage_taken":[{"damage":0.0,"enemies":"Jaw Worm","floor":1.0,"turns":1.0},{"damage":0.0,"enemies":"2 Louse","floor":2.0,"turns":1.0},{"damage":0.0,"enemies":"3 Sentries","floor":7.0,"turns":2.0},{"damage":22.0,"enemies":"Lagavulin","floor":11.0,"turns":7.0},{"damage":18.0,"enemies":"Gremlin Nob","floor":14.0,"turns":3.0},{"damage":24.0,"enemies":"The Guardian","floor":16.0,"turns":8.0},{"damage":13.0,"enemies":"Shell Parasite","floor":18.0,"turns":3.0},{"damage":11.0,"enemies":"3 Byrds","floor":19.0,"turns":5.0},{"damage":8.0,"enemies":"Gremlin Leader","floor":24.0,"turns":5.0},{"damage":12.0,"enemies":"Slavers","floor":28.0,"turns":6.0},{"damage":8.0,"enemies":"Gremlin Leader","floor":31.0,"turns":6.0},{"damage":30.0,"enemies":"Champ","floor":33.0,"turns":7.0},{"damage":7.0,"enemies":"3 Darklings","floor":35.0,"turns":5.0},{"damage":2.0,"enemies":"2 Orb Walkers","floor":38.0,"turns":5.0},{"damage":4.0,"enemies":"Giant Head","floor":40.0,"turns":6.0},{"damage":0.0,"enemies":"Orb Walker","floor":41.0,"turns":2.0},{"damage":2.0,"enemies":"Reptomancer","floor":44.0,"turns":3.0},{"damage":3.0,"enemies":"Mind Bloom Boss Battle","floor":47.0,"turns":5.0},{"damage":12.0,"enemies":"Time Eater","floor":50.0,"turns":7.0},{"damage":6.0,"enemies":"Shield and Spear","floor":54.0,"turns":5.0},{"damage":48,"enemies":"The Heart","floor":55,"turns":9}],"seed_played":"-1317612809916181817","potions_obtained":[{"floor":7.0,"key":"Dexterity Potion"},{"floor":14.0,"key":"Strength Potion"}],"is_trial":false,"path_per_floor":["M","M","$","?","?","R","E","R","T","R","E","$","?","E","R","B",null,"M","M","$","?","?","R","E","R","T","$","E","T","R","E","R","B",null,"M","?","$","?","?","E","M","R","T","E","R","?","?","$","R","B",null,"R","$","E","B"],"character_chosen":"IRONCLAD","items_purchased":["Shrug It Off","Searing Blow","Inflame","Armaments","Secret Weapon","Incense Burner"],"campfire_rested":0,"item_purchase_floors":[3,3,12,27,37,48],"current_hp_per_floor":[78,80,80,80,80,80,80,80,80,80,78,78,71,59,59,66,87,80,75,75,47,47,47,45,45,45,45,39,39,39,37,37,23,41,40,40,40,44,44,46,47,47,47,47,47,47,47,47,47,44,46,46,46,47,0,0],"gold":164,"neow_bonus":"THREE_ENEMY_KILL","is_daily":false,"chose_seed":false,"campfire_upgraded":11,"win_rate":0.0,"timestamp":1609238431,"path_taken":["M","M","$","?","?","R","E","R","T","R","E","?","?","E","R","BOSS","M","M","$","?","?","R","E","R","T","?","E","?","R","E","R","BOSS","M","?","$","?","?","E","M","R","T","E","R","?","?","$","R","BOSS","R","$","E","BOSS"],"items_purchased_type":["Card","Card","Card","Card","Card","Relic"],"build_version":"2020-12-22","purchased_purges":3,"victory":false,"max_hp_per_floor":[80,80,80,80,80,80,80,80,80,80,94,94,94,94,94,94,94,94,94,94,47,47,47,47,47,47,47,47,47,47,47,47,47,47,47,47,47,47,47,47,47,47,47,47,47,47,47,47,47,47,47,47,47,47,47,47],"card_choices":[{"not_picked":["Heavy Blade","Intimidate"],"picked":"Iron Wave","floor":1.0},{"not_picked":["Iron Wave","Flex"],"picked":"Thunderclap","floor":2.0},{"not_picked":["Rage","Berserk","Twin Strike"],"picked":"SKIP","floor":7.0},{"not_picked":["Iron Wave","Combust"],"picked":"Battle Trance","floor":11.0},{"not_picked":["Hemokinesis","Reckless Charge","Sentinel"],"picked":"SKIP","floor":14.0},{"not_picked":["Berserk","Corruption"],"picked":"Brutality","floor":16.0},{"not_picked":["Anger","Seeing Red"],"picked":"Rampage","floor":18.0},{"not_picked":["Clash+1","Dual Wield"],"picked":"Pommel Strike+1","floor":19.0},{"not_picked":["Body Slam+1","Metallicize","Second Wind"],"picked":"SKIP","floor":24.0},{"not_picked":["Warcry","Sever Soul","Body Slam"],"picked":"SKIP","floor":28.0},{"not_picked":["Twin Strike","Evolve+1","Flex+1"],"picked":"SKIP","floor":31.0},{"not_picked":["Feed","Berserk"],"picked":"Double Tap","floor":33.0},{"not_picked":["Entrench+1","Carnage"],"picked":"True Grit+1","floor":35.0},{"not_picked":["Thunderclap","Clash","Pummel"],"picked":"SKIP","floor":40.0},{"not_picked":["Uppercut+1","Rampage+1","Flex+1"],"picked":"SKIP","floor":41.0},{"not_picked":["Headbutt","Dark Embrace+1","True Grit+1"],"picked":"SKIP","floor":44.0},{"not_picked":["Brutality","Battle Trance","Havoc+1"],"picked":"SKIP","floor":54.0}],"player_experience":368363,"relics_obtained":[{"floor":7.0,"key":"WingedGreaves"},{"floor":9.0,"key":"Pantograph"},{"floor":11.0,"key":"Mango"},{"floor":14.0,"key":"Nunchaku"},{"floor":24.0,"key":"Bag of Marbles"},{"floor":28.0,"key":"StrikeDummy"},{"floor":29.0,"key":"White Beast Statue"},{"floor":31.0,"key":"Regal Pillow"},{"floor":38.0,"key":"Old Coin"},{"floor":40.0,"key":"PreservedInsect"},{"floor":43.0,"key":"Happy Flower"},{"floor":44.0,"key":"Juzu Bracelet"},{"floor":47.0,"key":"Magic Flower"},{"floor":54.0,"key":"Letter Opener"}],"event_choices":[{"damage_healed":0.0,"max_hp_gain":0.0,"max_hp_loss":0.0,"gold_gain":0.0,"event_name":"Living Wall","player_choice":"Grow","floor":4.0,"gold_loss":0.0,"damage_taken":0.0,"cards_upgraded":["Searing Blow"]},{"damage_healed":0.0,"max_hp_gain":0.0,"max_hp_loss":0.0,"gold_gain":0.0,"event_name":"Liars Game","player_choice":"Ignored","floor":5.0,"gold_loss":0.0,"damage_taken":0.0},{"cards_removed":["Strike_R"],"damage_healed":0.0,"max_hp_gain":0.0,"max_hp_loss":0.0,"gold_gain":0.0,"event_name":"Golden Wing","player_choice":"Card Removal","floor":13.0,"gold_loss":0.0,"damage_taken":7.0},{"damage_healed":0.0,"max_hp_gain":0.0,"max_hp_loss":47.0,"gold_gain":0.0,"event_name":"Ghosts","player_choice":"Became a Ghost","floor":21.0,"gold_loss":0.0,"damage_taken":0.0,"cards_obtained":["Ghostly","Ghostly","Ghostly","Ghostly","Ghostly"]},{"damage_healed":0.0,"max_hp_gain":0.0,"max_hp_loss":0.0,"gold_gain":0.0,"event_name":"Drug Dealer","player_choice":"Obtain J.A.X.","floor":22.0,"gold_loss":0.0,"damage_taken":0.0,"cards_obtained":["J.A.X."]},{"damage_healed":0.0,"max_hp_gain":0.0,"max_hp_loss":0.0,"gold_gain":0.0,"event_name":"SensoryStone","player_choice":"Memory 1","floor":36.0,"gold_loss":0.0,"damage_taken":0.0},{"damage_healed":0.0,"max_hp_gain":0.0,"max_hp_loss":0.0,"gold_gain":0.0,"event_name":"Mysterious Sphere","player_choice":"Fight","floor":38.0,"gold_loss":0.0,"damage_taken":0.0},{"damage_healed":0.0,"max_hp_gain":0.0,"max_hp_loss":0.0,"gold_gain":0.0,"event_name":"Accursed Blacksmith","player_choice":"Forge","floor":39.0,"gold_loss":0.0,"damage_taken":0.0,"cards_upgraded":["Searing Blow"]},{"damage_healed":0.0,"max_hp_gain":0.0,"max_hp_loss":0.0,"gold_gain":0.0,"event_name":"Tomb of Lord Red Mask","player_choice":"Ignored","floor":46.0,"gold_loss":0.0,"damage_taken":0.0},{"damage_healed":0.0,"max_hp_gain":0.0,"max_hp_loss":0.0,"gold_gain":0.0,"event_name":"MindBloom","player_choice":"Fight","floor":47.0,"gold_loss":0.0,"damage_taken":0.0}],"is_beta":false,"boss_relics":[{"not_picked":["Snecko Eye","Runic Dome"],"picked":"Sozu"},{"not_picked":["Tiny House","Empty Cage"],"picked":"Mark of Pain"}],"items_purged_floors":[12,20,48],"is_endless":false,"potions_floor_spawned":[7,14,18,24,31,33,35,38,40,41,44,47,54],"killed_by":"The Heart","ascension_level":9}}