{"host":"32dedufnxebqtmo3","time":1609210188,"event":{"mods":["AchievementEnabler","Act Like it!","BaseMod","Better Third Choice","Card Filter","Colored Powertips","Defuse TimeMaze Blight","Gensokyo","GifTheSpireLib","Marisa????????","Minty Spire (QoL Compilation)","Permanent Neow","Relic Filter","Relic Stats","Remove Card Discount Mod","Shop Mod","StSLib","The Cursed","Unceasing Turn Reminder"],"gold_per_floor":[117,127,25,60,35,313,519,532,532,565,19,19,54,88,88,201,201,228,108,187,185,135,185,185,214,214,236,236,185,220,470,470,590,640,658,658,658,658,178,178,208,219,219,219,60,60,98,8,8,20],"floor_reached":51,"playtime":3259,"items_purged":["Strike_MRS","Strike_MRS","Defend_MRS","Defend_MRS","DoubleSpark","Strike_MRS","Strike_MRS","ManaRampage"],"score":1206,"play_id":"eafa1818-ce4d-4cd3-9fac-2c823a44dbe3","local_time":"20201228184948","is_ascension_mode":false,"campfire_choices":[{"floor":12,"key":"REST"},{"data":"MilkyWay","floor":15,"key":"SMITH"},{"data":"MilkyWay","floor":24,"key":"SMITH"},{"data":"OneTimeOff","floor":28,"key":"SMITH"},{"data":"Defend_MRS","floor":32,"key":"SMITH"},{"floor":40,"key":"RECALL"},{"data":"PropBag","floor":44,"key":"SMITH"},{"data":"DC","floor":49,"key":"SMITH"}],"circlet_count":0,"master_deck":["Defend_MRS","Defend_MRS+1","MasterSpark+1","UpSweep","OneTimeOff+1","Robbery","PowerUp","6A","UnstableBomb","DC+1","MilkyWay+1","MilkyWay+1","EarthLightRay+1","PropBag+1","Singularity+1","SuperPerseids+1","Parasite","Parasite","Madness","OortCloud+1","Gensokyo:CustomPotion"],"relics":["MiniHakkero","Oddly Smooth Stone","Art of War","PreservedInsect","Ornamental Fan","Mummified Hand","ExperimentalFamiliar","Gensokyo:SpiderMask","Shuriken","SproutingBranch","HandmadeGrimoire","ShroomBag","Frozen Egg 2","Juzu Bracelet","MealTicket","Kunai","MerchantsRug","Bottled Tornado"],"acts_visited":["Exordium","Gensokyo:Gensokyo","Gensokyo:Gensokyoer","TheEnding"],"potions_floor_usage":[10,16,27,50],"damage_taken":[{"damage":0,"enemies":"Gensokyo:3_Fairies","floor":1,"turns":4},{"damage":1,"enemies":"Gensokyo:Python","floor":2,"turns":3},{"damage":3,"enemies":"Gensokyo:2_Kodama","floor":4,"turns":8},{"damage":13,"enemies":"Gensokyo:Mamizou","floor":6,"turns":8},{"damage":6,"enemies":"Gensokyo:Kitsune","floor":7,"turns":4},{"damage":4,"enemies":"Gensokyo:CorruptedTreant","floor":8,"turns":2},{"damage":13,"enemies":"Gensokyo:Cirno","floor":10,"turns":4},{"damage":0,"enemies":"Gensokyo:Mamizou","floor":13,"turns":3},{"damage":0,"enemies":"Gensokyo:LivingMonolith","floor":14,"turns":2},{"damage":0,"enemies":"Gensokyo:Yukari","floor":16,"turns":5},{"damage":0,"enemies":"Gensokyo:2_Gloops","floor":18,"turns":3},{"damage":0,"enemies":"Gensokyo:Chomper","floor":20,"turns":3},{"damage":3,"enemies":"Gensokyo:Reisen","floor":23,"turns":4},{"damage":0,"enemies":"Gensokyo:Koishi","floor":25,"turns":4},{"damage":0,"enemies":"Gensokyo:Swordslinger","floor":27,"turns":2},{"damage":8,"enemies":"Gensokyo:Monolith_and_Dog","floor":30,"turns":4},{"damage":16,"enemies":"Gensokyo:Kaguya","floor":33,"turns":6},{"damage":5,"enemies":"Gensokyo:AncientGuardian","floor":35,"turns":3},{"damage":18,"enemies":"Gensokyo:Kasen","floor":41,"turns":4},{"damage":1,"enemies":"Gensokyo:3_Bats","floor":42,"turns":1},{"damage":2,"enemies":"Gensokyo:Sharpion","floor":47,"turns":4},{"damage":0,"enemies":"Gensokyo:Yuyuko","floor":50,"turns":9}],"seed_played":"-2427335643860030999","potions_obtained":[{"floor":1,"key":"Dexterity Potion"},{"floor":2,"key":"PowerPotion"},{"floor":8,"key":"Energy Potion"},{"floor":13,"key":"DuplicationPotion"},{"floor":14,"key":"Block Potion"},{"floor":18,"key":"FearPotion"},{"floor":27,"key":"Ancient Potion"}],"is_trial":false,"path_per_floor":["M","M","COS","M","$","E","M","M","T","E","$","R","E","M","R","B",null,"M","?","M","$","?","E","R","E","T","M","R","COS","M","?","R","B",null,"M","COS","?","T","$","R","E","M","T","R","$","?","M","?","R","B",null],"character_chosen":"MARISA","items_purchased":["DoubleSpark","Ornamental Fan","Mummified Hand","MilkyWay","ShroomBag","Frozen Egg 2","Madness","OortCloud+1","MerchantsRug","Bottled Tornado"],"campfire_rested":1,"item_purchase_floors":[5,11,11,11,39,39,39,45,45,45],"current_hp_per_floor":[75,74,74,71,71,58,52,48,48,35,35,57,57,57,57,57,75,75,75,75,75,82,82,82,82,82,82,82,82,78,78,78,64,83,88,88,51,51,51,51,55,56,56,56,71,71,91,91,91,91],"gold":20,"neow_bonus":"UPGRADE_CARD","is_daily":false,"chose_seed":false,"campfire_upgraded":6,"win_rate":0.0,"timestamp":1609210188,"path_taken":["M","?","COS","M","?","E","M","M","T","E","$","R","E","M","R","BOSS","M","?","M","$","?","E","R","E","T","?","R","COS","M","?","R","BOSS","M","COS","?","?","$","R","E","M","T","R","$","?","M","?","R","BOSS"],"items_purchased_type":["Card","Relic","Relic","Card","Relic","Relic","Card","Card","Relic","Relic"],"build_version":"2020-12-22","purchased_purges":8,"victory":true,"max_hp_per_floor":[75,75,75,75,75,75,75,75,75,75,75,75,75,75,75,75,75,75,75,75,75,82,82,82,82,82,82,82,82,82,78,78,78,83,93,93,93,93,93,93,93,93,93,93,93,93,93,93,93,93],"relic_stats":{"counters":[22,90],"Ornamental Fan":[128],"Mummified Hand":[13],"Shuriken":[21],"MealTicket":15,"PreservedInsect":213,"Art of War":[1],"Juzu Bracelet":0,"Kunai":[9],"obtain_stats":[{"AmplifyWand":25,"Tiny House":34,"Gremlin Horn":47,"Gensokyo:SpiderMask":19,"Juzu Bracelet":41,"SproutingBranch":37,"Bottled Tornado":45,"Smiling Mask":23,"Frozen Eye":25,"Matryoshka":26,"Mummified Hand":11,"Sundial":35,"MealTicket":43,"HandmadeGrimoire":38,"Kunai":30,"MerchantsRug":45,"Pear":35,"Blue Candle":9,"Oddly Smooth Stone":6,"PreservedInsect":10,"Letter Opener":23,"Frozen Egg 2":39,"ShroomBag":39,"ExperimentalFamiliar":17,"Ornamental Fan":11,"Shuriken":25,"Art of War":7,"MiniHakkero":0,"StrikeDummy":13,"Meat on the Bone":50},{"AmplifyWand":14,"Tiny House":17,"Gremlin Horn":21,"Gensokyo:SpiderMask":11,"Juzu Bracelet":19,"SproutingBranch":18,"Bottled Tornado":20,"Smiling Mask":13,"Frozen Eye":13,"Matryoshka":14,"Mummified Hand":7,"Sundial":18,"MealTicket":20,"HandmadeGrimoire":18,"Kunai":16,"MerchantsRug":20,"Pear":18,"Blue Candle":6,"Oddly Smooth Stone":4,"PreservedInsect":7,"Letter Opener":13,"Frozen Egg 2":18,"ShroomBag":18,"ExperimentalFamiliar":10,"Ornamental Fan":7,"Shuriken":14,"Art of War":5,"MiniHakkero":0,"StrikeDummy":8,"Meat on the Bone":22},{"AmplifyWand":56,"Tiny House":69,"Gremlin Horn":78,"Gensokyo:SpiderMask":46,"Juzu Bracelet":76,"SproutingBranch":72,"Bottled Tornado":77,"Smiling Mask":53,"Frozen Eye":53,"Matryoshka":57,"Mummified Hand":33,"Sundial":70,"MealTicket":77,"HandmadeGrimoire":72,"Kunai":60,"MerchantsRug":77,"Pear":71,"Blue Candle":29,"Oddly Smooth Stone":23,"PreservedInsect":33,"Letter Opener":50,"Frozen Egg 2":72,"ShroomBag":72,"ExperimentalFamiliar":43,"Ornamental Fan":33,"Shuriken":57,"Art of War":25,"MiniHakkero":0,"StrikeDummy":36,"Meat on the Bone":82}]},"card_choices":[{"not_picked":["DarkSpark","SporeBomb"],"picked":"OneTimeOff","floor":1},{"not_picked":["OneTimeOff","GrandCross"],"picked":"Robbery","floor":2},{"not_picked":["AsteroidBelt","MysteriousBeam"],"picked":"PowerUp","floor":4},{"not_picked":["CollectingQuirk","NonDirectionalLaser","SporeBomb"],"picked":"SKIP","floor":6},{"not_picked":["MilkyWay","DarkMatter"],"picked":"6A","floor":7},{"not_picked":["GrandCross","ChargeUpSpray"],"picked":"UnstableBomb","floor":8},{"not_picked":["LuminesStrike","GalacticHalo"],"picked":"DC","floor":10},{"not_picked":["6A","MysteriousBeam"],"picked":"MilkyWay","floor":13},{"not_picked":["Acceleration","6A","OpenUniverse"],"picked":"SKIP","floor":14},{"not_picked":["StarDustReverie","JA"],"picked":"ManaRampage","floor":16},{"not_picked":["SporeBomb","GravityBeat"],"picked":"EarthLightRay","floor":18},{"not_picked":["WitchOfGreed","GalacticHalo+1"],"picked":"PropBag","floor":20},{"not_picked":["WitchOfGreed+1","MilkyWay+1"],"picked":"Singularity+1","floor":23},{"not_picked":["UnstableBomb","LuminesStrike","AsteroidBelt"],"picked":"SKIP","floor":25},{"not_picked":["StarlightTyphoon","SprinkleStarSeal+1","BlazingStar"],"picked":"SKIP","floor":27},{"not_picked":["SprinkleStarSeal","IllusionStar","LuminesStrike+1"],"picked":"SKIP","floor":30},{"not_picked":["GravityBeat","Orbital+1"],"picked":"SuperPerseids+1","floor":34},{"not_picked":["LuminesStrike+1","IllusionStar","FairyDestructionRay"],"picked":"SKIP","floor":35},{"not_picked":["GalacticHalo+1","DeepEcoloBomb","DC"],"picked":"SKIP","floor":41},{"not_picked":["DeepEcoloBomb+1","IllusionStar","StarlightTyphoon"],"picked":"SKIP","floor":42},{"not_picked":["GrandCross","ManaRampage","GravityBeat+1"],"picked":"SKIP","floor":47}],"player_experience":729956,"relics_obtained":[{"floor":6,"key":"Oddly Smooth Stone"},{"floor":9,"key":"Blue Candle"},{"floor":10,"key":"PreservedInsect"},{"floor":13,"key":"StrikeDummy"},{"floor":23,"key":"Smiling Mask"},{"floor":25,"key":"Shuriken"},{"floor":26,"key":"Matryoshka"},{"floor":38,"key":"HandmadeGrimoire"},{"floor":41,"key":"Juzu Bracelet"},{"floor":43,"key":"MealTicket"},{"floor":43,"key":"Kunai"}],"event_choices":[],"is_beta":false,"boss_relics":[{"not_picked":["Coffee Dripper","Calling Bell"],"picked":"ExperimentalFamiliar"},{"not_picked":["Philosopher\u0027s Stone","Cursed Key"],"picked":"Tiny House"}],"items_purged_floors":[11,11,11,11,11,11,11,21],"is_endless":false,"potions_floor_spawned":[1,2,8,13,14,18,23,27],"ascension_level":0}}