{"host":"u0pt4wuoyrjgzhh2","time":1609229806,"event":{"mods":["ATMod(阿瑾Mod)","AchievementEnabler","Act Like it!","Aspiration","BaseMod","Better Note","Better Vampires","BetterRewards","Block Reminder","Challenge The Spire","Colored Map","Colored Powertips","Conspire","Dota2Spire","Downfall","Gensokyo","Highlight Path","Hubris","Minty Spire (QoL Compilation)","Permanent Neow","Quick Restart","Relic Stats","Replay The Spire","RumiaBox-露米娅的神秘盒子","Shop Mod","Spicy Shops","StSLib","SuperFastMode","TestMod","The Jungle","Wandering Minibosses","vexMod","【遗物卡牌】REMEMod"],"gold_per_floor":[99,116,133,43,54,114,114,128,128,154,79,110,110,129,148,245,245,170,170,170,170,180,65,97,97,122,122,122,169,204,204,204,234,248,350,350,350,392,405,418,41,41,41,72,72,72,117,42,71,88,104,104,104,138,92,92,152],"floor_reached":58,"playtime":4438,"items_purged":["Slimebound:Strike_Slimebound","Slimebound:Defend_Slimebound","Slimebound:Defend_Slimebound","Slimebound:Strike_Slimebound"],"score":1630,"play_id":"ed2944bc-d454-41d1-95f9-57091ea057a6","local_time":"20201229161646","is_ascension_mode":true,"campfire_choices":[{"data":"Slimebound:Strike_Slimebound","floor":1.0,"key":"PURGE"},{"data":"Slimebound:SlimeBrawl","floor":9.0,"key":"SMITH"},{"floor":11.0,"key":"RECALL"},{"data":"Slimebound:MassFeed","floor":18.0,"key":"SMITH"},{"data":"Slimebound:DouseInSlime","floor":25.0,"key":"SMITH"},{"data":"Slimebound:WasteNot","floor":28.0,"key":"SMITH"},{"floor":37.0,"key":"DIG"},{"data":"Slimebound:DuplicatedForm","floor":46,"key":"SMITH"},{"data":"Slimebound:DuplicatedForm","floor":48,"key":"SMITH"},{"data":"Slimebound:SlimeTap","floor":56,"key":"SMITH"}],"circlet_count":0,"master_deck":["Slimebound:Tackle","Slimebound:Defend_Slimebound","Slimebound:Defend_Slimebound","Slimebound:Split","Slimebound:CorrosiveSpit","AT_FamilyPortrait","Slimebound:SplitMire","Slimebound:LeadByExample","sneckomod:Restock","Slimebound:WasteNot+1","Slimebound:Replication","Slimebound:SlimeBrawl+1","Slimebound:Dissolve","Slimebound:LevelUp","Slimebound:GrowthPunch","Slimebound:MassFeed+1","Slimebound:CheckThePlaybook","Slimebound:DouseInSlime+1","Slimebound:HauntingLick","Necronomicurse","Slimebound:AcidTongue","Slimebound:DuplicatedForm+1","Slimebound:LeadByExample+1","Slimebound:Recollect","Slimebound:Dissolve+1","Slimebound:RainOfGoop+1","Slimebound:SplitSpecialist","Slimebound:FinishingTackle","Slimebound:DuplicatedForm+1","Slimebound:ProtectTheBoss+1","Slimebound:Equalize","Slimebound:SlimeTap+1","Infernal Blade","Slimebound:OneTwoCombo","Slimebound:SplitMire"],"relics":["Slimebound:AbsorbEndCombat","testmod-TestBox","AT_ATBox","testmod-ChristmasGift","testmod-Déjàvu","wanderingMiniBosses:Inkheart","aspiration:ChemicalBlood","Dota2Spire:MonkeyKingBar","aspiration:FrozenJewel","downfall:HeartBlessingGreen","hubris:MysteriousPyramids","testmod-SaigiyounoYou","downfall:HeartBlessingRed","Red Mask","Dota2Spire:PhaseBoots","Juzu Bracelet","Tiny Chest","Necronomicon","Iron Hammer","Honey Jar","Vajra","REME_HandOfSuture","Ccalipers","Dota2Spire:ShadowBlade","GodSword6","downfall:HeartBlessingBlue","hubris:DisguiseKit","Bronze Scales"],"acts_visited":["Exordium","TheCity","TheBeyond","TheEnding"],"potions_floor_usage":[47,47,47,47,47,47,47,47,49,50,51,52,52,54,54,57,57,57,57,57,57,57,57,57,57,57,57,57,57,57,57,57,57],"damage_taken":[{"damage":18.0,"enemies":"Jaw Worm","floor":2.0,"turns":3.0},{"damage":4.0,"enemies":"Small Slimes","floor":3.0,"turns":2.0},{"damage":21.0,"enemies":"downfall:FleeingMerchant","floor":4.0,"turns":5.0},{"damage":45.0,"enemies":"conspire:RoseBush","floor":5.0,"turns":8.0},{"damage":22.0,"enemies":"Gremlin Nob","floor":6.0,"turns":3.0},{"damage":18.0,"enemies":"Blue Slaver","floor":8.0,"turns":3.0},{"damage":33.0,"enemies":"3 Sentries","floor":10.0,"turns":3.0},{"damage":0.0,"enemies":"Lagavulin","floor":12.0,"turns":1.0},{"damage":13.0,"enemies":"Exordium Thugs","floor":14.0,"turns":4.0},{"damage":9.0,"enemies":"2 Fungi Beasts","floor":15.0,"turns":2.0},{"damage":34.0,"enemies":"downfall:Defect","floor":16.0,"turns":4.0},{"damage":28.0,"enemies":"conspire:FuzzyDice","floor":22.0,"turns":4.0},{"damage":28.0,"enemies":"downfall:FleeingMerchant","floor":23.0,"turns":4.0},{"damage":10.0,"enemies":"Masked Bandits","floor":24.0,"turns":2.0},{"damage":42.0,"enemies":"Spheric Guardian","floor":29.0,"turns":4.0},{"damage":41.0,"enemies":"conspire:Head Lice","floor":30.0,"turns":3.0},{"damage":30.0,"enemies":"REME_1_Revenger","floor":33.0,"turns":3.0},{"damage":32.0,"enemies":"Snake Plant","floor":34.0,"turns":3.0},{"damage":91.0,"enemies":"downfall:Silent","floor":35.0,"turns":6.0},{"damage":70.0,"enemies":"Orb Walker","floor":38.0,"turns":4.0},{"damage":30.0,"enemies":"3 Shapes","floor":39.0,"turns":2.0},{"damage":23.0,"enemies":"Maw","floor":40.0,"turns":8.0},{"damage":8.0,"enemies":"downfall:FleeingMerchant","floor":41.0,"turns":2.0},{"damage":52,"enemies":"Reptomancer","floor":44,"turns":4},{"damage":85,"enemies":"Transient","floor":47,"turns":5},{"damage":35,"enemies":"R_Hoarder","floor":49,"turns":4},{"damage":23,"enemies":"Writhing Mass","floor":50,"turns":4},{"damage":38,"enemies":"Spire Growth","floor":51,"turns":3},{"damage":116,"enemies":"downfall:Watcher","floor":52,"turns":9},{"damage":113,"enemies":"downfall:CharBossMerchant","floor":54,"turns":4},{"damage":129,"enemies":"downfall:NeowBoss","floor":57,"turns":14}],"seed_played":"-5020141107698451166","potions_obtained":[{"floor":8.0,"key":"PowerPotion"},{"floor":8.0,"key":"Ancient Potion"},{"floor":10.0,"key":"Explosive Potion"},{"floor":12.0,"key":"Adrenaline Potion"},{"floor":14.0,"key":"Guardian:BlockOnCardUsePotion"},{"floor":14.0,"key":"Fruit Juice"},{"floor":16.0,"key":"Toxic Potion"},{"floor":16.0,"key":"Fire Potion"},{"floor":16.0,"key":"Block Potion"},{"floor":22.0,"key":"AttackPotion"},{"floor":22.0,"key":"AttackPotion"},{"floor":22.0,"key":"DuplicationPotion"},{"floor":23.0,"key":"SteroidPotion"},{"floor":29.0,"key":"REME_GoldPotion"},{"floor":29.0,"key":"testmod-SpacePotion"},{"floor":34.0,"key":"DuplicationPotion"},{"floor":35.0,"key":"Milkshake"},{"floor":35.0,"key":"REME_GoldPotion"},{"floor":38.0,"key":"EssenceOfSteel"},{"floor":38.0,"key":"Elixir"},{"floor":38.0,"key":"Dota2Spire:Clarity"},{"floor":39.0,"key":"Fire Potion"},{"floor":39.0,"key":"Block Potion"},{"floor":41.0,"key":"AttackPotion"},{"floor":44,"key":"FearPotion"},{"floor":47,"key":"Milkshake"},{"floor":47,"key":"SteroidPotion"},{"floor":49,"key":"Strength Potion"},{"floor":50,"key":"Explosive Potion"},{"floor":51,"key":"Dota2Spire:HealingSalve"},{"floor":52,"key":"champ:CounterPotion"},{"floor":52,"key":"SmokeBomb"},{"floor":54,"key":"Energy Potion"},{"floor":54,"key":"Fire Potion"},{"floor":54,"key":"Guardian:BlockOnCardUsePotion"},{"floor":54,"key":"PowerPotion"},{"floor":57,"key":"Elixir"}],"is_trial":false,"path_per_floor":["R_BF","M","M","$","M","E","T","M","R","E","R","E","?","M","M","B",null,"R_BF","?","PTL","PTL","M","$","?","R","T","?","R","M","E","?","?","E","M","B",null,"R_BF","M","M","M","$","?","T","E","T","R","M","R","E","M","M","B",null,"E","$","R","B",null],"character_chosen":"SLIMEBOUND","items_purchased":["REME_HandOfSuture","Ccalipers","Slimebound:SplitSpecialist","Slimebound:FinishingTackle","Slimebound:SplitMire"],"campfire_rested":0,"item_purchase_floors":[41,41,41,41,55],"current_hp_per_floor":[54,51,54,52,54,50,50,54,54,54,54,54,59,64,64,62,64,64,42,42,42,63,64,76,76,76,76,76,69,76,60,60,71,86,69,88,88,81,100,104,108,108,108,112,112,112,98,108,119,126,126,93,130,92,92,92,134],"gold":152,"neow_bonus":"ONE_RARE_RELIC","is_daily":false,"chose_seed":false,"campfire_upgraded":7,"win_rate":0.0,"timestamp":1609229806,"path_taken":["R_BF","M","M","$","M","E","T","M","R","E","R","E","?","M","M","BOSS","R_BF","?","PTL","PTL","M","$","?","R","T","?","R","M","E","?","?","E","M","BOSS","R_BF","M","M","M","$","?","T","E","?","R","M","R","E","M","M","BOSS","E","$","R","BOSS"],"items_purchased_type":["Relic","Relic","Card","Card","Card"],"build_version":"2020-12-22","purchased_purges":4,"victory":true,"max_hp_per_floor":[54,54,54,54,54,54,54,54,54,54,54,54,59,64,64,64,64,64,64,64,64,64,64,76,76,76,76,76,76,80,80,80,84,88,88,88,88,88,100,104,108,108,108,112,112,112,112,122,122,126,126,130,130,134,134,134,134],"relic_stats":{"counters":[31,129],"Bronze Scales":[9],"Tiny Chest":1,"Juzu Bracelet":1,"Necronomicon":[22],"obtain_stats":[{"AT_ATBox":0,"Vajra":37,"downfall:HeartBlessingGreen":11,"Dota2Spire:ShadowBlade":44,"Juzu Bracelet":27,"hubris:MysteriousPyramids":12,"Ccalipers":41,"downfall:HeartBlessingBlue":48,"Honey Jar":36,"Tiny Chest":30,"testmod-Déjàvu":0,"Iron Hammer":33,"Red Mask":24,"Necronomicon":31,"testmod-ChristmasGift":0,"aspiration:ChemicalBlood":6,"hubris:DisguiseKit":49,"testmod-TestBox":0,"downfall:HeartBlessingRed":18,"testmod-SaigiyounoYou":17,"aspiration:FrozenJewel":10,"Bronze Scales":54,"REME_HandOfSuture":41,"Slimebound:AbsorbEndCombat":0,"GodSword6":45,"Dota2Spire:MonkeyKingBar":7,"wanderingMiniBosses:Inkheart":5,"REME_ComplimentaryCards":0,"Dota2Spire:PhaseBoots":26},{"AT_ATBox":0,"Vajra":19,"downfall:HeartBlessingGreen":7,"Dota2Spire:ShadowBlade":24,"Juzu Bracelet":14,"hubris:MysteriousPyramids":8,"Ccalipers":23,"downfall:HeartBlessingBlue":25,"Honey Jar":19,"Tiny Chest":16,"testmod-Déjàvu":0,"Iron Hammer":17,"Red Mask":14,"Necronomicon":16,"testmod-ChristmasGift":0,"aspiration:ChemicalBlood":5,"hubris:DisguiseKit":26,"testmod-TestBox":0,"downfall:HeartBlessingRed":11,"testmod-SaigiyounoYou":11,"aspiration:FrozenJewel":7,"Bronze Scales":30,"REME_HandOfSuture":23,"Slimebound:AbsorbEndCombat":0,"GodSword6":24,"Dota2Spire:MonkeyKingBar":5,"wanderingMiniBosses:Inkheart":4,"REME_ComplimentaryCards":0,"Dota2Spire:PhaseBoots":14},{"AT_ATBox":0,"Vajra":66,"downfall:HeartBlessingGreen":27,"Dota2Spire:ShadowBlade":86,"Juzu Bracelet":47,"hubris:MysteriousPyramids":28,"Ccalipers":82,"downfall:HeartBlessingBlue":91,"Honey Jar":66,"Tiny Chest":54,"testmod-Déjàvu":0,"Iron Hammer":57,"Red Mask":47,"Necronomicon":54,"testmod-ChristmasGift":0,"aspiration:ChemicalBlood":21,"hubris:DisguiseKit":95,"testmod-TestBox":0,"downfall:HeartBlessingRed":38,"testmod-SaigiyounoYou":38,"aspiration:FrozenJewel":27,"Bronze Scales":115,"REME_HandOfSuture":82,"Slimebound:AbsorbEndCombat":0,"GodSword6":86,"Dota2Spire:MonkeyKingBar":21,"wanderingMiniBosses:Inkheart":18,"REME_ComplimentaryCards":0,"Dota2Spire:PhaseBoots":47}]},"card_choices":[{"not_picked":["Slimebound:LeechingTouch","Slimebound:SplitLeeching"],"picked":"Slimebound:SplitMire","floor":2.0},{"not_picked":["Slimebound:PressTheAttack","Slimebound:LeechingTouch"],"picked":"Slimebound:LeadByExample","floor":3.0},{"not_picked":["Slimebound:SamplingLick","Slimebound:FlameTackle"],"picked":"Slimebound:WasteNot","floor":4.0},{"not_picked":["Slimebound:PressTheAttack","Slimebound:SlimeSpikes","Slimebound:LeechEnergy"],"picked":"SKIP","floor":5.0},{"not_picked":["Slimebound:ServeAndProtect","Slimebound:CheckThePlaybook","Slimebound:Replication"],"picked":"SKIP","floor":6.0},{"not_picked":["Slimebound:ServeAndProtect","Slimebound:CheckThePlaybook","Slimebound:Replication"],"picked":"SKIP","floor":6.0},{"not_picked":["Slimebound:ServeAndProtect","Slimebound:CheckThePlaybook"],"picked":"Slimebound:Replication","floor":6.0},{"not_picked":["Slimebound:LeechingTouch","Slimebound:FirmFortitude"],"picked":"Slimebound:SlimeBrawl","floor":8.0},{"not_picked":["Slimebound:ComboTackle","Slimebound:FirmFortitude","Slimebound:DivideAndConquer"],"picked":"SKIP","floor":10.0},{"not_picked":["Slimebound:Recollect","Slimebound:ServeAndProtect"],"picked":"Slimebound:Dissolve","floor":12.0},{"not_picked":["Slimebound:SlimeSpikes","Slimebound:GoopSpray"],"picked":"Slimebound:LevelUp","floor":14.0},{"not_picked":["Slimebound:GoopSpray","Slimebound:RollThrough"],"picked":"Slimebound:GrowthPunch","floor":15.0},{"not_picked":["Slimebound:OozeBath","Slimebound:MinionMaster"],"picked":"Slimebound:MassFeed","floor":16.0},{"not_picked":["Slimebound:SplitAcid+1","Slimebound:Prepare","Slimebound:ServeAndProtect"],"picked":"SKIP","floor":22.0},{"not_picked":["Slimebound:ServeAndProtect","Slimebound:ViciousTackle"],"picked":"Slimebound:DouseInSlime","floor":23.0},{"not_picked":["Slimebound:RollThrough","Slimebound:SplitAcid","Slimebound:HungryTackle+1"],"picked":"SKIP","floor":29.0},{"not_picked":["Slimebound:SlimeBarrage+1","Slimebound:SplitAcid+1"],"picked":"Slimebound:HauntingLick","floor":30.0},{"not_picked":["Slimebound:Dissolve","Slimebound:Equalize"],"picked":"Slimebound:AcidTongue","floor":33.0},{"not_picked":["Slimebound:DivideAndConquer","Slimebound:ViciousTackle","Slimebound:FormOfPuddle"],"picked":"SKIP","floor":34.0},{"not_picked":["Slimebound:Teamwork","Slimebound:SlimeSlap"],"picked":"Slimebound:DuplicatedForm","floor":35.0},{"not_picked":["Slimebound:ComboTackle","Slimebound:Grow","Slimebound:GoopSpray"],"picked":"Slimebound:LeadByExample+1","floor":38.0},{"not_picked":["Slimebound:ServeAndProtect","Slimebound:ViciousTackle","Slimebound:SplitBruiser"],"picked":"Slimebound:Recollect","floor":39.0},{"not_picked":["Slimebound:ItLooksTasty","Slimebound:SpikyOuterGoop","Slimebound:FinishingTackle"],"picked":"Slimebound:Dissolve+1","floor":40.0},{"not_picked":["Slimebound:Repurpose+1","Slimebound:ComboTackle+1","Slimebound:LevelUp+1"],"picked":"Slimebound:RainOfGoop+1","floor":41.0},{"not_picked":["Slimebound:LivingWall","Slimebound:RainOfGoop+1","Slimebound:GrowthPunch+1"],"picked":"Slimebound:DuplicatedForm","floor":44},{"not_picked":["Slimebound:SplitMire+1","Slimebound:ViciousTackle","Slimebound:Overexert"],"picked":"Slimebound:ProtectTheBoss+1","floor":47},{"not_picked":["Slimebound:DuplicatedForm","Slimebound:SplitAcid+1","Slimebound:FinishingTackle"],"picked":"Slimebound:Equalize","floor":49},{"not_picked":["Slimebound:LivingWall+1","Slimebound:Chomp","Slimebound:SplitLeeching+1","Headbutt"],"picked":"Slimebound:SlimeTap","floor":50},{"not_picked":["Slimebound:GoopTackle+1","Slimebound:RollThrough+1","Slimebound:LeechingTouch","Slimebound:ForwardTackle"],"picked":"Infernal Blade","floor":51},{"not_picked":["Slimebound:ViciousTackle+1","Slimebound:LeechingTouch","Slimebound:SplitLeeching","AT_BodySlamDance"],"picked":"Slimebound:OneTwoCombo","floor":54}],"player_experience":138972,"relics_obtained":[{"floor":5.0,"key":"wanderingMiniBosses:Inkheart"},{"floor":6.0,"key":"aspiration:ChemicalBlood"},{"floor":7.0,"key":"Dota2Spire:MonkeyKingBar"},{"floor":10.0,"key":"aspiration:FrozenJewel"},{"floor":12.0,"key":"hubris:MysteriousPyramids"},{"floor":24.0,"key":"Red Mask"},{"floor":26.0,"key":"Dota2Spire:PhaseBoots"},{"floor":30.0,"key":"Tiny Chest"},{"floor":31.0,"key":"Necronomicon"},{"floor":33.0,"key":"Iron Hammer"},{"floor":37.0,"key":"Vajra"},{"floor":44,"key":"Dota2Spire:ShadowBlade"},{"floor":45,"key":"GodSword6"},{"floor":49,"key":"hubris:DisguiseKit"},{"floor":54,"key":"Bronze Scales"}],"event_choices":[{"damage_healed":0.0,"max_hp_gain":5.0,"max_hp_loss":0.0,"gold_gain":0.0,"event_name":"Big Fish","player_choice":"Donut","floor":13.0,"gold_loss":0.0,"damage_taken":0.0},{"damage_healed":0.0,"max_hp_gain":0.0,"max_hp_loss":0.0,"gold_gain":0.0,"event_name":"Masked Bandits","player_choice":"Fought Bandits","floor":24.0,"gold_loss":0.0,"damage_taken":0.0},{"damage_healed":0.0,"max_hp_gain":0.0,"max_hp_loss":0.0,"gold_gain":0.0,"event_name":"给自己的盒子","player_choice":"Swap Relic","floor":27.0,"relics_lost":["REME_ComplimentaryCards"],"gold_loss":0.0,"damage_taken":0.0,"relics_obtained":["Juzu Bracelet"]},{"damage_healed":0.0,"max_hp_gain":0.0,"max_hp_loss":0.0,"gold_gain":0.0,"event_name":"Lab","player_choice":"Got Potions","floor":32.0,"gold_loss":0.0,"damage_taken":0.0}],"is_beta":false,"boss_relics":[{"not_picked":["testmod-KeyOfTheVoid","Fusion Hammer"],"picked":"testmod-SaigiyounoYou"},{"not_picked":["Slimebound:AbsorbEndCombatUpgraded","aspiration:PoetsPen_weak"],"picked":"Honey Jar"}],"items_purged_floors":[4,23,41,41],"is_endless":false,"potions_floor_spawned":[5,8,12,14,29,30,35,38,39,44,47,54],"ascension_level":4}}