{"host":"wukdhyb91avklb3w","time":1609237157,"event":{"mods":["BaseMod","Colored Map","Colored Powertips","Highlight Path","Minty Spire (QoL Compilation)","Relic Stats"],"gold_per_floor":[117,117,128,140,160,194,194,119,119,139,171,186,196,227,227,322,322,334,249,249,267,277,277,277],"floor_reached":23,"playtime":1896,"items_purged":["Pain"],"score":312,"play_id":"e9830ba5-c53a-4714-b2a4-e32df24af27c","local_time":"20201229021917","is_ascension_mode":true,"campfire_choices":[{"floor":7.0,"key":"REST"},{"floor":15.0,"key":"REST"}],"circlet_count":0,"master_deck":["Strike_B","Strike_B","Strike_B","Strike_B","Defend_B","Defend_B","Defend_B","Defend_B","Zap","Dualcast","Coolheaded","Sunder","Rebound","Glacier","Seek","Sweeping Beam","Rainbow","Meteor Strike","Ball Lightning","Sweeping Beam"],"relics":["Sozu","WarpedTongs","Matryoshka","Dream Catcher","HornCleat","Toy Ornithopter","Omamori","Velvet Choker","Bronze Scales","SsserpentHead"],"acts_visited":["Exordium","TheCity"],"potions_floor_usage":[],"damage_taken":[{"damage":4.0,"enemies":"Jaw Worm","floor":1.0,"turns":4.0},{"damage":5.0,"enemies":"Cultist","floor":3.0,"turns":4.0},{"damage":13.0,"enemies":"2 Louse","floor":4.0,"turns":2.0},{"damage":4.0,"enemies":"Large Slime","floor":5.0,"turns":5.0},{"damage":19.0,"enemies":"3 Sentries","floor":6.0,"turns":6.0},{"damage":0.0,"enemies":"Lots of Slimes","floor":10.0,"turns":3.0},{"damage":2.0,"enemies":"Gremlin Nob","floor":11.0,"turns":4.0},{"damage":0.0,"enemies":"3 Louse","floor":12.0,"turns":3.0},{"damage":6.0,"enemies":"Blue Slaver","floor":13.0,"turns":3.0},{"damage":5.0,"enemies":"3 Sentries","floor":14.0,"turns":8.0},{"damage":15.0,"enemies":"Slime Boss","floor":16.0,"turns":9.0},{"damage":20.0,"enemies":"2 Thieves","floor":18.0,"turns":3.0},{"damage":3.0,"enemies":"Shell Parasite","floor":21.0,"turns":5.0},{"damage":25.0,"enemies":"Centurion and Healer","floor":22.0,"turns":5.0},{"damage":0,"enemies":"Gremlin Leader","floor":23,"turns":1}],"seed_played":"-7724305881377286354","potions_obtained":[],"is_trial":false,"path_per_floor":["M","?","M","M","M","E","R","$","T","M","E","M","M","E","R","B",null,"M","?","?","M","M","E"],"character_chosen":"DEFECT","items_purchased":[],"campfire_rested":2,"item_purchase_floors":[],"current_hp_per_floor":[64,64,59,46,42,23,45,45,45,45,43,43,37,32,54,39,66,46,46,46,43,18,18,18],"gold":277,"neow_bonus":"BOSS_RELIC","is_daily":false,"chose_seed":false,"campfire_upgraded":0,"win_rate":0.0,"timestamp":1609237157,"path_taken":["M","?","?","M","M","E","R","$","T","M","E","M","M","E","R","BOSS","M","?","?","M","M","E"],"items_purchased_type":[],"build_version":"2020-12-22","purchased_purges":1,"victory":false,"max_hp_per_floor":[75,75,75,75,75,75,75,75,75,75,75,75,75,75,75,75,75,75,75,75,75,75,75,75],"relic_stats":{"Sozu":7,"SsserpentHead":0,"Dream Catcher":1,"counters":[15,65],"Bronze Scales":[30],"obtain_stats":[{"Sozu":0,"SsserpentHead":20,"Dream Catcher":9,"Matryoshka":6,"HornCleat":9,"Bronze Scales":19,"Velvet Choker":17,"Omamori":14,"Cracked Core":0,"Toy Ornithopter":11,"WarpedTongs":2},{"Sozu":0,"SsserpentHead":12,"Dream Catcher":5,"Matryoshka":5,"HornCleat":5,"Bronze Scales":12,"Velvet Choker":11,"Omamori":10,"Cracked Core":0,"Toy Ornithopter":7,"WarpedTongs":1},{"Sozu":0,"SsserpentHead":54,"Dream Catcher":21,"Matryoshka":21,"HornCleat":21,"Bronze Scales":54,"Velvet Choker":51,"Omamori":42,"Cracked Core":0,"Toy Ornithopter":28,"WarpedTongs":4}],"Toy Ornithopter":0,"WarpedTongs":[61]},"card_choices":[{"not_picked":["Self Repair","Blizzard"],"picked":"Coolheaded","floor":1.0},{"not_picked":["Consume","White Noise"],"picked":"Sunder","floor":3.0},{"not_picked":["Turbo","Force Field"],"picked":"Rebound","floor":4.0},{"not_picked":["Chill","Stack"],"picked":"Glacier","floor":5.0},{"not_picked":["Rip and Tear","Rebound"],"picked":"Seek","floor":6.0},{"not_picked":["Recycle","Stack","Redo"],"picked":"SKIP","floor":10.0},{"not_picked":["Stack","Gash","Loop"],"picked":"SKIP","floor":11.0},{"not_picked":["Loop","Hologram","Fusion"],"picked":"SKIP","floor":12.0},{"not_picked":["Skim","Steam"],"picked":"Sweeping Beam","floor":13.0},{"not_picked":["Hyperbeam","Reprogram"],"picked":"Rainbow","floor":14.0},{"not_picked":["Machine Learning","Electrodynamics"],"picked":"Meteor Strike","floor":16.0},{"not_picked":["Go for the Eyes","Leap+1"],"picked":"Ball Lightning","floor":18.0},{"not_picked":["Compile Driver","Hello World"],"picked":"Sweeping Beam","floor":21.0},{"not_picked":["Steam Power","Steam","Stack"],"picked":"SKIP","floor":22.0}],"player_experience":914136,"relics_obtained":[{"floor":6.0,"key":"Matryoshka"},{"floor":9.0,"key":"Dream Catcher"},{"floor":9.0,"key":"HornCleat"},{"floor":11.0,"key":"Toy Ornithopter"},{"floor":14.0,"key":"Omamori"}],"event_choices":[{"damage_healed":0.0,"max_hp_gain":0.0,"max_hp_loss":0.0,"gold_gain":0.0,"event_name":"Accursed Blacksmith","player_choice":"Rummage","floor":2.0,"gold_loss":0.0,"damage_taken":0.0,"relics_obtained":["WarpedTongs"],"cards_obtained":["Pain"]},{"damage_healed":0.0,"max_hp_gain":0.0,"max_hp_loss":0.0,"gold_gain":0.0,"event_name":"Addict","player_choice":"Obtained Relic","floor":19.0,"gold_loss":85.0,"damage_taken":0.0,"relics_obtained":["Bronze Scales"]},{"damage_healed":0.0,"max_hp_gain":0.0,"max_hp_loss":0.0,"gold_gain":0.0,"event_name":"FaceTrader","player_choice":"Trade","floor":20.0,"gold_loss":0.0,"damage_taken":0.0,"relics_obtained":["SsserpentHead"]}],"is_beta":false,"boss_relics":[{"not_picked":["SacredBark","Runic Dome"],"picked":"Velvet Choker"}],"items_purged_floors":[8],"is_endless":false,"potions_floor_spawned":[1,4,6,13,14,16,21],"killed_by":"Gremlin Leader","ascension_level":9}}