{"host":"d3vq701jt8r0vo91","time":1609269336,"event":{"mods":["BaseMod","Better Third Choice","BetterRewards","CapriCore","Duelist Mod","GifTheSpireLib","Koishi","Luminous","Marisa????????","Minty Spire (QoL Compilation)","Prisma Mod","Rare Cards Sparkle","Remilia??????","Replay The Spire","Spicy Shops","StSLib","The Cursed","The Immortal","The Necromancer","The Servant 0.9.4","WarShipGirlsR/????R mod"],"gold_per_floor":[120,70,149,149,348,348,348],"floor_reached":6,"playtime":255,"items_purged":[],"score":32,"play_id":"5749696c-5dc2-426d-a069-8029569a542c","local_time":"20201229141536","is_ascension_mode":false,"campfire_choices":[],"circlet_count":0,"master_deck":["Strike_W","Strike_W","Strike_W","Defend_W","Defend_W+1","Defend_W","Defend_W","Negative_Energy_Arrows","Bone_Wall","Death_Coil+1","Sadistic Nature","Summon_Lich","Violent_Necrosis","Negative_Energy_Bomb+1","Negative_Energy_Mist","Negative_Energy_Shield+1"],"relics":["Vampire_Amulet","Blue Doll","CeramicFish","Toxic Egg 2"],"acts_visited":["Exordium"],"potions_floor_usage":[],"damage_taken":[{"damage":0,"enemies":"Small Slimes","floor":1,"turns":4},{"damage":0,"enemies":"Gremlin Nob","floor":6,"turns":3}],"seed_played":"824926919180404605","potions_obtained":[],"is_trial":false,"path_per_floor":["M","?","T","?","?","E"],"character_chosen":"NECROMANCER","items_purchased":["Blue Doll","Death_Coil","Sadistic Nature","Summon_Lich","CeramicFish","Violent_Necrosis","Negative_Energy_Bomb+1"],"campfire_rested":0,"item_purchase_floors":[0,0,0,0,0,0,0],"current_hp_per_floor":[44,44,44,29,11,11,11],"gold":348,"neow_bonus":"","is_daily":false,"chose_seed":false,"campfire_upgraded":0,"win_rate":0.0,"timestamp":1609269336,"path_taken":["M","?","?","?","?","E"],"items_purchased_type":["Relic","Card","Card","Card","Relic","Card","Card"],"build_version":"2020-12-22","purchased_purges":0,"victory":false,"max_hp_per_floor":[75,75,75,75,75,75,75],"card_choices":[{"not_picked":["Negative_Energy_Javelin","Summon_Lich"],"picked":"Negative_Energy_Mist","floor":1},{"not_picked":["Blood_Curse","Death_Coil"],"picked":"Negative_Energy_Shield+1","floor":5}],"player_experience":176613,"relics_obtained":[{"floor":3,"key":"Toxic Egg 2"}],"event_choices":[{"cards_removed":["Strike_W"],"damage_healed":0,"gold_gain":0,"player_choice":"Card Removal","damage_taken":0,"max_hp_gain":0,"max_hp_loss":0,"event_name":"The Cleric","floor":2,"gold_loss":50},{"damage_healed":44,"gold_gain":0,"player_choice":"Upgrade","damage_taken":15,"max_hp_gain":0,"max_hp_loss":75,"event_name":"betterThird:BetterShining","floor":4,"gold_loss":0,"cards_upgraded":["Death_Coil","Defend_W"]}],"is_beta":false,"boss_relics":[],"items_purged_floors":[],"is_endless":false,"potions_floor_spawned":[],"killed_by":"Gremlin Nob","ascension_level":0}}