{"host":"b0hh64pqctf46s8m","time":1609282503,"event":{"mods":["Act Like it!","BaseMod","Bestiary","CCEM","CapriCore","ChefMod","Conspire","Curses Come First","Displayed Cursed Tome","Dota2Spire","Downfall","Ekko","Elementarium","Fireblade Mod","Hallownest","Hermit","Hubris","Infinite Spire","Jess\u0027s Bottle","JesterMod","Jorbs\u0027s Wanderer Trilogy","Lobotomy","Luminous","Menagerie","Minty Spire (QoL Compilation)","Pale of the Ancients","Permanent Neow","Relic Stats","Replay The Spire","Robot Space Explorer","Shade Mod","StSLib","The Blue Laboratory","The Dragon Tamer","The Immortal","The Marked","TheLocksmith","TheSwordswoman","TheVacant","TheWitcher","UnlockEverythingMod","Wandering Minibosses","??????REMEMod","????"],"gold_per_floor":[114,127,155,168,179,179,179,179],"floor_reached":6,"playtime":603,"items_purged":[],"score":48,"play_id":"55e527c8-0f6d-4e70-8046-71136b46e70c","local_time":"20201229145503","is_ascension_mode":false,"campfire_choices":[],"circlet_count":0,"master_deck":["locksmith:Strike","locksmith:Strike","locksmith:Strike","locksmith:Strike","locksmith:Defend","locksmith:Defend","locksmith:Defend","locksmith:Defend","locksmith:KeyMove","locksmith:LockCrash","ShyLook","locksmith:SmackSmackBurn","locksmith:BuriedCurse","locksmith:Grab","CherryBlossoms","locksmith:BlockAndKey","SnafuTest:WarofClans","locksmith:Capitalize"],"relics":["locksmith:FreeKey","REME_ComplimentaryCards","CogitoBucket","hubris:SphereOfDissonance"],"acts_visited":["Hallownest:Greenpath"],"potions_floor_usage":[6],"damage_taken":[{"damage":1,"enemies":"Hallownest:monsterHuskWarrior","floor":1,"turns":9},{"damage":2,"enemies":"Hallownest:monsterHuskGuard","floor":2,"turns":4},{"damage":37,"enemies":"Hallownest:eliteMossKnight","floor":3,"turns":10},{"damage":0,"enemies":"Hallownest:2_Baldur","floor":4,"turns":4},{"damage":25,"enemies":"Hallownest:2_Tiktiks_1_Baldur_1_Crawlid","floor":5,"turns":8},{"damage":14,"enemies":"Hallownest:eliteMossKnight","floor":6,"turns":9}],"seed_played":"5137251733459098929","potions_obtained":[{"floor":2,"key":"blueLaboratory:HeartbeatPotion"},{"floor":3,"key":"Languid Potion"}],"is_trial":false,"path_per_floor":["M","M","?","M","M","E"],"character_chosen":"THE_LOCKSMITH","items_purchased":[],"campfire_rested":0,"item_purchase_floors":[],"current_hp_per_floor":[78,76,39,39,14,0,0,0],"gold":179,"neow_bonus":"","is_daily":false,"chose_seed":false,"campfire_upgraded":0,"win_rate":0.0,"timestamp":1609282503,"path_taken":["M","?","?","M","M","E"],"items_purchased_type":[],"build_version":"2020-12-22","purchased_purges":0,"victory":false,"max_hp_per_floor":[79,79,79,79,79,79,79,79],"relic_stats":{"counters":[6,44],"obtain_stats":[{"CogitoBucket":0,"locksmith:FreeKey":0,"hubris:SphereOfDissonance":3,"REME_ComplimentaryCards":0},{"CogitoBucket":0,"locksmith:FreeKey":0,"hubris:SphereOfDissonance":3,"REME_ComplimentaryCards":0},{"CogitoBucket":0,"locksmith:FreeKey":0,"hubris:SphereOfDissonance":23,"REME_ComplimentaryCards":0}]},"card_choices":[{"not_picked":["CrumblingArmor","PunishingBird"],"picked":"ShyLook","floor":1},{"not_picked":["locksmith:DarkMagic","locksmith:CripplingDummy"],"picked":"locksmith:SmackSmackBurn","floor":1},{"not_picked":["locksmith:Exploit","locksmith:SoulSucker"],"picked":"locksmith:BuriedCurse","floor":2},{"not_picked":["locksmith:Padlock","locksmith:Curse"],"picked":"locksmith:Grab","floor":3},{"not_picked":["LittlePrince","MeatLantern"],"picked":"CherryBlossoms","floor":4},{"not_picked":["locksmith:SliceSlash","locksmith:SoulSucker"],"picked":"locksmith:BlockAndKey","floor":4},{"not_picked":["locksmith:BuriedCurse","locksmith:DeathGaze"],"picked":"locksmith:Capitalize","floor":5}],"player_experience":1416759,"relics_obtained":[{"floor":3,"key":"hubris:SphereOfDissonance"}],"event_choices":[],"is_beta":false,"boss_relics":[],"items_purged_floors":[],"is_endless":false,"potions_floor_spawned":[2,3],"killed_by":"Hallownest:eliteMossKnight","ascension_level":0}}