{"host":"sav7uxregyirlf69","time":1609228263,"event":{"mods":["AchievementEnabler","BaseMod","Colored Map","DeckTracker","Keyboard Shortcuts","Minty Spire (QoL Compilation)","READ ME - Guardian Mod","StSLib","SuperFastMode"],"gold_per_floor":[118,134,94,19,94,104,134,147,170,70,98,18,18,42,42,129,129,152,152,77,77,77,77,97,97,97,112,125,137,137,155,155,233,260,274,296,296,316,316,316,347,347,372,372,384,92,117,153,153,153,153],"floor_reached":50,"playtime":1306,"items_purged":["Strike_G","Strike_G","Venomology+1"],"score":1054,"play_id":"d9979237-bc05-4777-a4e0-3039232d9b44","local_time":"20201229165103","is_ascension_mode":true,"campfire_choices":[{"data":"Catalyst","floor":13.0,"key":"SMITH"},{"data":"Noxious Fumes","floor":15.0,"key":"SMITH"},{"data":"Well Laid Plans","floor":23.0,"key":"SMITH"},{"data":"Adrenaline","floor":25.0,"key":"SMITH"},{"floor":30.0,"key":"REST"},{"floor":32.0,"key":"REST"},{"data":"Backflip","floor":40.0,"key":"SMITH"},{"floor":42.0,"key":"REST"},{"data":"PiercingWail","floor":44.0,"key":"SMITH"},{"floor":49.0,"key":"RECALL"}],"circlet_count":0,"master_deck":["AscendersBane","Defend_G","Defend_G","Survivor","Neutralize","Bouncing Flask","Dagger Throw","Noxious Fumes+1","Backflip+1","Catalyst+1","Well Laid Plans+1","Adrenaline+1","PiercingWail+1","Grand Finale","Bouncing Flask+1","Acrobatics","Expertise","Tactician"],"relics":["Ring of the Snake","Lantern","CeramicFish","Sozu","Turnip","Astrolabe","Happy Flower","MealTicket","Lee\u0027s Waffle","Anchor"],"acts_visited":["Exordium","TheCity","TheBeyond"],"potions_floor_usage":[],"damage_taken":[{"damage":3.0,"enemies":"Cultist","floor":1.0,"turns":4.0},{"damage":2.0,"enemies":"2 Louse","floor":2.0,"turns":5.0},{"damage":1.0,"enemies":"Small Slimes","floor":6.0,"turns":3.0},{"damage":2.0,"enemies":"Lagavulin","floor":7.0,"turns":5.0},{"damage":0.0,"enemies":"2 Fungi Beasts","floor":8.0,"turns":3.0},{"damage":7.0,"enemies":"Blue Slaver","floor":11.0,"turns":4.0},{"damage":0.0,"enemies":"Lots of Slimes","floor":14.0,"turns":3.0},{"damage":8.0,"enemies":"The Guardian","floor":16.0,"turns":6.0},{"damage":18.0,"enemies":"2 Thieves","floor":18.0,"turns":3.0},{"damage":1.0,"enemies":"3 Byrds","floor":24.0,"turns":4.0},{"damage":11.0,"enemies":"Shelled Parasite and Fungi","floor":27.0,"turns":5.0},{"damage":8.0,"enemies":"Centurion and Healer","floor":28.0,"turns":6.0},{"damage":12.0,"enemies":"Snake Plant","floor":29.0,"turns":5.0},{"damage":48.0,"enemies":"Champ","floor":33.0,"turns":10.0},{"damage":0.0,"enemies":"3 Darklings","floor":35.0,"turns":2.0},{"damage":19.0,"enemies":"3 Shapes","floor":36.0,"turns":2.0},{"damage":18.0,"enemies":"Writhing Mass","floor":38.0,"turns":3.0},{"damage":35.0,"enemies":"Nemesis","floor":41.0,"turns":5.0},{"damage":12.0,"enemies":"Sphere and 2 Shapes","floor":45.0,"turns":5.0},{"damage":32.0,"enemies":"4 Shapes","floor":47.0,"turns":4.0},{"damage":8.0,"enemies":"Reptomancer","floor":48.0,"turns":4.0},{"damage":35,"enemies":"Awakened One","floor":50,"turns":9}],"seed_played":"6337372740644311778","potions_obtained":[{"floor":2.0,"key":"PowerPotion"},{"floor":3.0,"key":"Fruit Juice"},{"floor":3.0,"key":"DuplicationPotion"},{"floor":8.0,"key":"Explosive Potion"},{"floor":14.0,"key":"DistilledChaos"},{"floor":16.0,"key":"GamblersBrew"}],"is_trial":false,"path_per_floor":["M","M","?","$","?","M","E","M","T","$","M","$","R","M","R","B",null,"M","?","?","?","$","R","M","R","T","M","M","M","R","?","R","B",null,"M","M","?","M","?","R","E","R","T","R","M","$","M","E","R","B"],"character_chosen":"THE_SILENT","items_purchased":["Catalyst","Lee\u0027s Waffle"],"campfire_rested":3,"item_purchase_floors":[12,46],"current_hp_per_floor":[41,39,44,44,33,32,30,30,30,30,23,23,23,23,23,15,57,39,39,39,39,39,39,38,38,38,27,19,7,28,28,49,1,54,54,35,35,17,58,58,23,40,40,40,28,65,33,25,25,0,0],"gold":153,"neow_bonus":"REMOVE_TWO","is_daily":false,"chose_seed":false,"campfire_upgraded":6,"win_rate":0.0,"timestamp":1609228263,"path_taken":["M","M","?","?","?","M","E","M","T","$","M","$","R","M","R","BOSS","M","?","?","?","?","R","M","R","T","?","M","M","R","?","R","BOSS","M","M","?","?","?","R","E","R","T","R","M","?","M","E","R","BOSS"],"items_purchased_type":["Card","Relic"],"build_version":"2020-12-22","purchased_purges":3,"victory":false,"max_hp_per_floor":[66,66,71,71,71,71,71,71,71,71,71,71,71,71,71,71,71,71,71,71,71,71,71,71,71,71,71,71,71,71,71,71,71,71,71,71,71,71,58,58,58,58,58,58,58,65,65,65,65,65,65],"card_choices":[{"not_picked":["Bane","Masterful Stab"],"picked":"Bouncing Flask","floor":1.0},{"not_picked":["Blade Dance","Bane"],"picked":"Dagger Spray","floor":2.0},{"not_picked":["Flying Knee","Heel Hook"],"picked":"Dagger Throw","floor":6.0},{"not_picked":["Skewer","Terror"],"picked":"Noxious Fumes","floor":7.0},{"not_picked":["Sucker Punch","Quick Slash","Wraith Form v2"],"picked":"SKIP","floor":8.0},{"not_picked":["Quick Slash","Cloak And Dagger"],"picked":"Backflip","floor":11.0},{"not_picked":["All Out Attack","PiercingWail"],"picked":"Well Laid Plans","floor":14.0},{"not_picked":["Unload","Die Die Die"],"picked":"Adrenaline","floor":16.0},{"not_picked":["Dagger Spray","Sucker Punch"],"picked":"PiercingWail","floor":18.0},{"not_picked":["Acrobatics+1","Expertise","Flying Knee"],"picked":"SKIP","floor":24.0},{"not_picked":["Distraction","Endless Agony","Underhanded Strike"],"picked":"SKIP","floor":27.0},{"not_picked":["Quick Slash","Underhanded Strike","Flechettes"],"picked":"SKIP","floor":28.0},{"not_picked":["Cloak And Dagger","Outmaneuver","Riddle With Holes"],"picked":"SKIP","floor":29.0},{"not_picked":["Blur","Poisoned Stab","Bouncing Flask"],"picked":"SKIP","floor":35.0},{"not_picked":["Dagger Spray","Sucker Punch"],"picked":"Acrobatics","floor":36.0},{"not_picked":["Noxious Fumes","Dagger Throw","Cloak And Dagger"],"picked":"SKIP","floor":38.0},{"not_picked":["Glass Knife","Skewer","Setup"],"picked":"SKIP","floor":41.0},{"not_picked":["Sucker Punch+1","Backflip","Dodge and Roll"],"picked":"SKIP","floor":45.0},{"not_picked":["Quick Slash+1","Bouncing Flask"],"picked":"Expertise","floor":47.0},{"not_picked":["After Image","Flying Knee"],"picked":"Tactician","floor":48.0}],"player_experience":1043466,"relics_obtained":[{"floor":7.0,"key":"Lantern"},{"floor":9.0,"key":"CeramicFish"},{"floor":26.0,"key":"Turnip"},{"floor":41.0,"key":"MealTicket"},{"floor":48.0,"key":"Anchor"}],"event_choices":[{"damage_healed":0.0,"max_hp_gain":0.0,"max_hp_loss":0.0,"gold_gain":0.0,"event_name":"The Woman in Blue","player_choice":"Bought 3 Potions","floor":3.0,"gold_loss":0.0,"damage_taken":0.0},{"damage_healed":0.0,"max_hp_gain":0.0,"max_hp_loss":0.0,"gold_gain":75.0,"event_name":"World of Goop","player_choice":"Gather Gold","floor":5.0,"gold_loss":0.0,"damage_taken":11.0},{"damage_healed":0.0,"max_hp_gain":0.0,"max_hp_loss":0.0,"gold_gain":0.0,"event_name":"Cursed Tome","player_choice":"Ignored","floor":19.0,"gold_loss":0.0,"damage_taken":0.0},{"cards_removed":["Defend_G"],"damage_healed":0.0,"max_hp_gain":0.0,"max_hp_loss":0.0,"gold_gain":0.0,"event_name":"Beggar","player_choice":"Gave Gold","floor":20.0,"gold_loss":75.0,"damage_taken":0.0},{"damage_healed":0.0,"max_hp_gain":0.0,"max_hp_loss":0.0,"gold_gain":0.0,"cards_transformed":["Strike_G","Strike_G"],"event_name":"Drug Dealer","player_choice":"Became Test Subject","floor":31.0,"gold_loss":0.0,"damage_taken":0.0,"cards_obtained":["Sucker Punch","Grand Finale"]},{"cards_removed":["Masterful Stab"],"damage_healed":0.0,"max_hp_gain":0.0,"max_hp_loss":0.0,"gold_gain":0.0,"event_name":"WeMeetAgain","player_choice":"Gave Card","floor":37.0,"gold_loss":0.0,"damage_taken":0.0,"relics_obtained":["Happy Flower"]},{"damage_healed":58.0,"max_hp_gain":0.0,"max_hp_loss":13.0,"gold_gain":0.0,"event_name":"The Moai Head","player_choice":"Heal","floor":39.0,"gold_loss":0.0,"damage_taken":0.0}],"is_beta":false,"boss_relics":[{"not_picked":["Empty Cage","Calling Bell"],"picked":"Sozu"},{"not_picked":["Pandora\u0027s Box","Velvet Choker"],"picked":"Astrolabe"}],"items_purged_floors":[4,10,46],"is_endless":false,"potions_floor_spawned":[2,8,14,16,24,27,29,45,47],"killed_by":"Awakened One","ascension_level":20}}