{"host":"4cz9gr89nglr7k8k","time":1609250706,"event":{"mods":["BaseMod","Minty Spire (QoL Compilation)","Relic Stats","Slay-I"],"gold_per_floor":[113,113,113,125,142,142,157,189,189,25,75,25,25,35,35,113,163,174,7,22,72,72,72,72,87,87,106,106,1,1,18,18,18,18],"floor_reached":33,"playtime":961,"items_purged":[],"score":494,"play_id":"158b69d9-52f0-46ed-bc6a-4c2a8cff47d4","local_time":"20201229150506","is_ascension_mode":true,"campfire_choices":[{"data":"Ghostly Armor","floor":6,"key":"SMITH"},{"floor":15,"key":"REST"},{"data":"Flex","floor":23,"key":"SMITH"},{"floor":30,"key":"REST"},{"floor":32,"key":"REST"}],"circlet_count":0,"master_deck":["AscendersBane","Strike_R+1","Strike_R+1","Strike_R+1","Strike_R+1","Defend_R+1","Defend_R+1","Defend_R+1","Defend_R+1","Bash","Cleave","Ghostly Armor+1","Heavy Blade+1","Headbutt+1","Twin Strike+1","Whirlwind+1","Pommel Strike+1","Feed+1","Reaper+1","Clash+1","Cleave+1","Flex+1","Immolate+1","Metallicize","Dramatic Entrance+1","Flex"],"relics":["Burning Blood","Regal Pillow","Molten Egg 2","Torii","TungstenRod","Red Skull","Blood Vial","Tiny House","Lee\u0027s Waffle","Sundial"],"acts_visited":["Exordium","TheCity"],"potions_floor_usage":[16,28,33],"damage_taken":[{"damage":8,"enemies":"2 Louse","floor":1,"turns":4},{"damage":1,"enemies":"Cultist","floor":4,"turns":4},{"damage":9,"enemies":"Jaw Worm","floor":5,"turns":4},{"damage":15,"enemies":"Lots of Slimes","floor":7,"turns":5},{"damage":40,"enemies":"3 Sentries","floor":8,"turns":8},{"damage":0,"enemies":"Looter","floor":14,"turns":2},{"damage":53,"enemies":"The Guardian","floor":16,"turns":13},{"damage":40,"enemies":"Shell Parasite","floor":18,"turns":6},{"damage":29,"enemies":"Chosen","floor":20,"turns":5},{"damage":36,"enemies":"Sentry and Sphere","floor":25,"turns":9},{"damage":22,"enemies":"Chosen and Byrds","floor":27,"turns":5},{"damage":0,"enemies":"Snecko","floor":28,"turns":2},{"damage":63,"enemies":"Shelled Parasite and Fungi","floor":31,"turns":5},{"damage":86,"enemies":"Automaton","floor":33,"turns":8}],"seed_played":"4633106720471104589","potions_obtained":[{"floor":14,"key":"Weak Potion"},{"floor":16,"key":"BlessingOfTheForge"},{"floor":17,"key":"GamblersBrew"},{"floor":25,"key":"SmokeBomb"},{"floor":27,"key":"SteroidPotion"}],"is_trial":false,"path_per_floor":["M","?","?","M","M","R","M","E","T","$","T","$","$","M","R","B",null,"M","$","M","?","?","R","?","M","T","M","M","$","R","M","R","B"],"character_chosen":"IRONCLAD","items_purchased":["Red Skull","Pommel Strike+1","Lee\u0027s Waffle","Dramatic Entrance+1"],"campfire_rested":3,"item_purchase_floors":[10,12,19,29],"current_hp_per_floor":[66,61,61,66,63,63,54,20,20,20,20,20,20,28,65,20,66,37,87,64,64,81,81,81,57,57,43,51,51,91,39,81,0,0],"gold":18,"neow_bonus":"RANDOM_COMMON_RELIC","is_daily":false,"chose_seed":false,"campfire_upgraded":2,"win_rate":0.0,"timestamp":1609250706,"path_taken":["M","?","?","?","M","R","M","E","T","$","?","?","$","M","R","BOSS","M","$","?","?","?","R","?","M","T","M","M","$","R","M","R","BOSS"],"items_purchased_type":["Relic","Card","Relic","Card"],"build_version":"2020-12-22","purchased_purges":0,"victory":false,"max_hp_per_floor":[75,75,75,75,75,75,75,75,75,75,75,75,75,75,75,75,80,80,87,87,87,87,87,87,91,91,91,91,91,91,91,91,91,91],"relic_stats":{"Blood Vial":14,"Regal Pillow":43,"Lee\u0027s Waffle":50,"Torii":49,"counters":[14,80],"Sundial":[0],"obtain_stats":[{"Blood Vial":11,"Regal Pillow":0,"Lee\u0027s Waffle":19,"Tiny House":17,"Torii":8,"Sundial":26,"Molten Egg 2":2,"Burning Blood":0,"TungstenRod":9,"Red Skull":10},{"Blood Vial":5,"Regal Pillow":0,"Lee\u0027s Waffle":8,"Tiny House":7,"Torii":5,"Sundial":10,"Molten Egg 2":1,"Burning Blood":0,"TungstenRod":5,"Red Skull":5},{"Blood Vial":25,"Regal Pillow":0,"Lee\u0027s Waffle":46,"Tiny House":40,"Torii":25,"Sundial":60,"Molten Egg 2":4,"Burning Blood":0,"TungstenRod":25,"Red Skull":25}],"Burning Blood":78,"TungstenRod":49},"card_choices":[{"not_picked":["Havoc","Iron Wave"],"picked":"Cleave","floor":1},{"not_picked":["Armaments","Twin Strike+1"],"picked":"Heavy Blade+1","floor":4},{"not_picked":["Feel No Pain","Ghostly Armor"],"picked":"Headbutt+1","floor":5},{"not_picked":["Headbutt+1","Iron Wave+1"],"picked":"Twin Strike+1","floor":7},{"not_picked":["Ghostly Armor","Fire Breathing"],"picked":"Whirlwind+1","floor":8},{"not_picked":["Warcry","Thunderclap+1"],"picked":"Feed+1","floor":14},{"not_picked":["Bludgeon+1","Brutality"],"picked":"Reaper+1","floor":16},{"not_picked":["Whirlwind+1","Flex"],"picked":"Clash+1","floor":17},{"not_picked":["Reckless Charge+1","Evolve"],"picked":"Cleave+1","floor":18},{"not_picked":["Uppercut+1","Cleave+1"],"picked":"Flex","floor":20},{"not_picked":["Cleave+1","Burning Pact"],"picked":"Immolate+1","floor":25},{"not_picked":["True Grit","Disarm"],"picked":"Metallicize","floor":27},{"not_picked":["Second Wind","Shrug It Off"],"picked":"Flex","floor":31}],"player_experience":1469356,"relics_obtained":[{"floor":8,"key":"Torii"},{"floor":9,"key":"TungstenRod"},{"floor":11,"key":"Blood Vial"},{"floor":26,"key":"Sundial"}],"event_choices":[{"damage_healed":0,"gold_gain":0,"player_choice":"Success","damage_taken":5,"relics_obtained":["Molten Egg 2"],"max_hp_gain":0,"max_hp_loss":0,"event_name":"Scrap Ooze","floor":2,"gold_loss":0},{"damage_healed":0,"gold_gain":0,"cards_transformed":["Strike_R"],"player_choice":"Transformed","damage_taken":0,"max_hp_gain":0,"max_hp_loss":0,"event_name":"Transmorgrifier","floor":3,"gold_loss":0,"cards_obtained":["Ghostly Armor"]},{"damage_healed":0,"gold_gain":50,"player_choice":"Stole From Cult","damage_taken":0,"max_hp_gain":0,"max_hp_loss":0,"event_name":"Nest","floor":21,"gold_loss":0},{"damage_healed":17,"gold_gain":0,"player_choice":"Heal","damage_taken":0,"max_hp_gain":0,"max_hp_loss":0,"event_name":"The Library","floor":22,"gold_loss":0},{"damage_healed":0,"gold_gain":0,"player_choice":"Simplicity","damage_taken":0,"max_hp_gain":0,"max_hp_loss":0,"event_name":"Back to Basics","floor":24,"gold_loss":0,"cards_upgraded":["Strike_R","Strike_R","Strike_R","Defend_R","Defend_R","Defend_R","Defend_R"]}],"is_beta":false,"boss_relics":[{"not_picked":["Empty Cage","Coffee Dripper"],"picked":"Tiny House"}],"items_purged_floors":[],"is_endless":false,"potions_floor_spawned":[14,16,25,27],"killed_by":"Automaton","ascension_level":20}}