{"host":"jxajaf4sdikd2b60","time":1609218138,"event":{"mods":["2.2 Compatiblity","AchievementEnabler","BaseMod","Better Altar","Better Match","Better Note","Better Sensory Stone","Better Skull","Better Third Choice","Better Vampires","BetterRewards","Colored Powertips","Minty Spire (QoL Compilation)","Permanent Neow","Quick Restart","Relic Stats","Slay-I","Spicy Shops","StSLib","Transform Curses"],"gold_per_floor":[110,185,185,150,164,164,195,195,222,97,97,109,135,135,135,248,248,276,64,64,76,96,96,96,125,125,125,161,170,170,222,222,334,334,344,357,377,377,390,390,123,141,165,213,14,14,14,24,24,24],"floor_reached":51,"playtime":4801,"items_purged":["Strike_G","Strike_G","Strike_G","Defend_G","Defend_G"],"score":1118,"play_id":"e4367f94-9744-493f-88bf-e1fd7606e769","local_time":"20201229000218","is_ascension_mode":true,"campfire_choices":[{"data":"Accuracy","floor":6.0,"key":"SMITH"},{"floor":11.0,"key":"REST"},{"data":"Footwork","floor":15.0,"key":"SMITH"},{"data":"Accuracy","floor":23.0,"key":"SMITH"},{"data":"Cloak And Dagger","floor":27.0,"key":"SMITH"},{"data":"Neutralize","floor":32.0,"key":"SMITH"},{"data":"Envenom","floor":40.0,"key":"SMITH"},{"floor":46,"key":"DIG"},{"floor":49,"key":"DIG"}],"circlet_count":0,"master_deck":["Defend_G","Defend_G","Defend_G","Neutralize+1","Footwork+1","Accuracy+1","Cloak And Dagger+1","Blade Dance+1","Dual Wield+1","Deflect+1","Escape Plan+1","Dodge and Roll+1","Adrenaline+1","Accuracy+1","Escape Plan+1","Dodge and Roll+1","Blur+1","Cloak And Dagger+1","Envenom+1","Blade Dance+1"],"relics":["Ring of the Snake","Snake Skull","Membership Card","Paper Crane","Toxic Egg 2","CeramicFish","Empty Cage","Ninja Scroll","Bottled Tornado","Lantern","Singing Bowl","Kunai","MutagenicStrength","Vajra","SlaversCollar","InkBottle","DollysMirror","PrismaticShard","Omamori","Shovel","Frozen Eye","Bronze Scales","Art of War"],"acts_visited":["Exordium","TheCity","TheBeyond"],"potions_floor_usage":[],"damage_taken":[{"damage":0.0,"enemies":"2 Louse","floor":1.0,"turns":4.0},{"damage":0.0,"enemies":"Jaw Worm","floor":5.0,"turns":4.0},{"damage":7.0,"enemies":"3 Sentries","floor":7.0,"turns":7.0},{"damage":0.0,"enemies":"Small Slimes","floor":12.0,"turns":4.0},{"damage":0.0,"enemies":"Looter","floor":13.0,"turns":2.0},{"damage":0.0,"enemies":"Slime Boss","floor":16.0,"turns":8.0},{"damage":5.0,"enemies":"2 Thieves","floor":18.0,"turns":4.0},{"damage":0.0,"enemies":"Chosen","floor":21.0,"turns":4.0},{"damage":0.0,"enemies":"Sentry and Sphere","floor":22.0,"turns":4.0},{"damage":0.0,"enemies":"Book of Stabbing","floor":25.0,"turns":5.0},{"damage":0.0,"enemies":"Slavers","floor":28.0,"turns":4.0},{"damage":0.0,"enemies":"Collector","floor":33.0,"turns":4.0},{"damage":0.0,"enemies":"3 Shapes","floor":35.0,"turns":2.0},{"damage":0.0,"enemies":"Orb Walker","floor":36.0,"turns":1.0},{"damage":0.0,"enemies":"Writhing Mass","floor":37.0,"turns":4.0},{"damage":0.0,"enemies":"Sphere and 2 Shapes","floor":39.0,"turns":2.0},{"damage":0.0,"enemies":"3 Darklings","floor":42.0,"turns":1.0},{"damage":0,"enemies":"2 Orb Walkers","floor":44,"turns":2},{"damage":0,"enemies":"4 Shapes","floor":48,"turns":2},{"damage":10,"enemies":"Awakened One","floor":50,"turns":5}],"seed_played":"-4867330992812476010","potions_obtained":[{"floor":5.0,"key":"Strength Potion"},{"floor":13.0,"key":"DuplicationPotion"},{"floor":21.0,"key":"Fire Potion"},{"floor":39.0,"key":"SmokeBomb"},{"floor":48,"key":"Strength Potion"}],"is_trial":false,"path_per_floor":["M","?","?","?","M","R","E","?","T","$","R","M","M","?","R","B",null,"M","$","?","M","M","R","?","E","T","R","E","?","?","T","R","B",null,"M","M","M","?","M","R","$","M","T","?","$","R","?","M","R","B",null],"character_chosen":"THE_SILENT","items_purchased":["Footwork","Snake Skull","Accuracy","Cloak And Dagger","Membership Card","Paper Crane","Deflect+1","Escape Plan+1","Ninja Scroll","Bottled Tornado","Escape Plan+1","InkBottle","DollysMirror","PrismaticShard","Frozen Eye"],"campfire_rested":1,"item_purchase_floors":[0,0,0,0,0,0,10,10,19,19,19,41,41,41,45],"current_hp_per_floor":[31,20,13,30,30,30,23,18,18,18,39,39,39,39,39,39,62,57,57,57,57,57,57,57,57,57,57,57,57,57,57,57,57,67,69,71,73,73,75,75,75,77,77,79,79,79,79,81,81,71],"gold":24,"neow_bonus":"","is_daily":false,"chose_seed":false,"campfire_upgraded":6,"win_rate":0.0,"timestamp":1609218138,"path_taken":["M","?","?","?","M","R","E","?","T","?","R","M","M","?","R","BOSS","M","$","?","M","M","R","?","E","T","R","E","?","?","?","R","BOSS","M","?","?","?","M","R","$","?","T","?","?","R","?","?","R","BOSS"],"items_purchased_type":["Card","Relic","Card","Card","Relic","Relic","Card","Card","Relic","Relic","Card","Relic","Relic","Relic","Relic"],"build_version":"2020-12-22","purchased_purges":5,"victory":true,"max_hp_per_floor":[70,70,70,70,70,70,70,70,70,70,70,70,70,70,70,70,70,70,70,70,70,70,70,70,70,70,70,70,70,70,70,70,70,70,72,74,76,73,75,75,75,77,77,79,79,79,79,81,81,81],"relic_stats":{"Shovel":2,"Singing Bowl":14,"counters":[20,73],"CeramicFish":108,"Bronze Scales":[21],"Snake Skull":[18],"Art of War":[0],"Kunai":[30],"obtain_stats":[{"Lantern":25,"Singing Bowl":26,"CeramicFish":9,"Vajra":31,"Snake Skull":0,"Omamori":43,"Paper Crane":0,"Bottled Tornado":19,"Empty Cage":17,"PrismaticShard":41,"SlaversCollar":34,"Frozen Eye":45,"Shovel":44,"Ninja Scroll":19,"DollysMirror":41,"MutagenicStrength":30,"Bronze Scales":46,"Art of War":49,"Membership Card":0,"Kunai":28,"Toxic Egg 2":7,"InkBottle":41,"Ring of the Snake":0},{"Lantern":10,"Singing Bowl":10,"CeramicFish":3,"Vajra":11,"Snake Skull":0,"Omamori":17,"Paper Crane":0,"Bottled Tornado":7,"Empty Cage":6,"PrismaticShard":16,"SlaversCollar":12,"Frozen Eye":18,"Shovel":18,"Ninja Scroll":7,"DollysMirror":16,"MutagenicStrength":11,"Bronze Scales":18,"Art of War":19,"Membership Card":0,"Kunai":11,"Toxic Egg 2":3,"InkBottle":16,"Ring of the Snake":0},{"Lantern":46,"Singing Bowl":46,"CeramicFish":15,"Vajra":50,"Snake Skull":0,"Omamori":64,"Paper Crane":0,"Bottled Tornado":33,"Empty Cage":29,"PrismaticShard":63,"SlaversCollar":54,"Frozen Eye":66,"Shovel":66,"Ninja Scroll":33,"DollysMirror":63,"MutagenicStrength":50,"Bronze Scales":66,"Art of War":68,"Membership Card":0,"Kunai":50,"Toxic Egg 2":15,"InkBottle":63,"Ring of the Snake":0}],"InkBottle":[10],"Ring of the Snake":[40]},"card_choices":[{"not_picked":["Skewer","Dagger Throw"],"picked":"Blade Dance","floor":1.0},{"not_picked":["Reflex","Underhanded Strike","Slice"],"picked":"SKIP","floor":5.0},{"not_picked":["Bane","Quick Slash","Masterful Stab"],"picked":"SKIP","floor":7.0},{"not_picked":["Predator","Dagger Spray","Backflip+1"],"picked":"SKIP","floor":12.0},{"not_picked":["Quick Slash","Backstab"],"picked":"Dodge and Roll+1","floor":13.0},{"not_picked":["Bullet Time+1","After Image"],"picked":"Adrenaline+1","floor":16.0},{"not_picked":["Noxious Fumes","Dagger Throw+1"],"picked":"Accuracy","floor":18.0},{"not_picked":["Prepared+1","Reflex+1","Sucker Punch+1"],"picked":"SKIP","floor":21.0},{"not_picked":["Well Laid Plans","Dagger Spray"],"picked":"Dodge and Roll+1","floor":22.0},{"not_picked":["Storm of Steel+1","Outmaneuver+1","Bouncing Flask+1"],"picked":"SKIP","floor":25.0},{"not_picked":["Backstab","Sucker Punch"],"picked":"Blur+1","floor":28.0},{"not_picked":["Bullet Time+1","Venomology+1"],"picked":"Envenom","floor":33.0},{"not_picked":["Flying Knee+1","Deadly Poison+1","Quick Slash"],"picked":"Singing Bowl","floor":35.0},{"not_picked":["PiercingWail+1","Dagger Throw+1","Noxious Fumes"],"picked":"Singing Bowl","floor":36.0},{"not_picked":["Distraction+1","Flying Knee+1","Outmaneuver+1"],"picked":"Singing Bowl","floor":37.0},{"not_picked":["PiercingWail+1","Sucker Punch","Prepared+1"],"picked":"Singing Bowl","floor":39.0},{"not_picked":["Barrage","Double Energy+1","Cold Snap"],"picked":"Singing Bowl","floor":42.0},{"not_picked":["Warcry+1","Juggernaut","Compile Driver+1"],"picked":"Singing Bowl","floor":44},{"not_picked":["Combust+1","CutThroughFate+1","SandsOfTime+1"],"picked":"Singing Bowl","floor":48}],"player_experience":488190,"relics_obtained":[{"floor":7.0,"key":"Toxic Egg 2"},{"floor":9.0,"key":"CeramicFish"},{"floor":25.0,"key":"Lantern"},{"floor":26.0,"key":"Singing Bowl"},{"floor":28.0,"key":"Kunai"},{"floor":31.0,"key":"Vajra"},{"floor":43.0,"key":"Omamori"},{"floor":44,"key":"Shovel"},{"floor":46,"key":"Bronze Scales"},{"floor":49,"key":"Art of War"}],"event_choices":[{"damage_healed":0.0,"max_hp_gain":0.0,"max_hp_loss":0.0,"gold_gain":75.0,"event_name":"betterThird:BetterGoop","player_choice":"Gold","floor":2.0,"gold_loss":0.0,"damage_taken":11.0},{"cards_removed":["Injury"],"damage_healed":0.0,"max_hp_gain":0.0,"max_hp_loss":0.0,"gold_gain":0.0,"event_name":"Golden Wing","player_choice":"Card Removal","floor":3.0,"gold_loss":0.0,"damage_taken":7.0},{"damage_healed":17.0,"max_hp_gain":0.0,"max_hp_loss":0.0,"gold_gain":0.0,"event_name":"The Cleric","player_choice":"Healed","floor":4.0,"gold_loss":35.0,"damage_taken":0.0},{"damage_healed":0.0,"max_hp_gain":0.0,"max_hp_loss":0.0,"gold_gain":0.0,"event_name":"betterThird:BetterScrap","player_choice":"Card ","floor":8.0,"gold_loss":0.0,"damage_taken":5.0,"cards_obtained":["Dual Wield"]},{"damage_healed":0.0,"max_hp_gain":0.0,"max_hp_loss":0.0,"gold_gain":0.0,"event_name":"Upgrade Shrine","player_choice":"Upgraded","floor":14.0,"gold_loss":0.0,"damage_taken":0.0,"cards_upgraded":["Blade Dance"]},{"damage_healed":0.0,"max_hp_gain":0.0,"max_hp_loss":0.0,"gold_gain":0.0,"event_name":"The Mausoleum","player_choice":"Ignored","floor":24.0,"gold_loss":0.0,"damage_taken":0.0},{"damage_healed":0.0,"max_hp_gain":0.0,"max_hp_loss":0.0,"gold_gain":0.0,"event_name":"The Library","player_choice":"Read","floor":29.0,"gold_loss":0.0,"damage_taken":0.0,"cards_obtained":["Cloak And Dagger"]},{"damage_healed":0.0,"max_hp_gain":0.0,"max_hp_loss":0.0,"gold_gain":0.0,"event_name":"Drug Dealer","player_choice":"Inject Mutagens","floor":30.0,"gold_loss":0.0,"damage_taken":0.0,"relics_obtained":["MutagenicStrength"]},{"cards_removed":["Parasite"],"damage_healed":0.0,"max_hp_gain":0.0,"max_hp_loss":0.0,"gold_gain":0.0,"event_name":"Fountain of Cleansing","player_choice":"Removed Curses","floor":38.0,"gold_loss":0.0,"damage_taken":0.0},{"damage_healed":0,"gold_gain":0,"player_choice":"Fight","damage_taken":0,"max_hp_gain":0,"max_hp_loss":0,"event_name":"Mysterious Sphere","floor":44,"gold_loss":0},{"damage_healed":0,"gold_gain":0,"player_choice":"Got Potions","damage_taken":0,"max_hp_gain":0,"max_hp_loss":0,"event_name":"Lab","floor":47,"gold_loss":0}],"is_beta":false,"boss_relics":[{"not_picked":["Runic Pyramid","Snecko Eye"],"picked":"Empty Cage"},{"not_picked":["Runic Dome","SacredBark"],"picked":"SlaversCollar"}],"items_purged_floors":[0,0,10,45,45],"is_endless":false,"potions_floor_spawned":[5,13,21,25,37,39,42,48],"ascension_level":8}}