{"host":"ym6rcswmvw94mcie","time":1609245369,"event":{"mods":["Act Like it!","BaseMod","Downfall","GifTheSpireLib","Hubris","Minty Spire (QoL Compilation)","StSLib","TheBandit"],"gold_per_floor":[115,134,134,134,151,184,202,202,202,228,238,238,263,276,276,276,276,276],"floor_reached":16,"playtime":1561,"items_purged":[],"score":137,"play_id":"67973707-8565-46a9-8f5f-8654754abbf6","local_time":"20201229123609","is_ascension_mode":false,"campfire_choices":[{"data":"wariomod:Leap","floor":8,"key":"SMITH"},{"floor":12,"key":"REST"},{"floor":15,"key":"REST"}],"circlet_count":0,"master_deck":["wariomod:Strike","wariomod:Strike","wariomod:Strike","wariomod:Strike","wariomod:Defend","wariomod:Defend","wariomod:Defend","wariomod:Defend","wariomod:Step","wariomod:Leap+1","wariomod:Leapslam","wariomod:BodyBlock","wariomod:AwfulLook","wariomod:TreasureDig+1","wariomod:DeepDig+1","wariomod:TempestBlasts","wariomod:WhirlwindBurst+1","wariomod:BoomBoom+1"],"relics":["wariomod:TheHat","Toxic Egg 2","Centennial Puzzle","Meat on the Bone","Art of War","Toy Ornithopter"],"acts_visited":["Exordium"],"potions_floor_usage":[5,6,10,16],"damage_taken":[{"damage":9,"enemies":"Cultist","floor":1,"turns":4},{"damage":13,"enemies":"Jaw Worm","floor":2,"turns":3},{"damage":2,"enemies":"Small Slimes","floor":5,"turns":4},{"damage":9,"enemies":"3 Sentries","floor":6,"turns":5},{"damage":0,"enemies":"2 Fungi Beasts","floor":7,"turns":4},{"damage":30,"enemies":"Gremlin Nob","floor":10,"turns":5},{"damage":6,"enemies":"Blue Slaver","floor":11,"turns":3},{"damage":14,"enemies":"Large Slime","floor":14,"turns":5},{"damage":93,"enemies":"Hexaghost","floor":16,"turns":10}],"seed_played":"7780735984990766061","potions_obtained":[{"floor":5,"key":"Fruit Juice"},{"floor":6,"key":"Fruit Juice"},{"floor":7,"key":"Guardian:BlockOnCardUsePotion"},{"floor":11,"key":"Swift Potion"},{"floor":14,"key":"Guardian:BlockOnCardUsePotion"}],"is_trial":false,"path_per_floor":["M","M","T","?","M","E","M","R","T","E","M","R","T","M","R","B"],"character_chosen":"THE_BANDIT","items_purchased":[],"campfire_rested":2,"item_purchase_floors":[],"current_hp_per_floor":[79,66,66,54,57,53,53,53,53,35,41,70,70,56,85,0,0,0],"gold":276,"neow_bonus":"TEN_PERCENT_HP_BONUS","is_daily":false,"chose_seed":false,"campfire_upgraded":1,"win_rate":0.0,"timestamp":1609245369,"path_taken":["M","M","?","?","M","E","M","R","T","E","?","R","?","M","R","BOSS"],"items_purchased_type":[],"build_version":"2020-12-22","purchased_purges":0,"victory":false,"max_hp_per_floor":[88,88,88,88,93,98,98,98,98,98,98,98,98,98,98,98,98,98],"card_choices":[{"not_picked":["wariomod:SpaceSwap","wariomod:DisarmingMoves"],"picked":"wariomod:Leapslam","floor":1},{"not_picked":["wariomod:DanceDash","wariomod:BlastDash"],"picked":"wariomod:BodyBlock","floor":2},{"not_picked":["wariomod:HastyRush+1","wariomod:SpikeSlash"],"picked":"wariomod:AwfulLook","floor":5},{"not_picked":["wariomod:SpacialMastery+1","wariomod:BodyBlock+1"],"picked":"wariomod:TreasureDig+1","floor":6},{"not_picked":["wariomod:SmallSprint","wariomod:Smackflip"],"picked":"wariomod:DeepDig+1","floor":7},{"not_picked":["wariomod:DoubleDash","wariomod:Bombtime+1"],"picked":"wariomod:TempestBlasts","floor":10},{"not_picked":["wariomod:SmallSprint","wariomod:BlastDash"],"picked":"wariomod:WhirlwindBurst+1","floor":11},{"not_picked":["wariomod:DanceDash","wariomod:Bombshield+1"],"picked":"wariomod:BoomBoom+1","floor":14}],"player_experience":148957,"relics_obtained":[{"floor":3,"key":"Toxic Egg 2"},{"floor":6,"key":"Meat on the Bone"},{"floor":10,"key":"Art of War"},{"floor":13,"key":"Toy Ornithopter"}],"event_choices":[{"damage_healed":0,"gold_gain":0,"player_choice":"Success","damage_taken":12,"relics_obtained":["Centennial Puzzle"],"max_hp_gain":0,"max_hp_loss":0,"event_name":"Scrap Ooze","floor":4,"gold_loss":0}],"is_beta":false,"boss_relics":[],"items_purged_floors":[],"is_endless":false,"potions_floor_spawned":[5,6,7,11,14],"killed_by":"Hexaghost","ascension_level":0}}