{"host":"qc268ltokmxwqyrx","time":1609276103,"event":{"mods":["BaseMod","Colored Map","Colored Powertips","Minty Spire (QoL Compilation)","Relic Stats","Slay the Relics Exporter","StSLib","ojb\u0027s Info Mod"],"gold_per_floor":[118,43,43,43,54,88,105,132,157,198,224,236,236],"floor_reached":12,"playtime":650,"items_purged":[],"score":246,"play_id":"c1db5016-e6e0-4428-8fb4-63b413d82696","local_time":"20201229150823","is_ascension_mode":true,"campfire_choices":[],"circlet_count":0,"master_deck":["AscendersBane","Strike_G","Strike_G","Strike_G","Strike_G","Defend_G","Defend_G","Defend_G","Defend_G","Defend_G","Survivor","Neutralize","Masterful Stab+1","Dagger Throw","Skewer","Choke","Dagger Spray","PiercingWail","Caltrops"],"relics":["Ring of the Snake","NeowsBlessing","Dream Catcher","Art of War","MawBank","Bird Faced Urn"],"acts_visited":["Exordium"],"potions_floor_usage":[8,10,10],"damage_taken":[{"damage":0,"enemies":"Jaw Worm","floor":1,"turns":1},{"damage":0,"enemies":"Small Slimes","floor":5,"turns":1},{"damage":0,"enemies":"3 Sentries","floor":6,"turns":1},{"damage":0,"enemies":"Cultist","floor":7,"turns":3},{"damage":6,"enemies":"Gremlin Nob","floor":8,"turns":3},{"damage":30,"enemies":"Lagavulin","floor":10,"turns":6},{"damage":4,"enemies":"3 Louse","floor":11,"turns":3},{"damage":21,"enemies":"3 Sentries","floor":12,"turns":5}],"seed_played":"-4193603012753673969","potions_obtained":[{"floor":1,"key":"BlessingOfTheForge"},{"floor":5,"key":"ColorlessPotion"},{"floor":8,"key":"LiquidMemories"}],"is_trial":false,"path_per_floor":["M","?","?","?","M","E","M","E","T","E","M","E"],"character_chosen":"THE_SILENT","items_purchased":[],"campfire_rested":0,"item_purchase_floors":[],"current_hp_per_floor":[59,59,59,59,59,59,59,53,53,23,19,0,0],"gold":236,"neow_bonus":"THREE_ENEMY_KILL","is_daily":false,"chose_seed":false,"campfire_upgraded":0,"win_rate":0.0,"timestamp":1609276103,"path_taken":["M","?","?","?","M","E","M","E","T","E","M","E"],"items_purchased_type":[],"build_version":"2020-12-22","purchased_purges":0,"victory":false,"max_hp_per_floor":[66,66,66,66,66,66,66,66,66,66,66,66,66],"relic_stats":{"Dream Catcher":0,"counters":[8,23],"Bird Faced Urn":[2],"Art of War":[2],"MawBank":36,"obtain_stats":[{"Dream Catcher":6,"NeowsBlessing":0,"Bird Faced Urn":10,"Art of War":8,"MawBank":9,"Ring of the Snake":0},{"Dream Catcher":3,"NeowsBlessing":0,"Bird Faced Urn":6,"Art of War":5,"MawBank":5,"Ring of the Snake":0},{"Dream Catcher":3,"NeowsBlessing":0,"Bird Faced Urn":15,"Art of War":9,"MawBank":9,"Ring of the Snake":0}],"Ring of the Snake":[16]},"card_choices":[{"not_picked":["Leg Sweep","Slice"],"picked":"Masterful Stab","floor":1},{"not_picked":["Backflip","Sucker Punch"],"picked":"Dagger Throw","floor":5},{"not_picked":["Dodge and Roll","Bane"],"picked":"Skewer","floor":6},{"not_picked":["Endless Agony","Backflip"],"picked":"Choke","floor":7},{"not_picked":["Eviscerate","Flying Knee"],"picked":"Dagger Spray","floor":8},{"not_picked":["Masterful Stab","Dagger Spray"],"picked":"PiercingWail","floor":10},{"not_picked":["Crippling Poison","Deflect"],"picked":"Caltrops","floor":11}],"player_experience":1748487,"relics_obtained":[{"floor":6,"key":"Dream Catcher"},{"floor":8,"key":"Art of War"},{"floor":9,"key":"MawBank"},{"floor":10,"key":"Bird Faced Urn"}],"event_choices":[{"cards_removed":["Strike_G"],"damage_healed":0,"gold_gain":0,"player_choice":"Card Removal","damage_taken":0,"max_hp_gain":0,"max_hp_loss":0,"event_name":"The Cleric","floor":2,"gold_loss":75},{"damage_healed":0,"gold_gain":0,"player_choice":"Ignored","damage_taken":0,"max_hp_gain":0,"max_hp_loss":0,"event_name":"Liars Game","floor":3,"gold_loss":0},{"damage_healed":0,"gold_gain":0,"player_choice":"Grow","damage_taken":0,"max_hp_gain":0,"max_hp_loss":0,"event_name":"Living Wall","floor":4,"gold_loss":0,"cards_upgraded":["Masterful Stab"]}],"is_beta":false,"boss_relics":[],"items_purged_floors":[],"is_endless":false,"potions_floor_spawned":[1,5,8],"killed_by":"3 Sentries","ascension_level":20}}