{"host":"1v94wza6sq30pv3l","time":1609219712,"event":{"mods":["AchievementEnabler","BaseMod","Highlight Path","Minty Spire (QoL Compilation)"],"gold_per_floor":[359,51,1,12,22,49,49,59,59,91,91,124,199,219,219,315,315,327,327,346,362,395,395,423,423,423,439,439,189,208,307,307,409,409,421,421,438,451,465,496,496,526,526,526,166,166,186,205,205,205,205],"floor_reached":50,"playtime":2743,"items_purged":["Strike_P","Strike_P","Defend_P"],"score":698,"play_id":"b75785e9-51ca-4805-afe4-f83f921c9d59","local_time":"20201229002832","is_ascension_mode":true,"campfire_choices":[{"floor":7,"key":"REST"},{"data":"Halt","floor":11,"key":"SMITH"},{"floor":15,"key":"REST"},{"floor":23,"key":"REST"},{"data":"WheelKick","floor":25,"key":"SMITH"},{"floor":28,"key":"REST"},{"floor":32,"key":"REST"},{"data":"Ghostly","floor":41,"key":"SMITH"},{"floor":44,"key":"REST"},{"data":"Ghostly","floor":46,"key":"SMITH"},{"floor":49,"key":"REST"}],"circlet_count":0,"master_deck":["Strike_P","Strike_P","Defend_P","Defend_P","Eruption","Vigilance","JustLucky","Tantrum","Halt+1","CutThroughFate","Weave+1","BattleHymn+1","MentalFortress+1","FlurryOfBlows","WheelKick+1","Devotion+1","CarveReality+1","Ghostly+1","Ghostly+1","Ghostly","Ghostly","Ghostly","FollowUp","Vault","FollowUp","CutThroughFate+1","Tantrum+1","Perseverance","TalkToTheHand","Prostrate+1","JustLucky+1","LikeWater+1","WheelKick+1","Evaluate+1"],"relics":["PureWater","Pen Nib","Frozen Egg 2","StoneCalendar","Lizard Tail","Lantern","SlaversCollar","Red Mask","Strawberry","TheAbacus","Runic Pyramid","Potion Belt","Boot","Omamori","Whetstone"],"acts_visited":["Exordium","TheCity","TheBeyond"],"potions_floor_usage":[10,18,27,42,47,50,50,50],"damage_taken":[{"damage":0,"enemies":"Small Slimes","floor":1,"turns":4},{"damage":0,"enemies":"2 Louse","floor":4,"turns":2},{"damage":0,"enemies":"Jaw Worm","floor":5,"turns":3},{"damage":38,"enemies":"Gremlin Nob","floor":6,"turns":4},{"damage":0,"enemies":"Exordium Wildlife","floor":8,"turns":1},{"damage":1,"enemies":"3 Sentries","floor":10,"turns":4},{"damage":0,"enemies":"Lagavulin","floor":12,"turns":3},{"damage":0,"enemies":"3 Louse","floor":14,"turns":2},{"damage":25,"enemies":"Hexaghost","floor":16,"turns":5},{"damage":28,"enemies":"2 Thieves","floor":18,"turns":4},{"damage":7,"enemies":"3 Byrds","floor":20,"turns":3},{"damage":6,"enemies":"Centurion and Healer","floor":21,"turns":4},{"damage":18,"enemies":"Masked Bandits","floor":22,"turns":6},{"damage":0,"enemies":"Gremlin Leader","floor":24,"turns":4},{"damage":14,"enemies":"Sentry and Sphere","floor":27,"turns":4},{"damage":2,"enemies":"Shelled Parasite and Fungi","floor":30,"turns":4},{"damage":3,"enemies":"Collector","floor":33,"turns":5},{"damage":5,"enemies":"3 Shapes","floor":35,"turns":3},{"damage":2,"enemies":"Orb Walker","floor":37,"turns":3},{"damage":14,"enemies":"Maw","floor":38,"turns":7},{"damage":27,"enemies":"Spire Growth","floor":39,"turns":4},{"damage":0,"enemies":"Nemesis","floor":40,"turns":6},{"damage":5,"enemies":"Giant Head","floor":42,"turns":6},{"damage":3,"enemies":"Jaw Worm Horde","floor":47,"turns":3},{"damage":0,"enemies":"Transient","floor":48,"turns":5},{"damage":41,"enemies":"Time Eater","floor":50,"turns":5}],"seed_played":"-4299329926875606303","potions_obtained":[{"floor":1,"key":"SkillPotion"},{"floor":5,"key":"SpeedPotion"},{"floor":8,"key":"AttackPotion"},{"floor":20,"key":"BlessingOfTheForge"},{"floor":22,"key":"SteroidPotion"},{"floor":27,"key":"PowerPotion"},{"floor":30,"key":"Swift Potion"},{"floor":40,"key":"Ancient Potion"},{"floor":42,"key":"AttackPotion"},{"floor":47,"key":"Energy Potion"}],"is_trial":false,"path_per_floor":["M","$","?","M","M","E","R","M","T","E","R","E","?","M","R","B",null,"M","?","M","M","?","R","E","R","T","M","R","$","M","?","R","B",null,"M","?","M","M","M","E","R","E","T","R","$","R","M","M","R","B"],"character_chosen":"WATCHER","items_purchased":["Pen Nib","Tantrum","TheAbacus","Whetstone","LikeWater+1"],"campfire_rested":7,"item_purchase_floors":[2,2,29,45,45],"current_hp_per_floor":[65,65,65,65,65,27,46,46,46,45,45,45,34,34,53,28,65,37,32,25,19,1,10,17,17,17,3,14,14,12,12,23,20,39,34,34,32,18,18,18,18,13,13,24,24,24,21,21,32,0,0],"gold":205,"neow_bonus":"TWO_FIFTY_GOLD","is_daily":false,"chose_seed":false,"campfire_upgraded":4,"win_rate":0.0,"timestamp":1609219712,"path_taken":["M","$","?","M","M","E","R","M","T","E","R","E","?","M","R","BOSS","M","?","M","M","?","R","E","R","T","M","R","$","?","?","R","BOSS","M","?","M","M","M","E","R","E","T","R","$","R","M","M","R","BOSS"],"items_purchased_type":["Relic","Card","Relic","Relic","Card"],"build_version":"2020-12-22","purchased_purges":3,"victory":false,"max_hp_per_floor":[65,65,65,65,65,65,65,65,65,65,65,65,65,65,65,65,65,65,32,32,32,32,32,39,39,39,39,39,39,39,39,39,39,39,39,37,37,37,37,37,37,37,37,37,37,37,37,37,37,37,37],"card_choices":[{"not_picked":["FearNoEvil","CrushJoints"],"picked":"JustLucky","floor":1},{"not_picked":["Worship","SashWhip"],"picked":"Halt","floor":4},{"not_picked":["Evaluate","Halt"],"picked":"CutThroughFate","floor":5},{"not_picked":["Crescendo","CutThroughFate"],"picked":"Weave","floor":6},{"not_picked":["ThirdEye","Perseverance"],"picked":"BattleHymn+1","floor":8},{"not_picked":["LessonLearned","WreathOfFlame"],"picked":"MentalFortress+1","floor":10},{"not_picked":["Crescendo","EmptyFist"],"picked":"FlurryOfBlows","floor":12},{"not_picked":["ThirdEye","EmptyMind"],"picked":"WheelKick","floor":14},{"not_picked":["Scrawl","Blasphemy"],"picked":"Devotion+1","floor":16},{"not_picked":["FlurryOfBlows","Protect"],"picked":"CarveReality+1","floor":18},{"not_picked":["BattleHymn+1","JustLucky"],"picked":"FollowUp","floor":20},{"not_picked":["Evaluate","EmptyBody"],"picked":"Vault","floor":21},{"not_picked":["Worship","SashWhip"],"picked":"FollowUp","floor":22},{"not_picked":["SandsOfTime","Indignation"],"picked":"CutThroughFate+1","floor":24},{"not_picked":["Pray","ThirdEye"],"picked":"Tantrum","floor":27},{"not_picked":["Tantrum","CarveReality"],"picked":"Perseverance","floor":30},{"not_picked":["Evaluate","Consecrate+1"],"picked":"TalkToTheHand","floor":35},{"not_picked":["Halt","Vengeance"],"picked":"Prostrate+1","floor":37},{"not_picked":["PathToVictory+1","BowlingBash+1"],"picked":"JustLucky+1","floor":38},{"not_picked":["SignatureMove+1","Swivel+1","Vault"],"picked":"SKIP","floor":39},{"not_picked":["CrushJoints","ForeignInfluence","Swivel"],"picked":"SKIP","floor":40},{"not_picked":["SashWhip","MasterReality+1","Prostrate"],"picked":"SKIP","floor":42},{"not_picked":["Vengeance+1","FollowUp"],"picked":"WheelKick+1","floor":47},{"not_picked":["Halt+1","LikeWater+1"],"picked":"Evaluate+1","floor":48}],"player_experience":68983,"relics_obtained":[{"floor":6,"key":"Frozen Egg 2"},{"floor":9,"key":"StoneCalendar"},{"floor":10,"key":"Lizard Tail"},{"floor":12,"key":"Lantern"},{"floor":22,"key":"Red Mask"},{"floor":24,"key":"Strawberry"},{"floor":40,"key":"Potion Belt"},{"floor":42,"key":"Boot"},{"floor":43,"key":"Omamori"}],"event_choices":[{"cards_removed":["Defend_P"],"damage_healed":0,"gold_gain":0,"player_choice":"Card Removal","damage_taken":0,"max_hp_gain":0,"max_hp_loss":0,"event_name":"The Cleric","floor":3,"gold_loss":50},{"damage_healed":0,"gold_gain":75,"player_choice":"Gather Gold","damage_taken":11,"max_hp_gain":0,"max_hp_loss":0,"event_name":"World of Goop","floor":13,"gold_loss":0},{"damage_healed":0,"gold_gain":0,"player_choice":"Became a Ghost","damage_taken":0,"max_hp_gain":0,"max_hp_loss":33,"event_name":"Ghosts","floor":19,"gold_loss":0,"cards_obtained":["Ghostly","Ghostly","Ghostly","Ghostly","Ghostly"]},{"damage_healed":0,"gold_gain":0,"player_choice":"Fought Bandits","damage_taken":0,"max_hp_gain":0,"max_hp_loss":0,"event_name":"Masked Bandits","floor":22,"gold_loss":0},{"damage_healed":0,"gold_gain":99,"player_choice":"Stole From Cult","damage_taken":0,"max_hp_gain":0,"max_hp_loss":0,"event_name":"Nest","floor":31,"gold_loss":0},{"damage_healed":0,"gold_gain":0,"player_choice":"Max HP","damage_taken":0,"max_hp_gain":0,"max_hp_loss":2,"event_name":"Winding Halls","floor":36,"gold_loss":0}],"is_beta":false,"boss_relics":[{"not_picked":["Snecko Eye","Tiny House"],"picked":"SlaversCollar"},{"not_picked":["Cursed Key","Coffee Dripper"],"picked":"Runic Pyramid"}],"items_purged_floors":[2,29,45],"is_endless":false,"potions_floor_spawned":[1,5,8,20,22,27,30,33,37,39,40,42,47],"killed_by":"Time Eater","ascension_level":1}}