{"host":"b4oqa93y40rb9616","time":1609284052,"event":{"mods":["BaseMod","Colored Map","Custom Start","DeckTracker","Keyboard Shortcuts","Minty Spire (QoL Compilation)","Permanent Neow","Quick Restart","StSLib","SuperFastMode","everything is the same but u backflip on backflip"],"gold_per_floor":[113,12,23,38,56,56,84,84,84,109,109,109,129,155,155,260,260,273,287,306,306,325,325,325,325,325,325,325,343,0,34,34,135,135,152,203,153,163,181,181,199,199,199,213,228,228,262,309,309,309,309,309,0,32,32],"floor_reached":56,"playtime":2101,"items_purged":["Defend_G","Strike_G","Defend_G","Defend_G"],"score":1937,"play_id":"3f372176-df63-4d69-ab3f-164fe5b51960","local_time":"20201230082052","is_ascension_mode":true,"campfire_choices":[{"data":"Poisoned Stab","floor":6.0,"key":"SMITH"},{"data":"Footwork","floor":8.0,"key":"SMITH"},{"data":"Skewer","floor":12.0,"key":"SMITH"},{"data":"Neutralize","floor":15.0,"key":"SMITH"},{"data":"Catalyst","floor":23.0,"key":"SMITH"},{"data":"Crippling Poison","floor":25.0,"key":"SMITH"},{"data":"Tactician","floor":27.0,"key":"SMITH"},{"data":"Calculated Gamble","floor":32.0,"key":"SMITH"},{"data":"Adrenaline","floor":40.0,"key":"SMITH"},{"data":"Calculated Gamble","floor":42.0,"key":"SMITH"},{"data":"Concentrate","floor":46.0,"key":"SMITH"},{"floor":49.0,"key":"RECALL"},{"data":"Prepared","floor":52,"key":"SMITH"}],"circlet_count":0,"master_deck":["AscendersBane","Defend_G+1","Survivor+1","Neutralize+1","Dash+1","Burst+1","All Out Attack+1","Underhanded Strike+1","Poisoned Stab+1","Skewer+1","Acrobatics","Footwork+1","Backflip","Corpse Explosion","Tactician+1","Crippling Poison+1","Concentrate+1","Ghostly","Ghostly","Ghostly","Ghostly","Ghostly","Catalyst+1","Calculated Gamble+1","Escape Plan","Acrobatics","Adrenaline+1","Calculated Gamble+1","Acrobatics+1","Backflip","Blur","Prepared+1","Wraith Form v2","Master of Strategy","Wraith Form v2"],"relics":["Astrolabe","War Paint","Akabeko","The Courier","Blood Vial","Smiling Mask","Empty Cage","HornCleat","White Beast Statue","Kunai","Nunchaku","Philosopher\u0027s Stone","Centennial Puzzle","Orichalcum","Incense Burner","Membership Card","Whetstone"],"acts_visited":["Exordium","TheCity","TheBeyond","TheEnding"],"potions_floor_usage":[50,50,54],"damage_taken":[{"damage":0.0,"enemies":"2 Louse","floor":1.0,"turns":1.0},{"damage":0.0,"enemies":"Cultist","floor":3.0,"turns":2.0},{"damage":2.0,"enemies":"Jaw Worm","floor":4.0,"turns":2.0},{"damage":0.0,"enemies":"Blue Slaver","floor":5.0,"turns":3.0},{"damage":12.0,"enemies":"Lagavulin","floor":7.0,"turns":7.0},{"damage":10.0,"enemies":"3 Sentries","floor":10.0,"turns":4.0},{"damage":0.0,"enemies":"3 Louse","floor":13.0,"turns":1.0},{"damage":13.0,"enemies":"Gremlin Nob","floor":14.0,"turns":3.0},{"damage":25.0,"enemies":"Slime Boss","floor":16.0,"turns":10.0},{"damage":6.0,"enemies":"Spheric Guardian","floor":18.0,"turns":8.0},{"damage":2.0,"enemies":"Shell Parasite","floor":19.0,"turns":8.0},{"damage":0.0,"enemies":"Snecko","floor":20.0,"turns":7.0},{"damage":13.0,"enemies":"Sentry and Sphere","floor":22.0,"turns":9.0},{"damage":5.0,"enemies":"Cultist and Chosen","floor":29.0,"turns":5.0},{"damage":6.0,"enemies":"Book of Stabbing","floor":31.0,"turns":6.0},{"damage":16.0,"enemies":"Champ","floor":33.0,"turns":11.0},{"damage":1.0,"enemies":"Orb Walker","floor":35.0,"turns":5.0},{"damage":0.0,"enemies":"3 Shapes","floor":38.0,"turns":2.0},{"damage":0.0,"enemies":"Transient","floor":39.0,"turns":5.0},{"damage":0.0,"enemies":"4 Shapes","floor":41.0,"turns":1.0},{"damage":0.0,"enemies":"3 Darklings","floor":44.0,"turns":3.0},{"damage":1.0,"enemies":"Writhing Mass","floor":45.0,"turns":6.0},{"damage":2.0,"enemies":"Reptomancer","floor":47.0,"turns":5.0},{"damage":0.0,"enemies":"2 Orb Walkers","floor":48.0,"turns":4.0},{"damage":0,"enemies":"Donu and Deca","floor":50,"turns":6},{"damage":0,"enemies":"Shield and Spear","floor":54,"turns":8},{"damage":32,"enemies":"The Heart","floor":55,"turns":11}],"seed_played":"-7750716559341330956","potions_obtained":[{"floor":1.0,"key":"LiquidBronze"},{"floor":7.0,"key":"Fire Potion"},{"floor":13.0,"key":"FearPotion"},{"floor":14.0,"key":"Block Potion"},{"floor":18.0,"key":"DistilledChaos"},{"floor":19.0,"key":"Dexterity Potion"},{"floor":31.0,"key":"AttackPotion"},{"floor":33.0,"key":"Swift Potion"},{"floor":48.0,"key":"DistilledChaos"},{"floor":54,"key":"Fruit Juice"}],"is_trial":false,"path_per_floor":["M","$","M","M","M","R","E","R","T","E","?","R","M","E","R","B",null,"M","M","M","?","M","R","?","R","T","R","?","M","$","E","R","B",null,"M","T","$","M","M","R","M","R","T","M","M","R","E","?","R","B",null,"R","$","E","B",null],"character_chosen":"THE_SILENT","items_purchased":["Poisoned Stab","Calculated Gamble","Kunai","Escape Plan","Membership Card","Wraith Form v2","Master of Strategy"],"campfire_rested":0,"item_purchase_floors":[2,30,30,30,53,53,53],"current_hp_per_floor":[63,63,63,61,61,61,49,49,49,39,39,39,41,30,30,7,54,50,50,52,35,22,22,22,22,22,22,22,19,19,15,15,1,27,28,28,28,30,32,32,34,34,34,35,34,34,33,35,35,35,35,35,35,40,8],"gold":32,"neow_bonus":"BOSS_RELIC","is_daily":false,"chose_seed":false,"campfire_upgraded":12,"win_rate":0.0,"timestamp":1609284052,"path_taken":["M","$","M","M","M","R","E","R","T","E","?","R","M","E","R","BOSS","M","M","M","?","M","R","?","R","T","R","?","M","$","E","R","BOSS","M","?","$","M","M","R","M","R","T","M","M","R","E","?","R","BOSS","R","$","E","BOSS"],"items_purchased_type":["Card","Card","Relic","Card","Relic","Card","Card"],"build_version":"2020-12-22","purchased_purges":4,"victory":true,"max_hp_per_floor":[70,70,70,70,70,70,70,70,70,70,70,70,70,70,70,70,70,70,70,70,35,35,35,35,35,35,35,35,35,35,35,35,35,35,35,35,35,35,35,35,35,35,35,35,35,35,35,35,35,35,35,35,35,40,40],"card_choices":[{"not_picked":["Leg Sweep","Deflect"],"picked":"Underhanded Strike","floor":1.0},{"not_picked":["Setup","Caltrops"],"picked":"Skewer","floor":3.0},{"not_picked":["Cloak And Dagger","Riddle With Holes"],"picked":"Acrobatics","floor":4.0},{"not_picked":["Flechettes","Deflect","Flying Knee"],"picked":"SKIP","floor":5.0},{"not_picked":["Outmaneuver","Expertise"],"picked":"Footwork","floor":7.0},{"not_picked":["Outmaneuver","Slice","Phantasmal Killer"],"picked":"SKIP","floor":10.0},{"not_picked":["Acrobatics","Bane","Dash"],"picked":"SKIP","floor":13.0},{"not_picked":["All Out Attack","Endless Agony"],"picked":"Backflip","floor":14.0},{"not_picked":["Venomology","Die Die Die"],"picked":"Corpse Explosion","floor":16.0},{"not_picked":["Dodge and Roll","Dagger Throw"],"picked":"Tactician","floor":18.0},{"not_picked":["Acrobatics","Deflect"],"picked":"Crippling Poison","floor":19.0},{"not_picked":["Outmaneuver","Quick Slash"],"picked":"Concentrate","floor":20.0},{"not_picked":["Calculated Gamble","Endless Agony"],"picked":"Catalyst","floor":22.0},{"not_picked":["Dash","Poisoned Stab","Grand Finale"],"picked":"SKIP","floor":29.0},{"not_picked":["Backstab","Crippling Poison"],"picked":"Acrobatics","floor":31.0},{"not_picked":["Venomology","Doppelganger"],"picked":"Adrenaline","floor":33.0},{"not_picked":["Slice","Cloak And Dagger"],"picked":"Calculated Gamble","floor":35.0},{"not_picked":["Deadly Poison+1","Escape Plan"],"picked":"Acrobatics+1","floor":38.0},{"not_picked":["Flying Knee","Finisher"],"picked":"Backflip","floor":39.0},{"not_picked":["Noxious Fumes","Infinite Blades+1"],"picked":"Blur","floor":41.0},{"not_picked":["Infinite Blades+1","Flying Knee+1","Outmaneuver"],"picked":"SKIP","floor":44.0},{"not_picked":["Deflect+1","Dash","Terror"],"picked":"SKIP","floor":45.0},{"not_picked":["Acrobatics","Deadly Poison"],"picked":"Prepared","floor":47.0},{"not_picked":["Calculated Gamble","Malaise"],"picked":"Wraith Form v2","floor":54}],"player_experience":400040,"relics_obtained":[{"floor":7.0,"key":"War Paint"},{"floor":9.0,"key":"Akabeko"},{"floor":10.0,"key":"The Courier"},{"floor":14.0,"key":"Smiling Mask"},{"floor":26.0,"key":"HornCleat"},{"floor":28.0,"key":"White Beast Statue"},{"floor":31.0,"key":"Nunchaku"},{"floor":36.0,"key":"Centennial Puzzle"},{"floor":47.0,"key":"Orichalcum"},{"floor":48.0,"key":"Incense Burner"},{"floor":54,"key":"Whetstone"}],"event_choices":[{"damage_healed":0.0,"max_hp_gain":0.0,"max_hp_loss":0.0,"gold_gain":0.0,"event_name":"WeMeetAgain","player_choice":"Gave Potion","floor":11.0,"gold_loss":0.0,"damage_taken":0.0,"relics_obtained":["Blood Vial"]},{"damage_healed":0.0,"max_hp_gain":0.0,"max_hp_loss":35.0,"gold_gain":0.0,"event_name":"Ghosts","player_choice":"Became a Ghost","floor":21.0,"gold_loss":0.0,"damage_taken":0.0,"cards_obtained":["Ghostly","Ghostly","Ghostly","Ghostly","Ghostly"]},{"damage_healed":0.0,"max_hp_gain":0.0,"max_hp_loss":0.0,"gold_gain":0.0,"event_name":"Cursed Tome","player_choice":"Ignored","floor":24.0,"gold_loss":0.0,"damage_taken":0.0},{"damage_healed":0.0,"max_hp_gain":0.0,"max_hp_loss":0.0,"gold_gain":0.0,"event_name":"Wheel of Change","player_choice":"Relic","floor":28.0,"gold_loss":0.0,"damage_taken":0.0},{"damage_healed":0.0,"max_hp_gain":0.0,"max_hp_loss":0.0,"gold_gain":0.0,"event_name":"Mysterious Sphere","player_choice":"Fight","floor":48.0,"gold_loss":0.0,"damage_taken":0.0}],"is_beta":false,"boss_relics":[{"not_picked":["Ectoplasm","SlaversCollar"],"picked":"Empty Cage"},{"not_picked":["Black Star","SacredBark"],"picked":"Philosopher\u0027s Stone"}],"items_purged_floors":[2,30,37,53],"is_endless":false,"potions_floor_spawned":[1,7,13,14,18,19,29,31,33,35,38,39,41,44,45,47,48,54],"ascension_level":12}}