{"host":"3l86636hmmefx41a","time":1609280029,"event":{"mods":["BaseMod","Hermit","Marked Mod","Minty Spire (QoL Compilation)","StSLib"],"gold_per_floor":[116,132,132,152,163,163,182,182,233,183,0,11,22,53,53,156,156,171,25,25,45,45,45,45],"floor_reached":23,"playtime":1645,"items_purged":[],"score":318,"play_id":"74f9be4d-2d26-46e4-bd07-0f6d1ce8066c","local_time":"20201229231349","daily_mods":["Draft"],"is_ascension_mode":false,"campfire_choices":[{"floor":6,"key":"REST"},{"data":"Calculated Gamble","floor":8,"key":"SMITH"},{"data":"Well Laid Plans","floor":15,"key":"SMITH"}],"circlet_count":0,"master_deck":["PiercingWail","Escape Plan","Well Laid Plans+1","Backstab","Predator","Quick Slash","Bouncing Flask","Dodge and Roll","Dodge and Roll","Dagger Spray","Caltrops","Bouncing Flask","Endless Agony","Catalyst","Acrobatics","Footwork","Blade Dance","Unload","Calculated Gamble+1","Deep Breath","Backflip","Dodge and Roll","Eviscerate","Bane","Dagger Throw","Crippling Poison+1","Cloak And Dagger","RitualDagger"],"relics":["Ring of the Snake","Bronze Scales","Mercury Hourglass","SlaversCollar","Tiny Chest"],"acts_visited":["Exordium","TheCity"],"potions_floor_usage":[12,14,14],"damage_taken":[{"damage":2,"enemies":"Cultist","floor":1,"turns":3},{"damage":10,"enemies":"Small Slimes","floor":2,"turns":3},{"damage":6,"enemies":"Jaw Worm","floor":4,"turns":4},{"damage":9,"enemies":"Red Slaver","floor":5,"turns":2},{"damage":3,"enemies":"Blue Slaver","floor":7,"turns":3},{"damage":8,"enemies":"Large Slime","floor":12,"turns":3},{"damage":14,"enemies":"Red Slaver","floor":13,"turns":3},{"damage":0,"enemies":"Gremlin Nob","floor":14,"turns":2},{"damage":37,"enemies":"Slime Boss","floor":16,"turns":9},{"damage":18,"enemies":"3 Byrds","floor":18,"turns":3},{"damage":33,"enemies":"2 Thieves","floor":21,"turns":4},{"damage":0,"enemies":"Book of Stabbing","floor":23,"turns":1}],"seed_played":"5608649920420521344","potions_obtained":[{"floor":7,"key":"AttackPotion"},{"floor":12,"key":"DuplicationPotion"},{"floor":13,"key":"Strength Potion"}],"is_trial":true,"path_per_floor":["M","M","$","M","M","R","M","R","T","?","$","M","M","E","R","B",null,"M","$","$","M","?","E"],"character_chosen":"THE_SILENT","items_purchased":["Deep Breath","Backflip","Dodge and Roll","Tiny Chest"],"campfire_rested":1,"item_purchase_floors":[11,11,11,19],"current_hp_per_floor":[68,58,58,52,43,64,61,61,61,61,61,53,39,39,39,2,70,52,52,52,19,13,13,13],"gold":45,"neow_bonus":"","is_daily":false,"chose_seed":false,"campfire_upgraded":2,"win_rate":0.0,"timestamp":1609280029,"path_taken":["M","M","?","M","M","R","M","R","T","?","?","M","M","E","R","BOSS","M","?","$","M","?","E"],"items_purchased_type":["Card","Card","Card","Relic"],"build_version":"2020-12-22","purchased_purges":0,"victory":false,"max_hp_per_floor":[70,70,70,70,70,70,70,70,70,70,70,70,70,70,70,70,70,70,70,70,70,70,70,70],"card_choices":[{"not_picked":["Outmaneuver","Poisoned Stab"],"picked":"PiercingWail","floor":0},{"not_picked":["PiercingWail","Underhanded Strike"],"picked":"Escape Plan","floor":0},{"not_picked":["Slice","Dodge and Roll"],"picked":"Well Laid Plans","floor":0},{"not_picked":["Crippling Poison","Acrobatics"],"picked":"Backstab","floor":0},{"not_picked":["PiercingWail","Terror"],"picked":"Predator","floor":0},{"not_picked":["Prepared","Setup"],"picked":"Quick Slash","floor":0},{"not_picked":["Noxious Fumes","All Out Attack"],"picked":"Bouncing Flask","floor":0},{"not_picked":["Choke","Underhanded Strike"],"picked":"Dodge and Roll","floor":0},{"not_picked":["Flechettes","Blade Dance"],"picked":"Dodge and Roll","floor":0},{"not_picked":["Leg Sweep","Slice"],"picked":"Dagger Spray","floor":0},{"not_picked":["Blur","Dodge and Roll"],"picked":"Caltrops","floor":0},{"not_picked":["Poisoned Stab","Cloak And Dagger"],"picked":"Bouncing Flask","floor":0},{"not_picked":["Predator","Cloak And Dagger"],"picked":"Endless Agony","floor":0},{"not_picked":["Leg Sweep","Predator"],"picked":"Underhanded Strike","floor":0},{"not_picked":["Dodge and Roll","Prepared"],"picked":"Catalyst","floor":0},{"not_picked":["Reflex","PiercingWail"],"picked":"Acrobatics","floor":1},{"not_picked":["Skewer","Prepared"],"picked":"Footwork","floor":2},{"not_picked":["Well Laid Plans","Quick Slash"],"picked":"Blade Dance","floor":4},{"not_picked":["Skewer","Blade Dance"],"picked":"Unload","floor":5},{"not_picked":["Dodge and Roll","Deflect"],"picked":"Calculated Gamble","floor":7},{"not_picked":["Quick Slash","Cloak And Dagger"],"picked":"Eviscerate","floor":12},{"not_picked":["Backflip","PiercingWail"],"picked":"Bane","floor":13},{"not_picked":["Endless Agony","Sucker Punch"],"picked":"Dagger Throw","floor":14},{"not_picked":["Heel Hook+1","Poisoned Stab+1"],"picked":"Crippling Poison+1","floor":18},{"not_picked":["Terror+1","Quick Slash"],"picked":"Cloak And Dagger","floor":21}],"player_experience":84161,"relics_obtained":[{"floor":9,"key":"Bronze Scales"},{"floor":14,"key":"Mercury Hourglass"}],"event_choices":[{"cards_removed":["Underhanded Strike"],"damage_healed":0,"gold_gain":0,"player_choice":"Card Removal","damage_taken":0,"max_hp_gain":0,"max_hp_loss":0,"event_name":"The Cleric","floor":10,"gold_loss":50},{"damage_healed":0,"gold_gain":0,"player_choice":"Joined the Cult","damage_taken":6,"max_hp_gain":0,"max_hp_loss":0,"event_name":"Nest","floor":22,"gold_loss":0,"cards_obtained":["RitualDagger"]}],"is_beta":false,"boss_relics":[{"not_picked":["Tiny House","Calling Bell"],"picked":"SlaversCollar"}],"items_purged_floors":[],"is_endless":true,"potions_floor_spawned":[7,12,13],"killed_by":"Book of Stabbing","ascension_level":0}}