{"host":"m4gez01cdgxblqzl","time":1609253361,"event":{"mods":["2.2 Compatiblity","AchievementEnabler","Act Like it!","Aspiration","BaseMod","Better Altar","Better Match","Better Note","Better Sensory Stone","Better Skull","Better Third Choice","BetterRewards","CCEM","Challenge The Spire","Clawfect","Colored Powertips","Conspire","Downfall","GifTheSpireLib","Glutton Mod","Halation","Hermit","Hubris","Infinite Spire","Jedi Mod","Minty Spire (QoL Compilation)","Permanent Neow","READ ME - Guardian Mod","RatMod","Replay The Spire","Shade Mod","Shop Mod","Spicy Shops","Spikes Relics","StSLib","Stuff the Spire","The Blue Laboratory","The Construct","The Jungle","The Problem Sleuth","The Runesmith","The Spell Scribe","Trackpad","Unceasing Turn Reminder","Unknown Chances","everything is the same but u backflip on backflip","vexMod"],"gold_per_floor":[118,128,128,94,108,108,8,8,8,20,20,31,55,69,69,170,170,181,181,181,181,194,204,204,204,214,224,224,224,224,224,155,155,255,255,269,289,303,303,336,336,90,90],"floor_reached":44,"playtime":3422,"items_purged":["infinitespire:Pacifist"],"score":648,"play_id":"47b0ed80-8eff-4708-a557-fdf080d55220","local_time":"20201229084921","is_ascension_mode":false,"campfire_choices":[{"data":"Rupture","floor":6.0,"key":"SMITH"},{"data":"Bash","floor":8.0,"key":"SMITH"},{"data":"Combust","floor":15.0,"key":"SMITH"},{"floor":30,"key":"REST"},{"floor":34,"key":"REST"}],"circlet_count":0,"master_deck":["Strike_R","Strike_R","Strike_R","Strike_R","Strike_R","Defend_R","Defend_R","Defend_R","Defend_R","Bash+1","Anger","Twin Strike","Rupture+1","Regret","Run Through","Combust+1","Carnage","Juggernaut","vexMod:UltimateCard","hermit:Covet","Replay:Many Hands","expansioncontent:DonusPower","infinitespire:UltimateForm","jedi:fear","Infernal Blade+1","ReplayTheSpireMod:Stacked","hubris:SharpeningStone","Demon Form","Headbutt+1","Reckless Charge+1","Anger","Impervious","Anger+1","Heavy Blade","Anger+1","Rage","Strike_R","Strike_R","Strike_R","Strike_R","Strike_R","Defend_R","Defend_R","Defend_R","Defend_R","Bash+1","Anger","Twin Strike","infinitespire:Pacifist","Rupture+1","Regret","Run Through","Combust+1","Carnage","Juggernaut","vexMod:UltimateCard","hermit:Covet","Replay:Many Hands","expansioncontent:DonusPower","infinitespire:UltimateForm","jedi:fear","Infernal Blade+1","ReplayTheSpireMod:Stacked","hubris:SharpeningStone","Demon Form","Headbutt+1","Reckless Charge+1","Anger","Impervious","Anger+1","Heavy Blade","Anger+1","Rage","Infernal Blade+1"],"relics":["Burning Blood","aspiration:Nostalgia","PureWater","Ring of Fury","Ring of Misfortune","betterThird:SlimedRelic","Replay:Bottled Eggs","Replay:Rubber Ducky","Dream Catcher","ReplayTheSpireMod:SealedPack","aspiration:HiddenCompartment","hubris:Teleporter","StuffTheSpire:Nightcore","CCEMRelics:SpiritsEdge","trackpad:BottledAnger","Ring of Chaos","CCEMRelics:CocoNut","Ancient Tea Set","DollysMirror"],"acts_visited":["Exordium","TheCity","TheBeyond"],"potions_floor_usage":[26,26,26,33,35,35,35,40,40],"damage_taken":[{"damage":5.0,"enemies":"2 Louse","floor":1.0,"turns":4.0},{"damage":1.0,"enemies":"Jaw Worm","floor":2.0,"turns":2.0},{"damage":0.0,"enemies":"Cultist","floor":5.0,"turns":3.0},{"damage":14.0,"enemies":"Exordium Thugs","floor":10.0,"turns":4.0},{"damage":5.0,"enemies":"Exordium Wildlife","floor":12.0,"turns":3.0},{"damage":0.0,"enemies":"3 Louse","floor":14.0,"turns":3.0},{"damage":9.0,"enemies":"Hexaghost","floor":16.0,"turns":6.0},{"damage":2.0,"enemies":"2 Thieves","floor":18.0,"turns":2.0},{"damage":0.0,"enemies":"conspire:FuzzyDice","floor":22.0,"turns":5.0},{"damage":23,"enemies":"Shelled Parasite and Fungi","floor":23,"turns":4},{"damage":10,"enemies":"Snake Plant","floor":26,"turns":2},{"damage":9,"enemies":"conspire:HollyBat","floor":27,"turns":8},{"damage":47,"enemies":"Gremlin Leader","floor":33,"turns":6},{"damage":42,"enemies":"conspire:MysteriousRune","floor":35,"turns":7},{"damage":21,"enemies":"3 Darklings","floor":37,"turns":3},{"damage":0,"enemies":"Orb Walker","floor":39,"turns":1},{"damage":26,"enemies":"Writhing Mass","floor":40,"turns":4},{"damage":27,"enemies":"Nemesis","floor":42,"turns":6},{"damage":35,"enemies":"hubris:Merchant","floor":44,"turns":5}],"seed_played":"-1292953917222499441","potions_obtained":[{"floor":1.0,"key":"Dexterity Potion"},{"floor":5.0,"key":"blueLaboratory:HorrorPotion"},{"floor":10.0,"key":"Guardian:BlockOnCardUsePotion"},{"floor":18.0,"key":"EntropicBrew"},{"floor":27,"key":"infinitespire:BlackPotion"},{"floor":33,"key":"Reflective Coating"},{"floor":35,"key":"Weak Potion"},{"floor":39,"key":"jedi:StrikingPotion"},{"floor":42,"key":"jedi:hoardpotion"}],"is_trial":false,"path_per_floor":["M","M","?","?","M","R","$","R","T","M","$","M","T","M","R","B",null,"M","?","?","?","M","M","PTL","PTL","M","M","T","T","R","?","E","R","B",null,"M","M","M","T","E","?","$"],"character_chosen":"IRONCLAD","items_purchased":["Replay:Bottled Eggs","DollysMirror","Doom Potion"],"campfire_rested":2,"item_purchase_floors":[7,44,44],"current_hp_per_floor":[80,80,80,69,75,75,75,75,75,67,67,68,68,74,74,71,80,80,80,80,80,80,63,63,63,59,56,56,56,80,80,39,63,27,80,65,71,51,56,35,35,0,0],"gold":90,"neow_bonus":"NOSTALGIA","is_daily":false,"chose_seed":false,"campfire_upgraded":3,"win_rate":0.0,"timestamp":1609253361,"path_taken":["M","M","?","?","?","R","$","R","T","?","?","?","?","M","R","BOSS","M","?","?","?","M","M","PTL","PTL","M","?","T","?","R","?","E","R","BOSS","M","M","?","?","E","?","$"],"items_purchased_type":["Relic","Relic","Potion"],"build_version":"2020-12-22","purchased_purges":1,"victory":false,"max_hp_per_floor":[80,80,80,80,80,80,80,80,80,80,80,80,80,80,80,80,80,80,80,80,80,80,80,80,80,80,80,80,80,80,80,80,80,80,80,80,80,80,85,85,85,85,85],"card_choices":[{"not_picked":["Run Through","Sever Soul"],"picked":"Anger","floor":1.0},{"not_picked":["Thunderclap","True Grit"],"picked":"Twin Strike","floor":2.0},{"not_picked":["jedi:fear","Warcry"],"picked":"Rupture","floor":5.0},{"not_picked":["Cleave","Wild Strike"],"picked":"Run Through","floor":10.0},{"not_picked":["Seeing Red","Shrug It Off"],"picked":"Combust","floor":12.0},{"not_picked":["jedi:hate","Spot Weakness"],"picked":"Carnage","floor":14.0},{"not_picked":["Corruption","Demonic Infusion"],"picked":"Juggernaut","floor":16.0},{"not_picked":["sneckomod:TailWhip","m_Survivalism"],"picked":"hermit:Covet","floor":17.0},{"not_picked":["Demonic Infusion","Brutality"],"picked":"Replay:Many Hands","floor":17.0},{"not_picked":["Madness","PanicButton"],"picked":"expansioncontent:DonusPower","floor":17.0},{"not_picked":["Replay:Fractal Strike","ReplayTheSpireMod:??????????????????????"],"picked":"infinitespire:UltimateForm","floor":17.0},{"not_picked":["StuffTheSpire:Slingshot","Wild Strike"],"picked":"jedi:fear","floor":18.0},{"not_picked":["hubris:SharpeningStone+1","ReplayTheSpireMod:Corrosion Curse"],"picked":"Infernal Blade+1","floor":22},{"not_picked":["hubris:ReadiedAction","Burning Pact"],"picked":"ReplayTheSpireMod:Stacked","floor":23},{"not_picked":["jedi:fear","jedi:suffering"],"picked":"hubris:SharpeningStone","floor":26},{"not_picked":["Anger","Perfected Strike+1"],"picked":"Demon Form","floor":27},{"not_picked":["jedi:suffering+1","Intimidate"],"picked":"Headbutt+1","floor":30},{"not_picked":["hubris:CleavingFinish+1","StuffTheSpire:Incineration"],"picked":"Reckless Charge+1","floor":33},{"not_picked":["Sword Boomerang+1","jedi:unlimitedpower","Run Through+1"],"picked":"Anger","floor":34},{"not_picked":["Immolate","Replay:Many Hands","Anger"],"picked":"Impervious","floor":35},{"not_picked":["StuffTheSpire:RockThrow","Pummel+1","StuffTheSpire:Incineration"],"picked":"Anger+1","floor":37},{"not_picked":["jedi:controlledanger","Uppercut","Anger"],"picked":"Heavy Blade","floor":39},{"not_picked":["Sever Soul","jedi:fear","Warcry"],"picked":"Anger+1","floor":40},{"not_picked":["Sword Boomerang","Clothesline","Anger"],"picked":"Rage","floor":42}],"player_experience":20746,"relics_obtained":[{"floor":3.0,"key":"Ring of Fury"},{"floor":3.0,"key":"Ring of Misfortune"},{"floor":9.0,"key":"Replay:Rubber Ducky"},{"floor":13.0,"key":"Dream Catcher"},{"floor":21.0,"key":"aspiration:HiddenCompartment"},{"floor":28,"key":"hubris:Teleporter"},{"floor":29,"key":"StuffTheSpire:Nightcore"},{"floor":33,"key":"trackpad:BottledAnger"},{"floor":41,"key":"CCEMRelics:CocoNut"},{"floor":42,"key":"Ancient Tea Set"}],"event_choices":[{"damage_healed":0.0,"max_hp_gain":0.0,"max_hp_loss":0.0,"gold_gain":0.0,"event_name":"betterThird:BetterGoop","player_choice":"Slimed","floor":4.0,"gold_loss":34.0,"damage_taken":11.0},{"cards_removed":["infinitespire:Pacifist"],"damage_healed":0.0,"max_hp_gain":0.0,"max_hp_loss":0.0,"gold_gain":0.0,"event_name":"betterNote:BetterNote","player_choice":"Give","floor":19.0,"gold_loss":0.0,"damage_taken":0.0,"cards_obtained":["hubris:Envy"]},{"damage_healed":0.0,"max_hp_gain":0.0,"max_hp_loss":0.0,"gold_gain":0.0,"event_name":"Wheel of Change","player_choice":"Relic","floor":21.0,"gold_loss":0.0,"damage_taken":0.0}],"is_beta":false,"boss_relics":[{"not_picked":["hubris:VirtuousBlindfold","jedi:hotpepper"],"picked":"ReplayTheSpireMod:SealedPack"},{"not_picked":["halation:Risk","Replay:Cursed D8"],"picked":"Ring of Chaos"}],"items_purged_floors":[44],"is_endless":false,"potions_floor_spawned":[1,5,10,18,27,33,35,39,42],"killed_by":"hubris:Merchant","ascension_level":0}}