{"host":"szp1d6dso4pv7ddl","time":1609278275,"event":{"mods":["AchievementEnabler","Alarm Clock","BaseMod","Bestiary","Block Reminder","Colored Map","Colored Powertips","Curses Come First","Displayed Cursed Tome","Highlight Path","Minty Spire (QoL Compilation)","Permanent Neow","Quick Restart","Relic Sorter","Relic Stats","StSLib","Synergy Search"],"gold_per_floor":[14,14,32,32,32,32,43,56,56,56,70,70,89,89,89,191,191,211,192,211,211,229,229,249,249,295,295,295,306,306,306],"floor_reached":30,"playtime":2050,"items_purged":[],"score":370,"play_id":"f91b72fc-e41a-4081-af4a-4b3906d11b08","local_time":"20201229134435","is_ascension_mode":true,"campfire_choices":[{"data":"Coolheaded","floor":6.0,"key":"SMITH"},{"floor":12.0,"key":"REST"},{"floor":15.0,"key":"REST"},{"data":"Electrodynamics","floor":23.0,"key":"SMITH"},{"floor":27,"key":"REST"}],"circlet_count":0,"master_deck":["Strike_B","Strike_B","Strike_B","Strike_B","Defend_B","Defend_B","Zap","Dualcast","Machine Learning","Defragment+1","Coolheaded+1","Chill","Glacier","Electrodynamics+1","Core Surge","Ball Lightning","Static Discharge+1","Echo Form","Static Discharge"],"relics":["Cracked Core","Gambling Chip","Singing Bowl","Cables","SlaversCollar","Juzu Bracelet"],"acts_visited":["Exordium","TheCity"],"potions_floor_usage":[29],"damage_taken":[{"damage":10.0,"enemies":"Small Slimes","floor":1.0,"turns":3.0},{"damage":7.0,"enemies":"Jaw Worm","floor":3.0,"turns":3.0},{"damage":11.0,"enemies":"2 Louse","floor":7.0,"turns":3.0},{"damage":29.0,"enemies":"Gremlin Gang","floor":8.0,"turns":6.0},{"damage":0.0,"enemies":"2 Fungi Beasts","floor":11.0,"turns":4.0},{"damage":7.0,"enemies":"Looter","floor":13.0,"turns":3.0},{"damage":0.0,"enemies":"Slime Boss","floor":16.0,"turns":5.0},{"damage":6.0,"enemies":"3 Byrds","floor":18.0,"turns":4.0},{"damage":12.0,"enemies":"2 Thieves","floor":19.0,"turns":4.0},{"damage":20.0,"enemies":"Cultist and Chosen","floor":20.0,"turns":5.0},{"damage":17.0,"enemies":"Centurion and Healer","floor":22.0,"turns":3.0},{"damage":20,"enemies":"Shelled Parasite and Fungi","floor":24,"turns":3},{"damage":17,"enemies":"Snake Plant","floor":29,"turns":4},{"damage":34,"enemies":"Slavers","floor":30,"turns":1}],"seed_played":"-4326165740537204103","potions_obtained":[{"floor":1.0,"key":"SpeedPotion"},{"floor":11.0,"key":"Weak Potion"},{"floor":16.0,"key":"Block Potion"},{"floor":24,"key":"SteroidPotion"},{"floor":29,"key":"AttackPotion"}],"is_trial":false,"path_per_floor":["M","?","M","?","$","R","M","M","T","T","M","R","M","?","R","B",null,"M","M","M","?","M","R","M","?","T","R","?","M","E"],"character_chosen":"DEFECT","items_purchased":[],"campfire_rested":3,"item_purchase_floors":[],"current_hp_per_floor":[58,58,51,44,44,44,33,4,4,4,4,26,21,14,37,37,67,63,51,31,57,42,42,22,22,22,46,46,29,0,0],"gold":306,"neow_bonus":"TRANSFORM_TWO_CARDS","is_daily":false,"chose_seed":false,"campfire_upgraded":2,"win_rate":0.0,"timestamp":1609278275,"path_taken":["M","?","M","?","?","R","M","M","T","?","?","R","M","?","R","BOSS","M","M","M","?","M","R","M","?","T","R","?","M","E"],"items_purchased_type":[],"build_version":"2020-12-22","purchased_purges":0,"victory":false,"max_hp_per_floor":[75,75,75,75,75,75,75,75,75,75,75,75,77,77,77,77,77,79,79,79,79,81,81,81,81,81,81,81,81,81,81],"relic_stats":{"Singing Bowl":6,"counters":[14,51],"Gambling Chip":[37],"Juzu Bracelet":0,"obtain_stats":[{"SlaversCollar":17,"Singing Bowl":9,"Gambling Chip":4,"Juzu Bracelet":26,"Cracked Core":0,"Cables":10},{"SlaversCollar":7,"Singing Bowl":4,"Gambling Chip":2,"Juzu Bracelet":12,"Cracked Core":0,"Cables":4},{"SlaversCollar":27,"Singing Bowl":15,"Gambling Chip":6,"Juzu Bracelet":46,"Cracked Core":0,"Cables":15}],"Cables":[30,22,8,0,0]},"card_choices":[{"not_picked":["Doom and Gloom","Sweeping Beam"],"picked":"Defragment","floor":1.0},{"not_picked":["Stack","Streamline"],"picked":"Coolheaded","floor":3.0},{"not_picked":["Leap","Turbo"],"picked":"Chill","floor":7.0},{"not_picked":["Streamline","Redo"],"picked":"Glacier","floor":8.0},{"not_picked":["Tempest","Steam"],"picked":"Electrodynamics","floor":11.0},{"not_picked":["Go for the Eyes","Fusion","Darkness"],"picked":"Singing Bowl","floor":13.0},{"not_picked":["Reboot","Creative AI"],"picked":"Core Surge","floor":16.0},{"not_picked":["Stack","Reprogram","Gash"],"picked":"Singing Bowl","floor":18.0},{"not_picked":["BootSequence+1","Beam Cell+1"],"picked":"Ball Lightning","floor":19.0},{"not_picked":["Recycle","Streamline"],"picked":"Static Discharge+1","floor":20.0},{"not_picked":["Auto Shields+1","Conserve Battery","Go for the Eyes"],"picked":"Singing Bowl","floor":22.0},{"not_picked":["Gash+1","Barrage"],"picked":"Echo Form","floor":24},{"not_picked":["Leap+1","Darkness"],"picked":"Static Discharge","floor":29}],"player_experience":1068821,"relics_obtained":[{"floor":9.0,"key":"Singing Bowl"},{"floor":10.0,"key":"Cables"},{"floor":26,"key":"Juzu Bracelet"}],"event_choices":[{"damage_healed":0.0,"max_hp_gain":0.0,"max_hp_loss":0.0,"gold_gain":0.0,"event_name":"Living Wall","player_choice":"Grow","floor":2.0,"gold_loss":0.0,"damage_taken":0.0,"cards_upgraded":["Defragment"]},{"damage_healed":0.0,"max_hp_gain":0.0,"max_hp_loss":0.0,"gold_gain":0.0,"event_name":"Scrap Ooze","player_choice":"Success","floor":4.0,"gold_loss":0.0,"damage_taken":7.0,"relics_obtained":["Gambling Chip"]},{"cards_removed":["Recycle"],"damage_healed":0.0,"max_hp_gain":0.0,"max_hp_loss":0.0,"gold_gain":0.0,"event_name":"Golden Wing","player_choice":"Card Removal","floor":14.0,"gold_loss":0.0,"damage_taken":7.0},{"damage_healed":26.0,"max_hp_gain":0.0,"max_hp_loss":0.0,"gold_gain":0.0,"event_name":"The Library","player_choice":"Heal","floor":21.0,"gold_loss":0.0,"damage_taken":0.0},{"damage_healed":0,"gold_gain":0,"player_choice":"Ignored","damage_taken":0,"max_hp_gain":0,"max_hp_loss":0,"event_name":"The Mausoleum","floor":25,"gold_loss":0},{"damage_healed":0,"gold_gain":0,"player_choice":"Ignored","damage_taken":0,"max_hp_gain":0,"max_hp_loss":0,"event_name":"Vampires","floor":28,"gold_loss":0}],"is_beta":false,"boss_relics":[{"not_picked":["Snecko Eye","Runic Dome"],"picked":"SlaversCollar"}],"items_purged_floors":[],"is_endless":false,"potions_floor_spawned":[1,11,16,19,24,29],"killed_by":"Slavers","ascension_level":7}}