{"host":"7irle2snl0x6pcqd","time":1609234425,"event":{"mods":["BaseMod","DeckTracker","Downfall","Minty Spire (QoL Compilation)","Permanent Neow","Quick Restart","Relic Stats","StSLib"],"gold_per_floor":[99,99,99,99,113,213,213,233,246,273,291,66,77,77,92,187,187,187,205,221,15,15,15,40,40,40,40],"floor_reached":25,"playtime":3953,"items_purged":[],"score":226,"play_id":"626b6bbd-5d28-4243-8b1f-4b2189976d48","local_time":"20201229043345","is_ascension_mode":false,"campfire_choices":[{"floor":1,"key":"RECALL"},{"floor":12,"key":"REST"},{"data":"Slimebound:Split","floor":18,"key":"SMITH"}],"circlet_count":0,"master_deck":["Slimebound:Tackle","Slimebound:Defend_Slimebound","Slimebound:Defend_Slimebound","Slimebound:Defend_Slimebound","Slimebound:Defend_Slimebound","Slimebound:Split+1","Slimebound:CorrosiveSpit","Slimebound:SplitLeeching","Slimebound:GoopSpray","Slimebound:FinishingTackle","Slimebound:LeechingTouch","Slimebound:DouseInSlime","Slimebound:SplitAcid","Slimebound:SplitBruiser","Slimebound:OozeBath","Slimebound:SplitBruiser","Slimebound:SplitAcid","Slimebound:SlimeSlap","Slimebound:SelfFormingGoo","Slimebound:SamplingLick+1","Slimebound:Prepare","Slimebound:FirmFortitude+1","Slimebound:Nibble","Bite","Bite","Bite","Bite","Bite","Necronomicurse"],"relics":["Slimebound:AbsorbEndCombat","downfall:HeartsMalice","Potion Belt","Boot","downfall:HeartBlessingBlue","downfall:HeartBlessingGreen","downfall:HeartBlessingRed","Black Star","Toolbox","Necronomicon","CeramicFish"],"acts_visited":["Exordium","TheCity"],"potions_floor_usage":[6,9,10,10,10,10,10,10,11,16,16,16,16,16],"damage_taken":[{"damage":0,"enemies":"Small Slimes","floor":2,"turns":1},{"damage":0,"enemies":"Cultist","floor":3,"turns":1},{"damage":0,"enemies":"2 Louse","floor":4,"turns":1},{"damage":16,"enemies":"Exordium Wildlife","floor":5,"turns":3},{"damage":30,"enemies":"downfall:LadyInBlue","floor":6,"turns":11},{"damage":13,"enemies":"3 Louse","floor":8,"turns":4},{"damage":44,"enemies":"Exordium Thugs","floor":9,"turns":6},{"damage":28,"enemies":"3 Sentries","floor":10,"turns":6},{"damage":20,"enemies":"2 Fungi Beasts","floor":11,"turns":3},{"damage":20,"enemies":"Gremlin Gang","floor":13,"turns":3},{"damage":13,"enemies":"Large Slime","floor":15,"turns":3},{"damage":19,"enemies":"downfall:Defect","floor":16,"turns":3},{"damage":49,"enemies":"Spheric Guardian","floor":19,"turns":5},{"damage":12,"enemies":"Chosen","floor":20,"turns":4},{"damage":28,"enemies":"downfall:FleeingMerchant","floor":21,"turns":4},{"damage":59,"enemies":"3 Cultists","floor":25,"turns":4}],"seed_played":"-8596618226334018702","potions_obtained":[{"floor":5,"key":"EssenceOfSteel"},{"floor":6,"key":"Regen Potion"},{"floor":6,"key":"Guardian:BlockOnCardUsePotion"},{"floor":6,"key":"EntropicBrew"},{"floor":8,"key":"Ancient Potion"},{"floor":10,"key":"LiquidBronze"},{"floor":11,"key":"PowerPotion"},{"floor":13,"key":"Block Potion"},{"floor":15,"key":"Energy Potion"},{"floor":20,"key":"Slimebound:SlimyTonguePotion"}],"is_trial":false,"path_per_floor":["R","M","M","M","M","?","T","M","M","E","M","R","M","?","M","B",null,"R","M","M","$","?","?","T","M"],"character_chosen":"SLIMEBOUND","items_purchased":["Toolbox","Slimebound:Nibble"],"campfire_rested":1,"item_purchase_floors":[21,21],"current_hp_per_floor":[60,60,60,60,58,45,45,44,30,20,12,43,33,33,36,41,70,70,43,47,51,49,33,33,0,0,0],"gold":40,"neow_bonus":"THREE_ENEMY_KILL","is_daily":false,"chose_seed":false,"campfire_upgraded":1,"win_rate":0.0,"timestamp":1609234425,"path_taken":["R","M","M","M","M","?","T","?","M","E","M","R","M","?","M","BOSS","R","M","M","$","?","?","T","M"],"items_purchased_type":["Relic","Card"],"build_version":"2020-12-22","purchased_purges":0,"victory":false,"max_hp_per_floor":[60,60,60,60,60,60,60,60,60,60,60,70,70,70,70,70,70,70,70,70,70,49,49,49,49,49,49],"relic_stats":{"counters":[16,59],"CeramicFish":0,"Black Star":0,"Necronomicon":[0],"Boot":[0],"obtain_stats":[{"Potion Belt":6,"downfall:HeartBlessingRed":12,"downfall:HeartBlessingBlue":12,"CeramicFish":24,"Toolbox":21,"downfall:HeartsMalice":0,"downfall:HeartBlessingGreen":12,"Slimebound:AbsorbEndCombat":0,"Black Star":17,"Necronomicon":23,"Boot":10},{"Potion Belt":5,"downfall:HeartBlessingRed":9,"downfall:HeartBlessingBlue":9,"CeramicFish":15,"Toolbox":15,"downfall:HeartsMalice":0,"downfall:HeartBlessingGreen":9,"Slimebound:AbsorbEndCombat":0,"Black Star":12,"Necronomicon":15,"Boot":8},{"Potion Belt":14,"downfall:HeartBlessingRed":33,"downfall:HeartBlessingBlue":33,"CeramicFish":55,"Toolbox":55,"downfall:HeartsMalice":0,"downfall:HeartBlessingGreen":33,"Slimebound:AbsorbEndCombat":0,"Black Star":42,"Necronomicon":55,"Boot":30}]},"card_choices":[{"not_picked":["Slimebound:HauntingLick","Slimebound:GoopSpray"],"picked":"Slimebound:SplitLeeching","floor":2},{"not_picked":["Slimebound:PressTheAttack","Slimebound:SlimeSpikes"],"picked":"Slimebound:GoopSpray","floor":3},{"not_picked":["Slimebound:RollThrough","Slimebound:SamplingLick"],"picked":"Slimebound:FinishingTackle","floor":4},{"not_picked":["Slimebound:SlimeBrawl","Slimebound:DisruptingSlam"],"picked":"Slimebound:LeechingTouch","floor":5},{"not_picked":["Slimebound:GrowthPunch","Slimebound:LivingWall"],"picked":"Slimebound:DouseInSlime","floor":6},{"not_picked":["Slimebound:Schlurp","Slimebound:SplitBruiser"],"picked":"Slimebound:SplitAcid","floor":8},{"not_picked":["Slimebound:MegaLick","Slimebound:BestDefense"],"picked":"Slimebound:SplitBruiser","floor":9},{"not_picked":["Slimebound:HauntingLick","Slimebound:SamplingLick"],"picked":"Slimebound:OozeBath","floor":10},{"not_picked":["Slimebound:Chomp","Slimebound:GoopSpray"],"picked":"Slimebound:SplitBruiser","floor":11},{"not_picked":["Slimebound:Equalize","Slimebound:SplitBruiser"],"picked":"Slimebound:SplitAcid","floor":13},{"not_picked":["Slimebound:SamplingLick","Slimebound:SlimeSpikes"],"picked":"Slimebound:SlimeSlap","floor":15},{"not_picked":["Slimebound:PrepareCrush","Slimebound:MassRepurpose"],"picked":"Slimebound:SelfFormingGoo","floor":16},{"not_picked":["Slimebound:GoopTackle","Slimebound:SplitLeeching+1"],"picked":"Slimebound:SamplingLick+1","floor":19},{"not_picked":["Slimebound:FinishingTackle","Slimebound:ComboTackle"],"picked":"Slimebound:Prepare","floor":20},{"not_picked":["Slimebound:SplitMire+1","Slimebound:SplitLeeching+1"],"picked":"Slimebound:FirmFortitude+1","floor":21}],"player_experience":179144,"relics_obtained":[{"floor":6,"key":"Potion Belt"},{"floor":10,"key":"Boot"},{"floor":23,"key":"Necronomicon"},{"floor":24,"key":"CeramicFish"}],"event_choices":[{"damage_healed":0,"gold_gain":0,"player_choice":"Became a vampire","damage_taken":0,"max_hp_gain":0,"max_hp_loss":21,"event_name":"Vampires","floor":22,"gold_loss":0,"cards_obtained":["Bite","Bite","Bite","Bite","Bite"]}],"is_beta":false,"boss_relics":[{"not_picked":["Astrolabe","Tiny House"],"picked":"Black Star"}],"items_purged_floors":[],"is_endless":false,"potions_floor_spawned":[5,8,10,11,13,15,20],"killed_by":"3 Cultists","ascension_level":0}}