{"host":"okln270zkafj6dck","time":1609236018,"event":{"mods":["BaseMod","Minty Spire (QoL Compilation)","Permanent Neow","Quick Restart","Relic Stats","StSLib","SuperFastMode"],"gold_per_floor":[359,359,10,25,25,54,54,54,54,73,87,87,87,122,122,122,122],"floor_reached":16,"playtime":320,"items_purged":[],"score":215,"play_id":"6c565828-a49c-4fb2-a559-f3d84204eb44","local_time":"20201229020018","is_ascension_mode":true,"campfire_choices":[{"floor":7,"key":"REST"},{"data":"Poisoned Stab","floor":13,"key":"SMITH"},{"data":"Catalyst","floor":15,"key":"SMITH"}],"circlet_count":0,"master_deck":["AscendersBane","Strike_G","Strike_G","Strike_G","Strike_G","Strike_G","Defend_G","Defend_G","Defend_G","Defend_G","Defend_G","Survivor","Neutralize","Dagger Throw","Poisoned Stab+1","Catalyst+1","Crippling Poison","Deadly Poison","Leg Sweep"],"relics":["Ring of the Snake","Anchor","Mummified Hand","Pear","Thread and Needle","Spirit Poop","Smiling Mask"],"acts_visited":["Exordium"],"potions_floor_usage":[6,6],"damage_taken":[{"damage":1,"enemies":"Jaw Worm","floor":1,"turns":7},{"damage":1,"enemies":"Cultist","floor":4,"turns":4},{"damage":54,"enemies":"Lagavulin","floor":6,"turns":7},{"damage":0,"enemies":"Small Slimes","floor":10,"turns":4},{"damage":0,"enemies":"Red Slaver","floor":11,"turns":5},{"damage":22,"enemies":"3 Sentries","floor":14,"turns":12},{"damage":21,"enemies":"Slime Boss","floor":16,"turns":5}],"seed_played":"594063643507640419","potions_obtained":[{"floor":1,"key":"Dexterity Potion"},{"floor":4,"key":"LiquidMemories"}],"is_trial":false,"path_per_floor":["M","?","$","M","$","E","R","$","T","M","M","?","R","E","R","B"],"character_chosen":"THE_SILENT","items_purchased":["Mummified Hand","Poisoned Stab","SteroidPotion"],"campfire_rested":1,"item_purchase_floors":[3,3,3],"current_hp_per_floor":[58,58,58,57,57,13,35,35,35,35,35,35,35,13,13,0,0],"gold":122,"neow_bonus":"TWO_FIFTY_GOLD","is_daily":false,"chose_seed":false,"campfire_upgraded":2,"win_rate":0.0,"timestamp":1609236018,"path_taken":["M","?","$","M","$","E","R","?","T","M","?","?","R","E","R","BOSS"],"items_purchased_type":["Relic","Card","Potion"],"build_version":"2020-12-22","purchased_purges":0,"victory":false,"max_hp_per_floor":[66,66,66,66,66,76,76,76,76,76,76,76,76,76,76,76,76],"relic_stats":{"counters":[7,44],"Mummified Hand":[0],"Smiling Mask":0,"obtain_stats":[{"Anchor":2,"Pear":6,"Mummified Hand":3,"Spirit Poop":12,"Thread and Needle":9,"Smiling Mask":14,"Ring of the Snake":0},{"Anchor":1,"Pear":3,"Mummified Hand":1,"Spirit Poop":5,"Thread and Needle":3,"Smiling Mask":6,"Ring of the Snake":0},{"Anchor":7,"Pear":18,"Mummified Hand":7,"Spirit Poop":27,"Thread and Needle":18,"Smiling Mask":39,"Ring of the Snake":0}],"Ring of the Snake":[14]},"card_choices":[{"not_picked":["Flechettes","Sucker Punch"],"picked":"Dagger Throw","floor":1},{"not_picked":["Quick Slash","Acrobatics"],"picked":"Catalyst","floor":4},{"not_picked":["Blur","Prepared","Deflect"],"picked":"SKIP","floor":6},{"not_picked":["Dagger Spray","Footwork"],"picked":"Crippling Poison","floor":10},{"not_picked":["Bane","Deflect"],"picked":"Deadly Poison","floor":11},{"not_picked":["Cloak And Dagger","Sucker Punch"],"picked":"Leg Sweep","floor":14}],"player_experience":68942,"relics_obtained":[{"floor":6,"key":"Pear"},{"floor":9,"key":"Thread and Needle"},{"floor":14,"key":"Smiling Mask"}],"event_choices":[{"damage_healed":0,"gold_gain":0,"player_choice":"Gave Potion","damage_taken":0,"relics_obtained":["Anchor"],"max_hp_gain":0,"max_hp_loss":0,"event_name":"WeMeetAgain","floor":2,"gold_loss":0},{"cards_removed":["Decay"],"damage_healed":0,"gold_gain":0,"player_choice":"Offered Curse","damage_taken":0,"relics_obtained":["Spirit Poop"],"max_hp_gain":0,"max_hp_loss":0,"event_name":"Bonfire Elementals","floor":12,"gold_loss":0}],"is_beta":false,"boss_relics":[],"items_purged_floors":[],"is_endless":false,"potions_floor_spawned":[1,4],"killed_by":"Slime Boss","ascension_level":20}}