{"host":"sc0o2qwpf9j16a4i","time":1609255870,"event":{"mods":["AchievementEnabler","BaseMod","BetterRewards","Block Reminder","Colored Map","Colored Powertips","Custom Start","Highlight Path","Minty Spire (QoL Compilation)","Relic Stats"],"gold_per_floor":[116,131,142,107,107,107,134,149,174,201,211,224,224,258,258,331,331,344,259,184,238,255,287,287,318,318,331,331,348,361,371,371,371,371],"floor_reached":33,"playtime":1226,"items_purged":[],"score":918,"play_id":"79a467f5-6add-426c-9923-426239ef816d","local_time":"20201229173110","is_ascension_mode":true,"campfire_choices":[{"floor":6,"key":"REST"},{"data":"Armaments","floor":13,"key":"SMITH"},{"data":"Perfected Strike","floor":15,"key":"SMITH"},{"floor":24,"key":"REST"},{"floor":28,"key":"REST"},{"floor":32,"key":"REST"}],"circlet_count":0,"master_deck":["AscendersBane","Strike_R","Strike_R","Strike_R","Defend_R","Defend_R","Defend_R","Defend_R","Bash","Wild Strike","Clothesline","Impervious","Flame Barrier","Thunderclap","Armaments+1","Impervious","Battle Trance+1","Rage+1","Sword Boomerang+1","Uppercut","Dark Embrace+1","Burning Pact","Havoc","Seeing Red+1"],"relics":["Burning Blood","Turnip","Mercury Hourglass","TungstenRod","Charon\u0027s Ashes","Toy Ornithopter","Ancient Tea Set","Blood Vial","StoneCalendar","Astrolabe","Shovel","Omamori","Frozen Egg 2","Letter Opener","Lizard Tail"],"acts_visited":["Exordium","TheCity"],"potions_floor_usage":[10,10,16,22,25,31,31],"damage_taken":[{"damage":0,"enemies":"Cultist","floor":1,"turns":2},{"damage":11,"enemies":"Jaw Worm","floor":2,"turns":3},{"damage":0,"enemies":"Small Slimes","floor":3,"turns":2},{"damage":28,"enemies":"Lagavulin","floor":7,"turns":7},{"damage":7,"enemies":"Blue Slaver","floor":8,"turns":4},{"damage":6,"enemies":"3 Sentries","floor":10,"turns":5},{"damage":5,"enemies":"Exordium Wildlife","floor":11,"turns":2},{"damage":9,"enemies":"Exordium Thugs","floor":12,"turns":4},{"damage":23,"enemies":"Lagavulin","floor":14,"turns":6},{"damage":0,"enemies":"Slime Boss","floor":16,"turns":5},{"damage":12,"enemies":"Shell Parasite","floor":18,"turns":6},{"damage":10,"enemies":"2 Thieves","floor":22,"turns":4},{"damage":39,"enemies":"Gremlin Leader","floor":23,"turns":7},{"damage":45,"enemies":"Slavers","floor":25,"turns":7},{"damage":17,"enemies":"Snake Plant","floor":27,"turns":5},{"damage":9,"enemies":"Snecko","floor":29,"turns":7},{"damage":20,"enemies":"Shelled Parasite and Fungi","floor":30,"turns":7},{"damage":22,"enemies":"Cultist and Chosen","floor":31,"turns":6},{"damage":112,"enemies":"Champ","floor":33,"turns":18}],"seed_played":"8198629865984749747","potions_obtained":[{"floor":2,"key":"SteroidPotion"},{"floor":8,"key":"BloodPotion"},{"floor":10,"key":"Weak Potion"},{"floor":11,"key":"Regen Potion"},{"floor":14,"key":"DuplicationPotion"},{"floor":18,"key":"Explosive Potion"},{"floor":29,"key":"LiquidMemories"},{"floor":30,"key":"Explosive Potion"}],"is_trial":false,"path_per_floor":["M","M","M","?","?","R","E","M","T","E","M","M","R","E","R","B",null,"M","?","?","T","M","E","R","E","T","M","R","M","M","M","R","B"],"character_chosen":"IRONCLAD","items_purchased":["Turnip","Mercury Hourglass","TungstenRod","Charon\u0027s Ashes"],"campfire_rested":4,"item_purchase_floors":[0,0,0,0],"current_hp_per_floor":[27,22,28,46,46,68,46,45,45,70,73,72,72,57,57,70,74,69,69,69,69,71,40,62,45,45,36,58,57,45,41,63,0,0],"gold":371,"neow_bonus":"","is_daily":false,"chose_seed":false,"campfire_upgraded":2,"win_rate":0.0,"timestamp":1609255870,"path_taken":["M","M","?","?","?","R","E","M","T","E","?","M","R","E","R","BOSS","M","?","?","?","M","E","R","E","T","M","R","M","M","M","R","BOSS"],"items_purchased_type":["Relic","Relic","Relic","Relic"],"build_version":"2020-12-22","purchased_purges":0,"victory":false,"max_hp_per_floor":[75,75,75,75,75,75,75,75,75,75,75,75,75,75,75,75,75,75,75,75,75,75,75,75,75,75,75,75,75,75,75,75,75,75],"relic_stats":{"counters":[48,185],"Astrolabe":["Battle Trance","Rage","Sword Boomerang"],"StoneCalendar":[86],"Charon\u0027s Ashes":[1336],"Letter Opener":[44],"Burning Blood":152,"Mercury Hourglass":[336],"Blood Vial":25,"Lizard Tail":37,"Shovel":0,"Turnip":[24],"obtain_stats":[{"Gremlin Horn":14,"SacredBark":17,"Magic Flower":0,"StoneCalendar":14,"Incense Burner":40,"Bottled Tornado":28,"Cursed Key":34,"Smiling Mask":42,"Ancient Tea Set":9,"Burning Blood":0,"Blood Vial":10,"Frozen Eye":46,"Nunchaku":8,"Lizard Tail":26,"Shovel":19,"Mummified Hand":0,"Gambling Chip":37,"Toxic Egg 2":44,"InkBottle":27,"Happy Flower":4,"Dead Branch":0,"Astrolabe":17,"Charon\u0027s Ashes":0,"The Courier":25,"Omamori":21,"Letter Opener":25,"War Paint":9,"Frozen Egg 2":23,"Medical Kit":0,"White Beast Statue":6,"Mercury Hourglass":0,"Peace Pipe":23,"Bird Faced Urn":31,"Snecko Eye":0,"Mark of Pain":0,"Turnip":0,"Bottled Lightning":31,"StrikeDummy":12,"FossilizedHelix":26,"TungstenRod":0,"Toy Ornithopter":7},{"Gremlin Horn":10,"SacredBark":11,"Magic Flower":0,"StoneCalendar":38,"Incense Burner":23,"Bottled Tornado":15,"Cursed Key":19,"Smiling Mask":25,"Ancient Tea Set":34,"Burning Blood":0,"Blood Vial":35,"Frozen Eye":27,"Nunchaku":5,"Lizard Tail":43,"Shovel":40,"Mummified Hand":0,"Gambling Chip":21,"Toxic Egg 2":26,"InkBottle":15,"Happy Flower":3,"Dead Branch":0,"Astrolabe":39,"Charon\u0027s Ashes":0,"The Courier":14,"Omamori":40,"Letter Opener":43,"War Paint":5,"Frozen Egg 2":42,"Medical Kit":0,"White Beast Statue":4,"Mercury Hourglass":29,"Peace Pipe":13,"Bird Faced Urn":18,"Snecko Eye":0,"Mark of Pain":0,"Turnip":29,"Bottled Lightning":18,"StrikeDummy":8,"FossilizedHelix":14,"TungstenRod":29,"Toy Ornithopter":33},{"Gremlin Horn":23,"SacredBark":26,"Magic Flower":0,"StoneCalendar":114,"Incense Burner":55,"Bottled Tornado":38,"Cursed Key":47,"Smiling Mask":61,"Ancient Tea Set":97,"Burning Blood":0,"Blood Vial":102,"Frozen Eye":66,"Nunchaku":12,"Lizard Tail":143,"Shovel":125,"Mummified Hand":0,"Gambling Chip":52,"Toxic Egg 2":63,"InkBottle":38,"Happy Flower":4,"Dead Branch":0,"Astrolabe":119,"Charon\u0027s Ashes":0,"The Courier":35,"Omamori":125,"Letter Opener":143,"War Paint":12,"Frozen Egg 2":136,"Medical Kit":0,"White Beast Statue":8,"Mercury Hourglass":80,"Peace Pipe":32,"Bird Faced Urn":43,"Snecko Eye":0,"Mark of Pain":0,"Turnip":80,"Bottled Lightning":43,"StrikeDummy":19,"FossilizedHelix":35,"TungstenRod":80,"Toy Ornithopter":94}],"TungstenRod":50,"Toy Ornithopter":34},"card_choices":[{"not_picked":["Dark Embrace","Dual Wield"],"picked":"Perfected Strike","floor":1},{"not_picked":["Armaments","True Grit"],"picked":"Wild Strike","floor":2},{"not_picked":["Wild Strike","Clash"],"picked":"Clothesline","floor":3},{"not_picked":["Dark Embrace","Barricade"],"picked":"Flame Barrier","floor":7},{"not_picked":["Searing Blow","Headbutt"],"picked":"Perfected Strike","floor":8},{"not_picked":["Havoc","Armaments"],"picked":"Thunderclap","floor":10},{"not_picked":["Shrug It Off","Dual Wield"],"picked":"Armaments","floor":11},{"not_picked":["Heavy Blade","Armaments","Rage"],"picked":"SKIP","floor":12},{"not_picked":["Reckless Charge","Body Slam","Flex"],"picked":"SKIP","floor":14},{"not_picked":["Barricade","Limit Break"],"picked":"Impervious","floor":16},{"not_picked":["Warcry","Havoc","Headbutt"],"picked":"SKIP","floor":18},{"not_picked":["Thunderclap","Iron Wave","Headbutt"],"picked":"SKIP","floor":22},{"not_picked":["Anger","Twin Strike"],"picked":"Uppercut","floor":23},{"not_picked":["Sword Boomerang","Anger+1"],"picked":"Dark Embrace+1","floor":25},{"not_picked":["Bloodletting+1","Dark Embrace+1"],"picked":"Burning Pact","floor":27},{"not_picked":["Infernal Blade","Iron Wave","Perfected Strike"],"picked":"SKIP","floor":29},{"not_picked":["Pommel Strike","Dual Wield"],"picked":"Havoc","floor":30},{"not_picked":["Heavy Blade+1","Twin Strike+1"],"picked":"Seeing Red+1","floor":31}],"player_experience":395948,"relics_obtained":[{"floor":7,"key":"Toy Ornithopter"},{"floor":9,"key":"Ancient Tea Set"},{"floor":10,"key":"Blood Vial"},{"floor":14,"key":"StoneCalendar"},{"floor":21,"key":"Omamori"},{"floor":23,"key":"Frozen Egg 2"},{"floor":25,"key":"Letter Opener"},{"floor":26,"key":"Lizard Tail"}],"event_choices":[{"damage_healed":18,"gold_gain":0,"player_choice":"Healed","damage_taken":0,"max_hp_gain":0,"max_hp_loss":0,"event_name":"The Cleric","floor":4,"gold_loss":35},{"damage_healed":0,"gold_gain":0,"player_choice":"1 cards matched","damage_taken":0,"max_hp_gain":0,"max_hp_loss":0,"event_name":"Match and Keep!","floor":5,"gold_loss":0,"cards_obtained":["Impervious"]},{"damage_healed":0,"gold_gain":0,"player_choice":"Obtained Relic","damage_taken":0,"relics_obtained":["Shovel"],"max_hp_gain":0,"max_hp_loss":0,"event_name":"Addict","floor":19,"gold_loss":85},{"cards_removed":["Strike_R"],"damage_healed":0,"gold_gain":0,"player_choice":"Gave Gold","damage_taken":0,"max_hp_gain":0,"max_hp_loss":0,"event_name":"Beggar","floor":20,"gold_loss":75}],"is_beta":false,"boss_relics":[{"not_picked":["Black Blood","Pandora\u0027s Box"],"picked":"Astrolabe"}],"items_purged_floors":[],"is_endless":false,"potions_floor_spawned":[2,8,10,11,14,18,29,30],"killed_by":"Champ","ascension_level":20}}