{"host":"ymw71f7rc9ndansy","time":1609234181,"event":{"mods":["ATMod(°¢èªMod)","Act Like it!","Aspiration","BaseMod","DeckTracker","Hubris","Library of Ruina","Library of Ruina Extra","Lobotomy","LobotomyExtend","Minty Spire (QoL Compilation)","MostiFishMod","Remove Card Discount Mod","Replay The Spire","StSLib","TestMod","¡¾ÒÅÎï¿¨ÅÆ¡¿REMEMod"],"gold_per_floor":[113,128,128,122,86,119,119,153,153,182,182,193,205,0,0,74,74,90,90,106,106,106,137,171,206,206,200,215,249,259,276,276,353,353,365,381,377,377,389,414,448,474,553,553,581,581,74,74,74,74,74,74,74,74,70,103,103],"floor_reached":58,"playtime":2987,"items_purged":["LightAttack","LightAttack","LightDefense","LightAttack","FocusedStrikes","LightDefense","Dodge+1","QuickAttack","PunishingBird","ChargeAndCover","LightDefense+1","LightDefense+1","WhiteNight","HereticApostle"],"score":4113,"play_id":"03f564b8-10c7-475d-9f42-4a251946fe42","local_time":"20201229172941","is_ascension_mode":true,"campfire_choices":[{"data":"TheRedNotes","floor":7,"key":"SMITH"},{"data":"AT_RealColorLess","floor":11,"key":"SMITH"},{"data":"testmod-Wormhole","floor":15,"key":"SMITH"},{"data":"UnforgettableMelody","floor":44,"key":"SMITH"},{"data":"FrontalAssault","floor":46,"key":"SMITH"},{"floor":49,"key":"RECALL"},{"data":"WillOfThePrescript","floor":54,"key":"SMITH"}],"circlet_count":0,"master_deck":["AscendersBane","AT_RealColorLess+1","Bullet Time+1","Multislash+1","TheRedNotes+1","WillOfThePrescript+1","FrontalAssault+1","RepressedFlesh+1","testmod-Wormhole+1","LeRegole+1","UnforgettableMelody+1","Commandeering","BlueStar","UnavoidableGaze","EmotionalTurbulence"],"relics":["PageOfLibrarian","testmod-TestBox","DaveBox","REME_ComplimentaryCards","AT_ATBox","FeatherPendant","testmod-EqualTreatment","CogitoBucket","RabbitCall","SynthV:TestCard","War Paint","AT_SeraphEmbrace","WingedGreaves","ResearcherNote","Busted Crown","Ancient Tea Set","Replay:Wax Seal","Replay:Ringing Soul","Whetstone","AdjustmentMirror","Quantum Egg","AT_TrinityForce","AtMidnight","ChangeAnything","DeathAngel","ReplayTheSpireMod:Ninjato","aspiration:ChemicalBlood","PageOfPorccubus","AT_RedNoBalance","Bag of Preparation","testmod-Charity","testmod-Hope","Replay:Mystery Machine"],"acts_visited":["Exordium","TheCity","TheBeyond","TheEnding"],"potions_floor_usage":[],"damage_taken":[{"damage":10,"enemies":"Small Slimes","floor":1,"turns":2},{"damage":0,"enemies":"Jaw Worm","floor":2,"turns":2},{"damage":0,"enemies":"Lagavulin","floor":6,"turns":2},{"damage":0,"enemies":"Gremlin Nob","floor":8,"turns":2},{"damage":1,"enemies":"Lagavulin","floor":10,"turns":3},{"damage":6,"enemies":"Cultist","floor":12,"turns":3},{"damage":6,"enemies":"Exordium Wildlife","floor":13,"turns":3},{"damage":4,"enemies":"The Guardian","floor":16,"turns":1},{"damage":0,"enemies":"Chosen","floor":18,"turns":1},{"damage":0,"enemies":"Shell Parasite","floor":20,"turns":1},{"damage":0,"enemies":"Replay:Snechameleon","floor":23,"turns":1},{"damage":0,"enemies":"Book of Stabbing","floor":24,"turns":1},{"damage":0,"enemies":"Gremlin Leader","floor":25,"turns":1},{"damage":0,"enemies":"Centurion and Healer","floor":28,"turns":2},{"damage":0,"enemies":"Slavers","floor":29,"turns":1},{"damage":0,"enemies":"Snecko","floor":30,"turns":1},{"damage":0,"enemies":"Chosen and Byrds","floor":31,"turns":1},{"damage":0,"enemies":"Collector","floor":33,"turns":1},{"damage":0,"enemies":"3 Darklings","floor":35,"turns":1},{"damage":0,"enemies":"3 Shapes","floor":36,"turns":1},{"damage":0,"enemies":"Spire Growth","floor":38,"turns":1},{"damage":0,"enemies":"Spire Growth","floor":39,"turns":1},{"damage":4,"enemies":"R_Hoarder","floor":40,"turns":3},{"damage":0,"enemies":"Reptomancer","floor":41,"turns":1},{"damage":4,"enemies":"Nemesis","floor":42,"turns":3},{"damage":4,"enemies":"R_Hoarder","floor":45,"turns":2},{"damage":0,"enemies":"Donu and Deca","floor":50,"turns":1},{"damage":4,"enemies":"Awakened One","floor":51,"turns":2},{"damage":0,"enemies":"Shield and Spear","floor":56,"turns":1},{"damage":0,"enemies":"The Heart","floor":57,"turns":4}],"seed_played":"2624686965332111247","potions_obtained":[{"floor":2,"key":"Energy Potion"},{"floor":16,"key":"SpeedPotion"}],"is_trial":false,"path_per_floor":["M","M","?","$","?","E","R","E","T","E","R","M","M","$","R","B",null,"M","$","M","?","$","E","E","E","T","$","M","E","M","M","R","B",null,"M","M","$","M","M","E","E","E","T","R","E","R","$","?","R","B","B",null,null,"R","$","E","B",null],"character_chosen":"Librarian","items_purchased":["testmod-Wormhole","UnavoidableGaze","testmod-Charity","testmod-Hope"],"campfire_rested":0,"item_purchase_floors":[14,47,47,47],"current_hp_per_floor":[44,44,23,23,23,25,25,27,27,30,30,24,20,20,20,16,69,69,69,69,69,69,69,69,69,69,69,86,86,89,89,89,89,89,89,92,92,92,92,95,95,95,95,95,95,95,95,95,95,98,98,98,98,98,98,102,102],"gold":103,"neow_bonus":"","is_daily":false,"chose_seed":false,"campfire_upgraded":6,"win_rate":0.0,"timestamp":1609234181,"path_taken":["M","M","?","$","?","E","R","E","T","E","R","M","?","$","R","BOSS","M","$","M","?","$","E","E","E","T","$","M","E","M","M","R","BOSS","M","M","$","M","M","E","E","E","T","R","E","R","$","?","R","BOSS","BOSS","R","$","E","BOSS"],"items_purchased_type":["Card","Card","Relic","Relic"],"build_version":"2020-12-22","purchased_purges":14,"victory":true,"max_hp_per_floor":[70,70,70,70,70,70,70,86,86,86,86,86,86,86,86,86,86,86,86,86,86,86,86,86,86,86,86,86,86,89,89,89,89,89,89,92,92,92,95,95,95,95,95,95,95,95,98,98,98,98,98,98,98,98,98,102,102],"card_choices":[{"not_picked":["CrumblingArmor","BeautyBeast"],"picked":"PunishingBird","floor":1},{"not_picked":["MultiBlock","FlowOfTheSword","ToWhereThePrescriptPoints","Endure","SmokingPipe","QuickAttack","EnergyShield","SilentNight"],"picked":"Multislash","floor":1},{"not_picked":["LittleHelper","UniverseFragment","MeatLantern"],"picked":"Singing Bowl","floor":2},{"not_picked":["SuppressingShot","TasteMyFlamingBat","IllEndYou","StructuralAnalysis","FleetEdge","ButterflySlash","PreemptiveStrike","StrongStrike","WrathOfTorment","SharpSwipe"],"picked":"TheRedNotes","floor":2},{"not_picked":["Faith","UnavoidableGaze","StartinOutLightly","Leap_lor","SunsetBlade","Punishment","TheRedNotes","SinglePointStab","Brawl","UpbeatPerformance"],"picked":"WillOfThePrescript","floor":6},{"not_picked":["MeatLantern","WallGazer","OSAHOGD"],"picked":"Singing Bowl","floor":6},{"not_picked":["VoidDream","OSAHOGD","QueenOfHatred"],"picked":"Singing Bowl","floor":8},{"not_picked":["SomberProcuration","GatherIntel","ForTheFamily","RulesOfTheBackstreets","WillBeTasty","FeatherShield","ProselytesBlade","SuppressingShot","Cruelty","Marionette"],"picked":"FrontalAssault","floor":8},{"not_picked":["UniverseFragment","QueenOfHatred","CherryBlossoms"],"picked":"Singing Bowl","floor":10},{"not_picked":["FrontalAssault","MultiHit","Diversion","StrongStrike","UncannyStrike","Tailoring","Multislash","TrimTheIngredients","Riposte","InnerArdor"],"picked":"QuickAttack","floor":10},{"not_picked":["LaLuna","WallGazer","NakedNest"],"picked":"Singing Bowl","floor":12},{"not_picked":["DestructiveImpact","DimensionalRift","Faith","Quickness","KeepItFresh","FeelinGood","Pound","ClassAndRespect","BlowItUp","DefenseOrder","InkOver"],"picked":"SKIP","floor":12},{"not_picked":["UniverseFragment","MHz","QueenBee"],"picked":"Singing Bowl","floor":13},{"not_picked":["HighKick","FleetEdge","SuppressingShot","ShrineToMusic","DefenseOrder","Thrust","SmokingPipe","Rewind","PreemptiveStrike","UnavoidableGaze"],"picked":"RepressedFlesh","floor":13},{"not_picked":["VoidDream","LaLuna","DespairKnight"],"picked":"Singing Bowl","floor":16},{"not_picked":["Cruelty","TieShanKao","Decapitation","DaringDecision"],"picked":"LeRegole","floor":16},{"not_picked":["LittleHelper","SingingMachine","Murderer"],"picked":"Singing Bowl","floor":18},{"not_picked":["Outburst+1","Diversion","StrongStrike+1","BlowItUp","HardRehearsal","DarkCloud","FlowOfTheSword+1","SpearedSweep"],"picked":"UnforgettableMelody","floor":18},{"not_picked":["CherryBlossoms","Yin","GalaxyChild"],"picked":"Singing Bowl","floor":20},{"not_picked":["MultiHit","FeelinGood","Feast","EnergyShield","Preparation","DriedUp","Diversion","LoosenUp","Slice_lor+1"],"picked":"SKIP","floor":20},{"not_picked":["SpiderBud","FieryBird","OldLady"],"picked":"Singing Bowl","floor":23},{"not_picked":["BoundaryOfDeath","FierceCharge","Guardian_lor","Ripple","QuickAttack","BackAttack+1","ClassAndRespect","OpportunitySpotted","HighSpeedStabbing"],"picked":"SKIP","floor":23},{"not_picked":["Mercenary","HeroicMonk","LaLuna"],"picked":"Singing Bowl","floor":24},{"not_picked":["HeavyPeaks","UpbeatPerformance","GuardingStance","Pound","AGoldenOpportunity","RulesOfTheBackstreets","GatherIntel+1","LeRegole","EndlessBattle"],"picked":"SKIP","floor":24},{"not_picked":["HeroicMonk","BeautyBeast","Laetitia"],"picked":"Singing Bowl","floor":25},{"not_picked":["Marionette","ShrineToMusic","DaringDecision","HiddenBlade","FlashOfSunup","MultiHit+1","StructuralAnalysis","DefenseOrder","FierceOnslaught"],"picked":"SKIP","floor":25},{"not_picked":["LittlePrince","MeltingLove","CherryBlossoms"],"picked":"Singing Bowl","floor":28},{"not_picked":["GuidanceOfTheGears+1","SteelKnuckles","HighKick","TheRedNotes","Track","WillOfThePrescript","QuickAttack","DefenseOrder","FlashingStrike"],"picked":"SKIP","floor":28},{"not_picked":["Variant","WhitesApple","LittleHelper"],"picked":"Singing Bowl","floor":29},{"not_picked":["Cruelty","EnergyCycle","CircusKnives","AsThePrescriptOrders","CutIn","FierceOnslaught","ProselytesBlade","StrongStrike","FrontalAssault"],"picked":"SKIP","floor":29},{"not_picked":["DreamingCurrent","WhitesApple","BigBadWolf"],"picked":"Singing Bowl","floor":30},{"not_picked":["EnergyCycle","TendonChords","Wallop_lor","Diversion","SmokingPipe","HardRehearsal","DarkCloud","Unlock1"],"picked":"EmotionalTurbulence","floor":30},{"not_picked":["LittleHelper","FairyFestival","OldLady"],"picked":"Singing Bowl","floor":31},{"not_picked":["SharpenedBlade","KeepItFresh","HandleRequest","YourShield","ElectricShock","Leap_lor","DefenseOrder","Quickness","AsThePrescriptOrders"],"picked":"SKIP","floor":31},{"not_picked":["Woodsman","LittleHelper","CENSORED"],"picked":"Singing Bowl","floor":33},{"not_picked":["BeautyBeast","GreedKing","MHz"],"picked":"Singing Bowl","floor":35},{"not_picked":["RulesOfTheBackstreets+1","GuardingStance","LeRegole","WrathOfTorment","Thrust+1","ClassAndRespect","TendonChords","Rampage_lor","BizarreAttack+1"],"picked":"SKIP","floor":35},{"not_picked":["Scarecrow","LongBird"],"picked":"WhiteNight","floor":36},{"not_picked":["GuidanceOfTheGears","DevastatingThrash","ViolentFlame","StrongStrike","TendonChords","SmokingPipe","ChopItOff","ClassAndRespect"],"picked":"Commandeering","floor":36},{"not_picked":["LittlePrince","Woodsman","MeltingLove"],"picked":"Singing Bowl","floor":38},{"not_picked":["SilentOrchestra","Variant","GalaxyChild"],"picked":"Singing Bowl","floor":39},{"not_picked":["BeautyBeast","CENSORED"],"picked":"BlueStar","floor":39},{"not_picked":["ExtremeEdge","GuardingStance","HighKick+1","Outburst","FocusFire","UpbeatPerformance","Mutilate+1","FierceCharge+1","EndlessBattle"],"picked":"SKIP","floor":39},{"not_picked":["HeroicMonk","PunishingBird","Alriune"],"picked":"Singing Bowl","floor":40},{"not_picked":["TendonChords","Punishment","QuickAttack","DefenseOrder+1","HardRehearsal","Gigigig","UnforgettableMelody","SuppressingShot","DirtyBlow"],"picked":"SKIP","floor":40},{"not_picked":["Funeral","SingingMachine","RedShoes"],"picked":"Singing Bowl","floor":41},{"not_picked":["StructuralAnalysis","LossOfSenses","AutonomousRush","FlyingSword","GutHarvesting","SunsetBlade","UnavoidableGaze+1","SuppressingShot","MindPrepared+1"],"picked":"SKIP","floor":41},{"not_picked":["Funeral","CENSORED","BlackArmy"],"picked":"Singing Bowl","floor":42},{"not_picked":["DefenseOrder+1","TheArtOfRapidSteps","YoureAHindrance","TendonChords","Quickness","BladeWhirl+1","StrongStrike","Leap_lor","GoinFirst"],"picked":"SKIP","floor":42},{"not_picked":["DespairKnight","SilentOrchestra","LittlePrince"],"picked":"Singing Bowl","floor":45},{"not_picked":["DefenseOrder","GoinFirst","FierceOnslaught","DevastatingThrash","Riposte+1","GuidanceOfTheGears","ChargeUp","BiteOff","ViolentFlame"],"picked":"SKIP","floor":45},{"not_picked":["GreedKing","LittlePrince","MeltingLove"],"picked":"Singing Bowl","floor":56},{"not_picked":["FendThisOffIfYouCan","SmokingPipe+1","Diversion","FleetEdge","MultiHit","Eject+1","BayonetCombat","SummaryJudgment"],"picked":"EmotionalTurbulence","floor":56}],"player_experience":1055486,"relics_obtained":[{"floor":1,"key":"SynthV:TestCard"},{"floor":6,"key":"War Paint"},{"floor":8,"key":"AT_ArchangelStaff"},{"floor":10,"key":"WingedGreaves"},{"floor":23,"key":"Ancient Tea Set"},{"floor":24,"key":"Replay:Wax Seal"},{"floor":25,"key":"Replay:Ringing Soul"},{"floor":26,"key":"Whetstone"},{"floor":29,"key":"Quantum Egg"},{"floor":35,"key":"AtMidnight"},{"floor":38,"key":"DeathAngel"},{"floor":40,"key":"ReplayTheSpireMod:Ninjato"},{"floor":41,"key":"aspiration:ChemicalBlood"},{"floor":42,"key":"PageOfPorccubus"},{"floor":43,"key":"AT_SilverBalance"},{"floor":45,"key":"Bag of Preparation"},{"floor":56,"key":"Replay:Mystery Machine"}],"event_choices":[{"damage_healed":0,"gold_gain":0,"player_choice":"Entered Light","damage_taken":21,"max_hp_gain":0,"max_hp_loss":0,"event_name":"Shining Light","floor":3,"gold_loss":0,"cards_upgraded":["Dodge","LightDefense"]},{"damage_healed":0,"gold_gain":0,"player_choice":"Left Gold","damage_taken":0,"max_hp_gain":0,"max_hp_loss":0,"event_name":"World of Goop","floor":5,"gold_loss":36},{"damage_healed":0,"gold_gain":0,"player_choice":"0 cards matched","damage_taken":0,"max_hp_gain":0,"max_hp_loss":0,"event_name":"Match and Keep!","floor":48,"gold_loss":0,"cards_obtained":[]}],"is_beta":false,"boss_relics":[{"not_picked":["HaiYi:Twilight","testmod-StringDisintegrator"],"picked":"Busted Crown"},{"not_picked":["hubris:ScarierMask","Snecko Eye"],"picked":"AT_TrinityForce"}],"items_purged_floors":[4,4,4,14,14,14,14,27,27,27,37,37,55,55],"is_endless":false,"potions_floor_spawned":[2,16,20,30,31,36],"ascension_level":20}}