{"host":"31s8hzukbhz1k6i6","time":1609272306,"event":{"mods":["AchievementEnabler","BaseMod","Colored Map","Filter the Spire","Minty Spire (QoL Compilation)","Relic Stats","UnlockEverythingMod","ojb\u0027s Info Mod"],"gold_per_floor":[109,284,300,300,320,320,330,365,365,54,54,24,58,58,58,155,205,220,34,34,34,34,34,67,67,67,79,79,79,29,40,40,144,144,163,174,174,174,187,187,187,198,198,213,238,250,300,300,300,300],"floor_reached":51,"playtime":2563,"items_purged":["Doubt","Decay"],"score":1289,"play_id":"34cfb8e4-a70e-47ff-80e8-e0cbaf9daff2","local_time":"20201229120506","is_ascension_mode":true,"campfire_choices":[{"data":"Bouncing Flask","floor":6.0,"key":"SMITH"},{"data":"Catalyst","floor":11.0,"key":"SMITH"},{"floor":15.0,"key":"REST"},{"data":"Footwork","floor":23,"key":"SMITH"},{"data":"Burst","floor":32,"key":"SMITH"},{"data":"Wraith Form v2","floor":41,"key":"SMITH"},{"data":"Noxious Fumes","floor":49,"key":"SMITH"}],"circlet_count":0,"master_deck":["AscendersBane","Strike_G+1","Defend_G+1","Defend_G+1","Defend_G+1","Defend_G+1","Defend_G+1","Survivor","Quick Slash","Acrobatics","Catalyst+1","Burst+1","Impatience","Bouncing Flask+1","Deadly Poison","Outmaneuver","Venomology","Finesse","Backflip+1","Corpse Explosion","PiercingWail","Footwork+1","Writhe","Well Laid Plans+1","Deflect","Ghostly","Ghostly","Ghostly","Ghostly","Ghostly","Wraith Form v2+1","Distraction+1","Tactician+1","Venomology+1","Noxious Fumes+1","Deflect+1","Master of Strategy","Master of Strategy","Footwork+1","Deadly Poison+1"],"relics":["Ring of the Snake","Bronze Scales","Blood Vial","Oddly Smooth Stone","Gremlin Horn","Tiny House","Membership Card","Meat on the Bone","Mercury Hourglass","Happy Flower","CaptainsWheel","Astrolabe","Art of War","StoneCalendar"],"acts_visited":["Exordium","TheCity","TheBeyond"],"potions_floor_usage":[24,33,33,33,33,33,35,36,39,42,44,44,44,44,45,47,47,50],"damage_taken":[{"damage":2.0,"enemies":"Jaw Worm","floor":1.0,"turns":5.0},{"damage":1.0,"enemies":"Cultist","floor":3.0,"turns":5.0},{"damage":3.0,"enemies":"Small Slimes","floor":5.0,"turns":4.0},{"damage":6.0,"enemies":"2 Fungi Beasts","floor":7.0,"turns":4.0},{"damage":18.0,"enemies":"3 Sentries","floor":8.0,"turns":9.0},{"damage":4.0,"enemies":"Looter","floor":12.0,"turns":4.0},{"damage":12.0,"enemies":"Gremlin Nob","floor":13.0,"turns":4.0},{"damage":0.0,"enemies":"Slime Boss","floor":16.0,"turns":6.0},{"damage":6.0,"enemies":"3 Byrds","floor":18.0,"turns":2.0},{"damage":47,"enemies":"Book of Stabbing","floor":24,"turns":9},{"damage":0,"enemies":"Spheric Guardian","floor":27,"turns":2},{"damage":0,"enemies":"Shelled Parasite and Fungi","floor":31,"turns":4},{"damage":26,"enemies":"Collector","floor":33,"turns":9},{"damage":0,"enemies":"3 Shapes","floor":35,"turns":3},{"damage":0,"enemies":"Orb Walker","floor":36,"turns":5},{"damage":2,"enemies":"Transient","floor":39,"turns":5},{"damage":2,"enemies":"Maw","floor":42,"turns":10},{"damage":2,"enemies":"3 Darklings","floor":44,"turns":7},{"damage":1,"enemies":"Nemesis","floor":45,"turns":9},{"damage":0,"enemies":"Spire Growth","floor":46,"turns":7},{"damage":0,"enemies":"Mind Bloom Boss Battle","floor":47,"turns":6},{"damage":0,"enemies":"Time Eater","floor":50,"turns":8}],"seed_played":"6767958211661689985","potions_obtained":[{"floor":5.0,"key":"EssenceOfSteel"},{"floor":16.0,"key":"DuplicationPotion"},{"floor":24,"key":"Regen Potion"}],"is_trial":false,"path_per_floor":["M","?","M","?","M","R","M","E","T","$","R","M","E","?","R","B",null,"M","$","?","?","?","R","E","T","T","M","?","?","$","M","R","B",null,"M","M","?","?","M","?","R","M","T","M","E","M","?","?","R","B",null],"character_chosen":"THE_SILENT","items_purchased":["Venomology","Finesse","Membership Card","Footwork"],"campfire_rested":1,"item_purchase_floors":[10,10,19,19],"current_hp_per_floor":[61,61,60,60,57,57,51,33,33,33,33,31,21,14,35,37,67,63,63,63,63,63,63,30,30,30,44,37,37,37,37,37,26,34,36,37,37,37,35,25,25,25,25,37,36,37,37,37,37,37],"gold":300,"neow_bonus":"RANDOM_COMMON_RELIC","is_daily":false,"chose_seed":false,"campfire_upgraded":6,"win_rate":0.0,"timestamp":1609272306,"path_taken":["M","?","M","?","M","R","M","E","T","$","R","?","E","?","R","BOSS","M","$","?","?","?","R","E","?","T","?","?","?","$","M","R","BOSS","M","?","?","?","M","?","R","M","T","M","E","M","?","?","R","BOSS"],"items_purchased_type":["Card","Card","Relic","Card"],"build_version":"2020-12-22","purchased_purges":2,"victory":true,"max_hp_per_floor":[70,70,70,70,70,70,70,70,70,70,70,70,70,70,70,70,75,75,75,75,75,75,75,75,75,75,75,37,37,37,37,37,37,37,37,37,37,37,37,37,37,37,37,37,37,37,37,37,37,37],"relic_stats":{"Blood Vial":20,"Gremlin Horn":[9,9],"Happy Flower":[25],"counters":[22,127],"Bronze Scales":[415],"Astrolabe":["Distraction","Tactician","Venomology"],"StoneCalendar":[52],"Art of War":[16],"obtain_stats":[{"Tiny House":17,"Gremlin Horn":13,"Happy Flower":25,"Astrolabe":34,"Oddly Smooth Stone":9,"StoneCalendar":47,"Mercury Hourglass":24,"Blood Vial":8,"CaptainsWheel":26,"Bronze Scales":0,"Art of War":45,"Membership Card":19,"Ring of the Snake":0,"Meat on the Bone":21},{"Tiny House":8,"Gremlin Horn":7,"Happy Flower":10,"Astrolabe":13,"Oddly Smooth Stone":5,"StoneCalendar":21,"Mercury Hourglass":10,"Blood Vial":5,"CaptainsWheel":10,"Bronze Scales":0,"Art of War":19,"Membership Card":9,"Ring of the Snake":0,"Meat on the Bone":9},{"Tiny House":41,"Gremlin Horn":35,"Happy Flower":52,"Astrolabe":67,"Oddly Smooth Stone":27,"StoneCalendar":119,"Mercury Hourglass":52,"Blood Vial":27,"CaptainsWheel":52,"Bronze Scales":0,"Art of War":106,"Membership Card":43,"Ring of the Snake":0,"Meat on the Bone":43}],"Ring of the Snake":[44],"Meat on the Bone":36,"Mercury Hourglass":[252]},"card_choices":[{"not_picked":["Prepared","Underhanded Strike"],"picked":"Quick Slash","floor":1.0},{"not_picked":["Well Laid Plans","Sucker Punch"],"picked":"Acrobatics","floor":3.0},{"not_picked":["Sucker Punch","Accuracy"],"picked":"Bouncing Flask","floor":5.0},{"not_picked":["Well Laid Plans","Poisoned Stab"],"picked":"Deadly Poison","floor":7.0},{"not_picked":["Choke","Storm of Steel"],"picked":"Outmaneuver","floor":8.0},{"not_picked":["Predator","Bane"],"picked":"Backflip","floor":12.0},{"not_picked":["Deadly Poison","Dodge and Roll","Caltrops"],"picked":"SKIP","floor":13.0},{"not_picked":["Tools of the Trade","Wraith Form v2"],"picked":"Corpse Explosion","floor":16.0},{"not_picked":["Dash","Expertise"],"picked":"PiercingWail","floor":17.0},{"not_picked":["Blade Dance","Infinite Blades","PiercingWail"],"picked":"SKIP","floor":18.0},{"not_picked":["PiercingWail","Riddle With Holes+1"],"picked":"Well Laid Plans","floor":24},{"not_picked":["Cloak And Dagger+1","Eviscerate","Deflect"],"picked":"SKIP","floor":27},{"not_picked":["Cloak And Dagger+1","Eviscerate"],"picked":"Deflect","floor":27},{"not_picked":["Blade Dance","Bane","Acrobatics"],"picked":"SKIP","floor":31},{"not_picked":["Die Die Die","Phantasmal Killer"],"picked":"Wraith Form v2","floor":33},{"not_picked":["Dodge and Roll","Finisher+1"],"picked":"Noxious Fumes","floor":35},{"not_picked":["Dagger Throw+1","Sucker Punch","Caltrops"],"picked":"SKIP","floor":36},{"not_picked":["Dagger Spray+1","Eviscerate"],"picked":"Deflect+1","floor":39},{"not_picked":["Magnetism","Flash of Steel"],"picked":"Master of Strategy","floor":40},{"not_picked":["Dramatic Entrance","Apotheosis"],"picked":"Master of Strategy","floor":40},{"not_picked":["Prepared","Blade Dance+1","Underhanded Strike+1"],"picked":"SKIP","floor":42},{"not_picked":["Flying Knee+1","Backflip+1"],"picked":"Footwork+1","floor":44},{"not_picked":["Blade Dance+1","Concentrate"],"picked":"Deadly Poison+1","floor":45},{"not_picked":["Distraction+1","Bane","Skewer"],"picked":"SKIP","floor":46}],"player_experience":74570,"relics_obtained":[{"floor":8.0,"key":"Blood Vial"},{"floor":9.0,"key":"Oddly Smooth Stone"},{"floor":13.0,"key":"Gremlin Horn"},{"floor":24,"key":"Mercury Hourglass"},{"floor":25,"key":"Happy Flower"},{"floor":26,"key":"CaptainsWheel"},{"floor":45,"key":"Art of War"},{"floor":47,"key":"StoneCalendar"}],"event_choices":[{"damage_healed":0.0,"max_hp_gain":0.0,"max_hp_loss":0.0,"gold_gain":175.0,"event_name":"Liars Game","player_choice":"AGREE","floor":2.0,"gold_loss":0.0,"damage_taken":0.0,"cards_obtained":["Doubt"]},{"damage_healed":0.0,"max_hp_gain":0.0,"max_hp_loss":0.0,"gold_gain":0.0,"event_name":"Match and Keep!","player_choice":"3 cards matched","floor":4.0,"gold_loss":0.0,"damage_taken":0.0,"cards_obtained":["Catalyst","Burst","Impatience"]},{"damage_healed":0.0,"max_hp_gain":0.0,"max_hp_loss":0.0,"gold_gain":0.0,"event_name":"Match and Keep!","player_choice":"3 cards matched","floor":4.0,"gold_loss":0.0,"damage_taken":0.0,"cards_obtained":["Catalyst","Burst","Impatience"]},{"cards_removed":["Strike_G"],"damage_healed":0.0,"max_hp_gain":0.0,"max_hp_loss":0.0,"gold_gain":0.0,"event_name":"Golden Wing","player_choice":"Card Removal","floor":14.0,"gold_loss":0.0,"damage_taken":7.0},{"damage_healed":0,"gold_gain":0,"player_choice":"Ignored","damage_taken":0,"max_hp_gain":0,"max_hp_loss":0,"event_name":"Cursed Tome","floor":20,"gold_loss":0},{"damage_healed":0,"gold_gain":0,"player_choice":"Opened","damage_taken":0,"relics_obtained":["Meat on the Bone"],"max_hp_gain":0,"max_hp_loss":0,"event_name":"The Mausoleum","floor":21,"gold_loss":0,"cards_obtained":["Writhe"]},{"damage_healed":0,"gold_gain":0,"player_choice":"Simplicity","damage_taken":0,"max_hp_gain":0,"max_hp_loss":0,"event_name":"Back to Basics","floor":22,"gold_loss":0,"cards_upgraded":["Strike_G","Strike_G","Strike_G","Strike_G","Defend_G","Defend_G","Defend_G","Defend_G","Defend_G"]},{"damage_healed":0,"gold_gain":0,"player_choice":"Became a Ghost","damage_taken":0,"max_hp_gain":0,"max_hp_loss":38,"event_name":"Ghosts","floor":28,"gold_loss":0,"cards_obtained":["Ghostly","Ghostly","Ghostly","Ghostly","Ghostly"]},{"damage_healed":0,"gold_gain":0,"player_choice":"Cursed","damage_taken":0,"max_hp_gain":0,"max_hp_loss":0,"event_name":"Wheel of Change","floor":29,"gold_loss":0,"cards_obtained":["Decay"]},{"damage_healed":0,"gold_gain":0,"player_choice":"Ignored","damage_taken":0,"max_hp_gain":0,"max_hp_loss":0,"event_name":"Tomb of Lord Red Mask","floor":37,"gold_loss":0},{"cards_removed":["Neutralize"],"damage_healed":0,"gold_gain":0,"player_choice":"Removed Attack","damage_taken":0,"max_hp_gain":0,"max_hp_loss":0,"event_name":"Falling","floor":38,"gold_loss":0},{"damage_healed":0,"gold_gain":0,"player_choice":"Memory 3","damage_taken":10,"max_hp_gain":0,"max_hp_loss":0,"event_name":"SensoryStone","floor":40,"gold_loss":0},{"damage_healed":0,"gold_gain":0,"player_choice":"Fight","damage_taken":0,"max_hp_gain":0,"max_hp_loss":0,"event_name":"MindBloom","floor":47,"gold_loss":0},{"damage_healed":0,"gold_gain":0,"player_choice":"Forge","damage_taken":0,"max_hp_gain":0,"max_hp_loss":0,"event_name":"Accursed Blacksmith","floor":48,"gold_loss":0,"cards_upgraded":["Well Laid Plans"]}],"is_beta":false,"boss_relics":[{"not_picked":["Black Star","Philosopher\u0027s Stone"],"picked":"Tiny House"},{"not_picked":["Empty Cage","Runic Pyramid"],"picked":"Astrolabe"}],"items_purged_floors":[10,30],"is_endless":false,"potions_floor_spawned":[5,13,16,24,27,31,39,45,46],"ascension_level":10}}