{"host":"eydwxg59205c3vtl","time":1609210483,"event":{"mods":["2.2 Compatiblity","BaseMod","Colored Map","Colored Powertips","Hubris","Minty Spire (QoL Compilation)","StSLib","The Necromancer"],"gold_per_floor":[115,190,23,23,35,35,53,53,53,53,53,71,86,119,119,119,119],"floor_reached":16,"playtime":377,"items_purged":["Strike_R"],"score":200,"play_id":"70dc38d8-d7bc-4eb8-96b4-6b1928a4df9d","local_time":"20201228215443","is_ascension_mode":true,"campfire_choices":[{"data":"Thunderclap","floor":6.0,"key":"SMITH"},{"data":"True Grit","floor":8.0,"key":"SMITH"},{"data":"Bash","floor":11.0,"key":"SMITH"},{"data":"Iron Wave","floor":15,"key":"SMITH"}],"circlet_count":0,"master_deck":["AscendersBane","Strike_R","Strike_R","Strike_R","Defend_R+1","Defend_R+1","Defend_R","Bash+1","Pummel","Feel No Pain","True Grit+1","Thunderclap+1","Clash","Dark Embrace","Iron Wave+1","Exhume"],"relics":["Burning Blood","Charon\u0027s Ashes","Eternal Feather","War Paint"],"acts_visited":["Exordium"],"potions_floor_usage":[16,16],"damage_taken":[{"damage":9.0,"enemies":"2 Louse","floor":1.0,"turns":3.0},{"damage":1.0,"enemies":"Jaw Worm","floor":5.0,"turns":4.0},{"damage":3.0,"enemies":"Cultist","floor":7.0,"turns":4.0},{"damage":0.0,"enemies":"Looter","floor":12.0,"turns":2.0},{"damage":10.0,"enemies":"Large Slime","floor":13.0,"turns":5.0},{"damage":32,"enemies":"Gremlin Nob","floor":14,"turns":4},{"damage":62,"enemies":"Hexaghost","floor":16,"turns":11}],"seed_played":"-9104225462618370001","potions_obtained":[{"floor":1.0,"key":"SteroidPotion"},{"floor":12.0,"key":"Regen Potion"},{"floor":13.0,"key":"EssenceOfSteel"}],"is_trial":false,"path_per_floor":["M","?","$","?","M","R","M","R","T","?","R","M","M","E","R","B"],"character_chosen":"IRONCLAD","items_purchased":["Feel No Pain","True Grit"],"campfire_rested":0,"item_purchase_floors":[3,3],"current_hp_per_floor":[65,54,54,47,52,52,55,55,55,55,61,67,63,37,46,0,0],"gold":119,"neow_bonus":"ONE_RARE_RELIC","is_daily":false,"chose_seed":false,"campfire_upgraded":4,"win_rate":0.0,"timestamp":1609210483,"path_taken":["M","?","$","?","M","R","M","R","T","?","R","M","?","E","R","BOSS"],"items_purchased_type":["Card","Card"],"build_version":"2020-12-22","purchased_purges":1,"victory":false,"max_hp_per_floor":[68,68,68,68,68,68,68,68,68,68,68,68,68,68,68,68,68],"card_choices":[{"not_picked":["Reckless Charge","Clash"],"picked":"Pummel","floor":1.0},{"not_picked":["Clothesline","Dual Wield"],"picked":"Thunderclap","floor":5.0},{"not_picked":["Power Through","Rage"],"picked":"Clash","floor":7.0},{"not_picked":["Body Slam","Whirlwind"],"picked":"Dark Embrace","floor":12.0},{"not_picked":["True Grit","Wild Strike"],"picked":"Iron Wave","floor":13.0},{"not_picked":["Headbutt","Fire Breathing"],"picked":"Exhume","floor":14}],"player_experience":557819,"relics_obtained":[{"floor":9.0,"key":"Eternal Feather"},{"floor":14,"key":"War Paint"}],"event_choices":[{"damage_healed":0.0,"max_hp_gain":0.0,"max_hp_loss":0.0,"gold_gain":75.0,"event_name":"World of Goop","player_choice":"Gather Gold","floor":2.0,"gold_loss":0.0,"damage_taken":11.0},{"cards_removed":["Strike_R"],"damage_healed":0.0,"max_hp_gain":0.0,"max_hp_loss":0.0,"gold_gain":0.0,"event_name":"Golden Wing","player_choice":"Card Removal","floor":4.0,"gold_loss":0.0,"damage_taken":7.0},{"cards_removed":["Defend_R"],"damage_healed":0.0,"max_hp_gain":0.0,"max_hp_loss":0.0,"gold_gain":0.0,"event_name":"Bonfire Elementals","player_choice":"Offered Basic","floor":10.0,"gold_loss":0.0,"damage_taken":0.0}],"is_beta":false,"boss_relics":[],"items_purged_floors":[3],"is_endless":false,"potions_floor_spawned":[1,12,13],"killed_by":"Hexaghost","ascension_level":20}}