{"host":"pbf6u3tyx46snqc7","time":1609200101,"event":{"mods":["AchievementEnabler","BaseMod","Colored Map","Minty Spire (QoL Compilation)","Permanent Neow","Rare Cards Sparkle","Shop Mod","SuperFastMode"],"gold_per_floor":[118,43,63,63,63,63,98,98,121,156,156,175,190,40,40,163,163,187,206,35,48,48,48,62,62,62,62,87,127,127,150,150,271,271,291,50,69,85,99,99,137,0,23,0,0,13,13,13],"floor_reached":47,"playtime":2275,"items_purged":["Defend_R","Decay","Strike_R"],"score":606,"play_id":"8b84df5d-efb7-4500-9b81-b77f04173bf2","local_time":"20201229090141","is_ascension_mode":true,"campfire_choices":[{"data":"Uppercut","floor":6.0,"key":"SMITH"},{"data":"Rampage","floor":8.0,"key":"SMITH"},{"floor":15.0,"key":"REST"},{"data":"Evolve","floor":23.0,"key":"SMITH"},{"floor":25.0,"key":"REST"},{"floor":27.0,"key":"REST"},{"data":"Wild Strike","floor":30.0,"key":"SMITH"},{"data":"Sword Boomerang","floor":32.0,"key":"SMITH"},{"floor":40,"key":"REST"},{"floor":45,"key":"REST"}],"circlet_count":0,"master_deck":["Strike_R","Defend_R","Defend_R","Defend_R","Bash","Burning Pact","Rampage+1","Uppercut+1","Power Through","Sword Boomerang+1","Evolve+1","Shrug It Off","Offering","Havoc+1","Wild Strike+1","Wild Strike","Armaments+1","Burning Pact+1","Wild Strike+1","Exhume","Sword Boomerang+1","Shrug It Off","Parasite"],"relics":["Burning Blood","Golden Idol","Bottled Flame","Vajra","Orichalcum","Philosopher\u0027s Stone","PreservedInsect","MealTicket","Busted Crown","Pantograph","Girya","Red Mask","Bronze Scales"],"acts_visited":["Exordium","TheCity","TheBeyond"],"potions_floor_usage":[38,39,41],"damage_taken":[{"damage":5.0,"enemies":"Small Slimes","floor":1.0,"turns":4.0},{"damage":0.0,"enemies":"2 Louse","floor":3.0,"turns":3.0},{"damage":25.0,"enemies":"Lagavulin","floor":7.0,"turns":5.0},{"damage":20.0,"enemies":"3 Sentries","floor":10.0,"turns":9.0},{"damage":3.0,"enemies":"Jaw Worm","floor":12.0,"turns":3.0},{"damage":0.0,"enemies":"Gremlin Gang","floor":13.0,"turns":4.0},{"damage":43.0,"enemies":"Slime Boss","floor":16.0,"turns":10.0},{"damage":10.0,"enemies":"Chosen","floor":18.0,"turns":3.0},{"damage":6.0,"enemies":"Spheric Guardian","floor":19.0,"turns":4.0},{"damage":15.0,"enemies":"3 Cultists","floor":21.0,"turns":5.0},{"damage":26.0,"enemies":"Sentry and Sphere","floor":24.0,"turns":6.0},{"damage":6.0,"enemies":"Centurion and Healer","floor":28.0,"turns":5.0},{"damage":26.0,"enemies":"Slavers","floor":29.0,"turns":4.0},{"damage":9.0,"enemies":"Snecko","floor":31.0,"turns":3.0},{"damage":16.0,"enemies":"Champ","floor":33.0,"turns":7.0},{"damage":6.0,"enemies":"Orb Walker","floor":35.0,"turns":2.0},{"damage":38.0,"enemies":"3 Darklings","floor":37.0,"turns":5.0},{"damage":24,"enemies":"Sphere and 2 Shapes","floor":38,"turns":4},{"damage":23,"enemies":"Transient","floor":39,"turns":5},{"damage":33,"enemies":"Reptomancer","floor":41,"turns":5},{"damage":34,"enemies":"Jaw Worm Horde","floor":46,"turns":3},{"damage":22,"enemies":"Writhing Mass","floor":47,"turns":3}],"seed_played":"-3170198904712645372","potions_obtained":[{"floor":1.0,"key":"CultistPotion"},{"floor":3.0,"key":"AttackPotion"},{"floor":16.0,"key":"Block Potion"},{"floor":18.0,"key":"Regen Potion"},{"floor":19.0,"key":"SteroidPotion"},{"floor":24.0,"key":"EntropicBrew"},{"floor":33.0,"key":"Weak Potion"},{"floor":38,"key":"BloodPotion"},{"floor":46,"key":"Weak Potion"}],"is_trial":false,"path_per_floor":["M","$","M","?","?","R","E","R","T","E","?","M","M","$","R","B",null,"M","M","$","M","$","R","M","R","T","R","M","E","R","M","R","B",null,"M","$","M","M","M","R","E","?","T","$","R","M","M"],"character_chosen":"IRONCLAD","items_purchased":["Shrug It Off","Wild Strike","Pantograph","Shrug It Off"],"campfire_rested":5,"item_purchase_floors":[14,20,36,44],"current_hp_per_floor":[72,72,72,54,54,54,35,35,35,21,21,24,30,30,51,14,58,54,54,54,45,45,45,25,46,46,67,67,59,59,56,56,46,66,66,72,40,22,19,40,13,13,13,28,49,21,0,0],"gold":13,"neow_bonus":"REMOVE_TWO","is_daily":false,"chose_seed":false,"campfire_upgraded":5,"win_rate":0.0,"timestamp":1609200101,"path_taken":["M","$","M","?","?","R","E","R","T","E","?","M","?","?","R","BOSS","M","?","$","M","$","R","M","R","T","R","M","E","R","M","R","BOSS","M","$","?","?","M","R","E","?","T","?","R","M","M"],"items_purchased_type":["Card","Card","Relic","Card"],"build_version":"2020-12-22","purchased_purges":3,"victory":false,"max_hp_per_floor":[72,72,72,72,72,72,72,72,72,72,72,72,72,72,72,72,72,72,72,72,72,72,72,72,72,72,72,72,72,72,72,72,72,72,72,72,72,72,72,72,72,72,72,72,72,72,72,72],"card_choices":[{"not_picked":["Carnage","Body Slam"],"picked":"Burning Pact","floor":1.0},{"not_picked":["Havoc","Rampage","Thunderclap"],"picked":"SKIP","floor":3.0},{"not_picked":["Havoc","Thunderclap"],"picked":"Rampage","floor":3.0},{"not_picked":["Clash","Flex"],"picked":"Power Through","floor":7.0},{"not_picked":["Thunderclap","Inflame","Brutality"],"picked":"SKIP","floor":10.0},{"not_picked":["Power Through","True Grit"],"picked":"Sword Boomerang","floor":12.0},{"not_picked":["Infernal Blade","Havoc"],"picked":"Evolve","floor":13.0},{"not_picked":["Reaper","Demon Form"],"picked":"Offering","floor":16.0},{"not_picked":["True Grit","Twin Strike"],"picked":"Havoc+1","floor":18.0},{"not_picked":["Bloodletting","Thunderclap+1"],"picked":"Wild Strike","floor":19.0},{"not_picked":["Seeing Red","Power Through"],"picked":"Armaments+1","floor":21.0},{"not_picked":["Intimidate+1","Havoc+1"],"picked":"Burning Pact+1","floor":24.0},{"not_picked":["Cleave","Hemokinesis"],"picked":"Wild Strike+1","floor":28.0},{"not_picked":["Heavy Blade+1","Flame Barrier","Twin Strike+1"],"picked":"SKIP","floor":29.0},{"not_picked":["Limit Break","Clash","True Grit"],"picked":"SKIP","floor":31.0},{"not_picked":["Barricade","Offering"],"picked":"Exhume","floor":33.0},{"not_picked":[],"picked":"Sword Boomerang+1","floor":35.0},{"not_picked":["Heavy Blade+1"],"picked":"SKIP","floor":37.0},{"not_picked":["Seeing Red"],"picked":"SKIP","floor":38},{"not_picked":["True Grit"],"picked":"SKIP","floor":39},{"not_picked":["Anger+1"],"picked":"SKIP","floor":41},{"not_picked":["Clash"],"picked":"SKIP","floor":46}],"player_experience":361635,"relics_obtained":[{"floor":7.0,"key":"Bottled Flame"},{"floor":9.0,"key":"Vajra"},{"floor":10.0,"key":"Orichalcum"},{"floor":26.0,"key":"PreservedInsect"},{"floor":29.0,"key":"MealTicket"},{"floor":41,"key":"Girya"},{"floor":43,"key":"Bronze Scales"}],"event_choices":[{"damage_healed":0.0,"max_hp_gain":0.0,"max_hp_loss":0.0,"gold_gain":0.0,"event_name":"Golden Idol","player_choice":"Take Damage","floor":4.0,"gold_loss":0.0,"damage_taken":18.0,"relics_obtained":["Golden Idol"]},{"damage_healed":0.0,"max_hp_gain":0.0,"max_hp_loss":0.0,"gold_gain":0.0,"cards_transformed":["Strike_R"],"event_name":"Living Wall","player_choice":"Change","floor":5.0,"gold_loss":0.0,"damage_taken":0.0,"cards_obtained":["Uppercut"]},{"damage_healed":0.0,"max_hp_gain":0.0,"max_hp_loss":0.0,"gold_gain":0.0,"event_name":"Wheel of Change","player_choice":"Cursed","floor":11.0,"gold_loss":0.0,"damage_taken":0.0,"cards_obtained":["Decay"]},{"damage_healed":0,"gold_gain":0,"player_choice":"Paid","damage_taken":0,"relics_obtained":["Red Mask"],"max_hp_gain":0,"max_hp_loss":0,"event_name":"Tomb of Lord Red Mask","floor":42,"gold_loss":137}],"is_beta":false,"boss_relics":[{"not_picked":["Pandora\u0027s Box","SacredBark"],"picked":"Philosopher\u0027s Stone"},{"not_picked":["Coffee Dripper","Velvet Choker"],"picked":"Busted Crown"}],"items_purged_floors":[2,14,20],"is_endless":false,"potions_floor_spawned":[1,3,16,18,19,24,33,38,46],"killed_by":"Writhing Mass","ascension_level":5}}