{"host":"grli52lbdph2722t","time":1609211784,"event":{"mods":["AchievementEnabler","BaseMod","Downfall","Minty Spire (QoL Compilation)","Quick Restart","StSLib"],"gold_per_floor":[99,99,99,399,399,429,429,464,493,504,354,386,386,404,418,418,418],"floor_reached":16,"playtime":444,"items_purged":[],"score":382,"play_id":"c9e8795b-b6b8-482d-afd5-9e3c3d2bfa39","local_time":"20201229041624","is_ascension_mode":true,"campfire_choices":[{"floor":1,"key":"RECALL"},{"data":"sneckomod:CheapStock","floor":11,"key":"SMITH"}],"circlet_count":0,"master_deck":["AscendersBane","sneckomod:Strike+1","sneckomod:Strike","sneckomod:Strike","sneckomod:Defend","sneckomod:Defend","sneckomod:Defend","sneckomod:TailWhip","sneckomod:SnekBite","sneckomod:Unknown","sneckomod:Unknown+1","sneckomod:UnknownX+1","sneckomod:SlitherStrike","Slimebound:Icky","Slimebound:Icky","Slimebound:Icky","Regret","sneckomod:UnknownRareAttack","sneckomod:DiceBlock","sneckomod:QuickBite","sneckomod:CheapStock+1","sneckomod:SoulExchange","sneckomod:SnakeSap","sneckomod:UnknownWeak"],"relics":["sneckomod:SneckoSoul","downfall:HeartsMalice","Guardian:PocketSentry","Tiny Chest","Odd Mushroom","downfall:HeartBlessingRed","downfall:HeartBlessingBlue","Regal Pillow"],"acts_visited":["Exordium"],"potions_floor_usage":[9,12,12,14,16],"damage_taken":[{"damage":0,"enemies":"2 Louse","floor":2,"turns":1},{"damage":0,"enemies":"Small Slimes","floor":3,"turns":1},{"damage":0,"enemies":"3 Sentries","floor":6,"turns":1},{"damage":41,"enemies":"Lagavulin","floor":8,"turns":7},{"damage":2,"enemies":"The Mushroom Lair","floor":9,"turns":3},{"damage":3,"enemies":"Cultist","floor":10,"turns":4},{"damage":6,"enemies":"Gremlin Nob","floor":12,"turns":3},{"damage":22,"enemies":"Exordium Thugs","floor":14,"turns":5},{"damage":0,"enemies":"2 Fungi Beasts","floor":15,"turns":2},{"damage":18,"enemies":"downfall:Defect","floor":16,"turns":3}],"seed_played":"-8636177145708063165","potions_obtained":[{"floor":8,"key":"Explosive Potion"},{"floor":9,"key":"Energy Potion"},{"floor":10,"key":"FearPotion"},{"floor":13,"key":"SpeedPotion"},{"floor":13,"key":"EssenceOfSteel"},{"floor":14,"key":"Fire Potion"}],"is_trial":false,"path_per_floor":["R","M","M","?","?","E","T","E","?","M","R","E","?","M","M","B"],"character_chosen":"THE_SNECKO","items_purchased":[],"campfire_rested":0,"item_purchase_floors":[],"current_hp_per_floor":[75,76,76,76,76,77,77,40,38,35,45,39,39,17,18,0,0],"gold":418,"neow_bonus":"THREE_ENEMY_KILL","is_daily":false,"chose_seed":false,"campfire_upgraded":1,"win_rate":0.0,"timestamp":1609211784,"path_taken":["R","M","M","?","?","E","T","E","?","M","R","E","?","?","M","BOSS"],"items_purchased_type":[],"build_version":"2020-12-22","purchased_purges":0,"victory":false,"max_hp_per_floor":[83,84,84,84,84,85,85,85,85,85,95,95,95,95,96,96,96],"card_choices":[{"not_picked":["sneckomod:DiceCrush","sneckomod:DiceBoulder"],"picked":"sneckomod:UnknownX","floor":2},{"not_picked":["sneckomod:UnknownClassSLIMEBOUND","sneckomod:UnknownCommonSkill"],"picked":"sneckomod:SlitherStrike","floor":3},{"not_picked":["sneckomod:UnknownUncommonSkill","sneckomod:UnknownBlock"],"picked":"sneckomod:UnknownRareAttack","floor":6},{"not_picked":["sneckomod:QuickBite","sneckomod:UnknownBlock"],"picked":"sneckomod:DiceBlock","floor":8},{"not_picked":["sneckomod:UnknownWeak","sneckomod:UnknownBlock"],"picked":"sneckomod:QuickBite","floor":9},{"not_picked":["sneckomod:DiceBlock","sneckomod:IronFang"],"picked":"sneckomod:CheapStock","floor":10},{"not_picked":["sneckomod:Unknown1Cost","sneckomod:SoulDraw"],"picked":"sneckomod:SoulExchange","floor":12},{"not_picked":["sneckomod:QuickBite","sneckomod:UnknownClassGUARDIAN"],"picked":"sneckomod:SnakeSap","floor":14},{"not_picked":["sneckomod:Unknown1Cost","sneckomod:IronFang"],"picked":"sneckomod:UnknownWeak","floor":15}],"player_experience":4912164,"relics_obtained":[{"floor":6,"key":"Guardian:PocketSentry"},{"floor":8,"key":"Tiny Chest"},{"floor":9,"key":"Odd Mushroom"},{"floor":12,"key":"Regal Pillow"}],"event_choices":[{"damage_healed":0,"gold_gain":0,"player_choice":"Fought Mushrooms","damage_taken":0,"max_hp_gain":0,"max_hp_loss":0,"event_name":"Mushrooms","floor":9,"gold_loss":0},{"damage_healed":0,"gold_gain":0,"player_choice":"Got Potions","damage_taken":0,"max_hp_gain":0,"max_hp_loss":0,"event_name":"Lab","floor":13,"gold_loss":0}],"is_beta":false,"boss_relics":[],"items_purged_floors":[],"is_endless":false,"potions_floor_spawned":[8,9,10,14,15],"killed_by":"downfall:Defect","ascension_level":20}}