{"host":"d7b3eqpbli5gspou","time":1609281305,"event":{"mods":["2.2 Compatiblity","BaseMod","Colored Map","Colored Powertips","Downfall","Minty Spire (QoL Compilation)","Quick Restart","Random Character Button","Random Character Mod","Relic Sorter","StSLib"],"gold_per_floor":[99,113,263,263,280,280,280,292,304,329,369,381,413,445,470,578,590,602,614,639,669,697,740,752,778,4,4,4,4],"floor_reached":27,"playtime":2847,"items_purged":[],"score":235,"play_id":"6771a784-52c8-4321-a0df-b0ecb0c2e9d2","local_time":"20201229173505","is_ascension_mode":false,"campfire_choices":[{"data":"hexamod:Float","floor":1,"key":"SMITH"},{"data":"hexamod:Strike","floor":6,"key":"SMITH"},{"data":"hexamod:Sear","floor":8,"key":"SMITH"},{"data":"hexamod:Hexaguard","floor":12,"key":"SMITH"},{"data":"hexamod:HexaLevel","floor":18,"key":"SMITH"}],"circlet_count":0,"master_deck":["hexamod:Strike","hexamod:Strike","hexamod:Strike","hexamod:Strike+1","hexamod:Defend","hexamod:Defend","hexamod:Defend","hexamod:Defend","hexamod:Sear+1","hexamod:Float+1","hexamod:HeatCrush","hexamod:Hexaguard+1","hexamod:BacktrackSmack","hexamod:GhostOfSpireFuture","hexamod:HexaLevel+1","hexamod:GhostOfSpirePresent+1","hexamod:CatchUp"],"relics":["hexamod:SpiritBrand","The Courier","MawBank","Ice Cream","Sozu","Bird Faced Urn","Darkstone Periapt","Anchor","TungstenRod","Gremlin Horn","Eternal Feather"],"acts_visited":["Exordium","TheCity"],"potions_floor_usage":[16,16,21,27],"damage_taken":[{"damage":0,"enemies":"Small Slimes","floor":2,"turns":3},{"damage":0,"enemies":"Jaw Worm","floor":5,"turns":3},{"damage":0,"enemies":"Cultist","floor":10,"turns":4},{"damage":26,"enemies":"3 Sentries","floor":11,"turns":10},{"damage":0,"enemies":"Lots of Slimes","floor":13,"turns":6},{"damage":3,"enemies":"Red Slaver","floor":14,"turns":4},{"damage":0,"enemies":"Large Slime","floor":15,"turns":5},{"damage":11,"enemies":"downfall:Watcher","floor":16,"turns":14},{"damage":0,"enemies":"Shell Parasite","floor":20,"turns":4},{"damage":5,"enemies":"3 Byrds","floor":21,"turns":5},{"damage":2,"enemies":"Snecko","floor":22,"turns":4},{"damage":44,"enemies":"Gremlin Leader","floor":23,"turns":9},{"damage":26,"enemies":"Centurion and Healer","floor":25,"turns":6},{"damage":0,"enemies":"downfall:FleeingMerchant","floor":26,"turns":4},{"damage":17,"enemies":"Slavers","floor":27,"turns":3}],"seed_played":"-3061073242869676090","potions_obtained":[{"floor":2,"key":"Ancient Potion"},{"floor":13,"key":"Dexterity Potion"},{"floor":15,"key":"Dexterity Potion"},{"floor":16,"key":"Energy Potion"}],"is_trial":false,"path_per_floor":["R","M","?","?","M","R","T","R","?","M","E","R","M","M","M","B",null,"R","?","M","M","M","E","T","M","$","E"],"character_chosen":"THE_SPIRIT","items_purchased":["Anchor","TungstenRod","Gremlin Horn","Eternal Feather"],"campfire_rested":0,"item_purchase_floors":[26,26,26,26],"current_hp_per_floor":[77,77,77,44,44,44,44,44,44,44,18,18,18,15,15,4,77,77,77,77,72,70,26,26,4,6,0,0,0],"gold":4,"neow_bonus":"TEN_PERCENT_HP_BONUS","is_daily":false,"chose_seed":false,"campfire_upgraded":5,"win_rate":0.0,"timestamp":1609281305,"path_taken":["R","M","?","?","M","R","T","R","?","?","E","R","M","M","M","BOSS","R","?","?","M","?","E","T","?","?","E"],"items_purchased_type":["Relic","Relic","Relic","Relic"],"build_version":"2020-12-22","purchased_purges":0,"victory":false,"max_hp_per_floor":[77,77,77,77,77,77,77,77,77,77,77,77,77,77,77,77,77,77,77,77,77,77,77,77,77,77,77,77,77],"card_choices":[{"not_picked":["hexamod:SkipABeat","hexamod:SwordOfDarkness","hexamod:Incineration"],"picked":"SKIP","floor":2},{"not_picked":["hexamod:ChargedBarrage","hexamod:FastForward","hexamod:GhostShield"],"picked":"SKIP","floor":5},{"not_picked":["hexamod:FirstSeal","hexamod:RecurringNightmare"],"picked":"hexamod:HeatCrush","floor":10},{"not_picked":["hexamod:FastForward","hexamod:FourthSeal"],"picked":"hexamod:Hexaguard","floor":11},{"not_picked":["hexamod:SkipABeat","hexamod:GhostShield"],"picked":"hexamod:BacktrackSmack","floor":13},{"not_picked":["hexamod:RetreatToShadows","hexamod:Firestarter","hexamod:PhantomCloak"],"picked":"SKIP","floor":14},{"not_picked":["hexamod:InspiringFlames","hexamod:GhostLash"],"picked":"hexamod:GhostOfSpireFuture","floor":15},{"not_picked":["hexamod:CrushingStance","hexamod:ParanormalForm"],"picked":"hexamod:HexaLevel","floor":16},{"not_picked":["hexamod:NightmareGuise","hexamod:BurningTouch+1"],"picked":"hexamod:GhostOfSpirePresent+1","floor":20},{"not_picked":["hexamod:GhostLash+1","hexamod:RainOfEmbers+1"],"picked":"hexamod:CatchUp","floor":21},{"not_picked":["hexamod:ThirdSeal","hexamod:HeatMetal+1","hexamod:RainOfEmbers"],"picked":"SKIP","floor":22},{"not_picked":["hexamod:GhostLash+1","hexamod:Haunt","hexamod:SecondSeal"],"picked":"SKIP","floor":23},{"not_picked":["hexamod:RainOfEmbers","hexamod:GhostflameBarrier","hexamod:NightmareGuise"],"picked":"SKIP","floor":25},{"not_picked":["hexamod:SwordOfDarkness","hexamod:HauntingEcho+1","hexamod:UnleashSpirits"],"picked":"SKIP","floor":26}],"player_experience":73440,"relics_obtained":[{"floor":7,"key":"MawBank"},{"floor":11,"key":"Ice Cream"},{"floor":23,"key":"Bird Faced Urn"},{"floor":24,"key":"Darkstone Periapt"}],"event_choices":[{"damage_healed":0,"gold_gain":0,"player_choice":"Success","damage_taken":33,"relics_obtained":["The Courier"],"max_hp_gain":0,"max_hp_loss":0,"event_name":"Scrap Ooze","floor":4,"gold_loss":0},{"cards_removed":["Slimebound:Icky"],"damage_healed":0,"gold_gain":0,"player_choice":"Purged","damage_taken":0,"max_hp_gain":0,"max_hp_loss":0,"event_name":"Purifier","floor":9,"gold_loss":0},{"damage_healed":0,"gold_gain":0,"player_choice":"Ignored","damage_taken":0,"max_hp_gain":0,"max_hp_loss":0,"event_name":"NoteForYourself","floor":19,"gold_loss":0}],"is_beta":false,"boss_relics":[{"not_picked":["Snecko Eye","Pandora\u0027s Box"],"picked":"Sozu"}],"items_purged_floors":[],"is_endless":false,"potions_floor_spawned":[2,13,15,16,20,23],"killed_by":"Slavers","ascension_level":0}}