{"host":"f6tqpspb2ou2a4h5","time":1609251219,"event":{"mods":["2.2 Compatiblity","Ascension Unlocker","BaseMod","Colored Map","DeckTracker","Hermit","Highlight Path","KOR Keyword Fix","Keyboard Shortcuts","Minty Spire (QoL Compilation)","Permanent Neow","Quick Restart","Random Character Button","StSLib","SuperFastMode","The Poker Player","everything is the same but u backflip on backflip"],"gold_per_floor":[134,134,194,246,276,276,331,331,331,406,466,466,466,535,535,684,684,753,766,766,865,166,166,203,3,3,30,30,46,4,4,4,4,4],"floor_reached":33,"playtime":1216,"items_purged":["Strike_R"],"score":395,"play_id":"8c21064c-ff77-4bac-9148-d4e3d99487f6","local_time":"20201229231339","is_ascension_mode":true,"campfire_choices":[{"data":"HandOfGreed","floor":6.0,"key":"SMITH"},{"data":"Bash","floor":8.0,"key":"SMITH"},{"data":"Dual Wield","floor":13.0,"key":"SMITH"},{"floor":15,"key":"REST"},{"data":"Battle Trance","floor":23,"key":"SMITH"},{"data":"Blood for Blood","floor":28,"key":"SMITH"},{"data":"True Grit","floor":32,"key":"SMITH"}],"circlet_count":0,"master_deck":["AscendersBane","Strike_R+1","Strike_R+1","Strike_R","Strike_R","Defend_R","Defend_R","Defend_R","Defend_R","Bash+1","HandOfGreed+1","Armaments","Twin Strike+1","Dual Wield+1","Shrug It Off+1","Blood for Blood+1","Battle Trance+1","Offering","Uppercut+1","True Grit+1","Combust","Headbutt","Dropkick+1","Hemokinesis","Carnage","Pummel","Seeing Red+1","Dark Shackles","Decay"],"relics":["Burning Blood","Whetstone","Juzu Bracelet","Ancient Tea Set","Runic Cube","Enchiridion","Oddly Smooth Stone","Matryoshka","Lee\u0027s Waffle","Membership Card","Gremlin Horn","CaptainsWheel","Red Skull"],"acts_visited":["Exordium","TheCity"],"potions_floor_usage":[16,18,33],"damage_taken":[{"damage":1.0,"enemies":"Cultist","floor":1.0,"turns":3.0},{"damage":1.0,"enemies":"2 Louse","floor":3.0,"turns":5.0},{"damage":8.0,"enemies":"Small Slimes","floor":4.0,"turns":7.0},{"damage":16.0,"enemies":"Blue Slaver","floor":5.0,"turns":4.0},{"damage":8.0,"enemies":"Gremlin Nob","floor":11.0,"turns":3.0},{"damage":6,"enemies":"Exordium Thugs","floor":14,"turns":4},{"damage":14,"enemies":"Slime Boss","floor":16,"turns":8},{"damage":13,"enemies":"3 Byrds","floor":18,"turns":4},{"damage":20,"enemies":"Shell Parasite","floor":19,"turns":6},{"damage":24,"enemies":"Cultist and Chosen","floor":24,"turns":6},{"damage":42,"enemies":"Gremlin Leader","floor":27,"turns":7},{"damage":9,"enemies":"Snake Plant","floor":29,"turns":4},{"damage":27,"enemies":"Champ","floor":33,"turns":6}],"seed_played":"271546861419671730","potions_obtained":[{"floor":1.0,"key":"BlessingOfTheForge"},{"floor":2.0,"key":"CultistPotion"},{"floor":2.0,"key":"DistilledChaos"},{"floor":2.0,"key":"CultistPotion"},{"floor":19,"key":"Ancient Potion"}],"is_trial":false,"path_per_floor":["M","?","M","M","M","R","T","R","T","?","E","?","R","M","R","B",null,"M","M","?","?","$","R","M","$","T","E","R","M","$","?","R","B"],"character_chosen":"IRONCLAD","items_purchased":["Combust","Oddly Smooth Stone","Matryoshka","Lee\u0027s Waffle","Headbutt","Membership Card","Hemokinesis","Carnage","Dark Shackles"],"campfire_rested":1,"item_purchase_floors":[22,22,22,22,22,25,25,25,30],"current_hp_per_floor":[56,56,61,59,49,49,49,49,49,38,36,20,20,20,44,36,69,62,48,32,32,87,87,69,69,69,33,33,30,30,30,30,3,3],"gold":4,"neow_bonus":"RANDOM_COLORLESS_2","is_daily":false,"chose_seed":false,"campfire_upgraded":6,"win_rate":0.0,"timestamp":1609251219,"path_taken":["M","?","?","M","M","R","?","R","T","?","E","?","R","M","R","BOSS","M","M","?","?","?","R","M","$","T","E","R","M","$","?","R","BOSS"],"items_purchased_type":["Card","Relic","Relic","Relic","Card","Relic","Card","Card","Card"],"build_version":"2020-12-22","purchased_purges":1,"victory":false,"max_hp_per_floor":[80,80,80,80,80,80,80,80,80,80,80,80,80,80,80,80,80,80,80,80,80,87,87,87,87,87,87,87,87,87,87,87,87,87],"card_choices":[{"not_picked":["Thinking Ahead","The Bomb"],"picked":"HandOfGreed","floor":0.0},{"not_picked":["Flame Barrier","Power Through"],"picked":"Armaments","floor":1.0},{"not_picked":["Flex","Thunderclap"],"picked":"Twin Strike","floor":3.0},{"not_picked":["Clash","Thunderclap"],"picked":"Dual Wield","floor":4.0},{"not_picked":["Thunderclap","Headbutt"],"picked":"Shrug It Off","floor":5.0},{"not_picked":["Flex","Thunderclap"],"picked":"Blood for Blood","floor":11.0},{"not_picked":["Headbutt","Ghostly Armor"],"picked":"Battle Trance","floor":14},{"not_picked":["Reaper","Double Tap"],"picked":"Offering","floor":16},{"not_picked":["Clothesline","Warcry"],"picked":"Uppercut+1","floor":18},{"not_picked":["Sword Boomerang","Clothesline+1"],"picked":"True Grit","floor":19},{"not_picked":["Intimidate","Feel No Pain"],"picked":"Dropkick+1","floor":24},{"not_picked":["Thunderclap","Juggernaut"],"picked":"Pummel","floor":27},{"not_picked":["Shrug It Off+1","Metallicize"],"picked":"Seeing Red+1","floor":29}],"player_experience":99373,"relics_obtained":[{"floor":7.0,"key":"Whetstone"},{"floor":9.0,"key":"Juzu Bracelet"},{"floor":11.0,"key":"Ancient Tea Set"},{"floor":20,"key":"Enchiridion"},{"floor":26,"key":"Gremlin Horn"},{"floor":26,"key":"CaptainsWheel"},{"floor":27,"key":"Red Skull"}],"event_choices":[{"damage_healed":0.0,"max_hp_gain":0.0,"max_hp_loss":0.0,"gold_gain":0.0,"event_name":"Lab","player_choice":"Got Potions","floor":2.0,"gold_loss":0.0,"damage_taken":0.0},{"damage_healed":0.0,"max_hp_gain":0.0,"max_hp_loss":0.0,"gold_gain":75.0,"event_name":"World of Goop","player_choice":"Gather Gold","floor":10.0,"gold_loss":0.0,"damage_taken":11.0},{"damage_healed":0.0,"max_hp_gain":0.0,"max_hp_loss":0.0,"gold_gain":0.0,"event_name":"Shining Light","player_choice":"Entered Light","floor":12.0,"gold_loss":0.0,"damage_taken":16.0,"cards_upgraded":["Strike_R","Shrug It Off"]},{"damage_healed":0,"gold_gain":0,"player_choice":"Obtained Book","damage_taken":16,"max_hp_gain":0,"max_hp_loss":0,"event_name":"Cursed Tome","floor":20,"gold_loss":0},{"damage_healed":0,"gold_gain":99,"player_choice":"Stole From Cult","damage_taken":0,"max_hp_gain":0,"max_hp_loss":0,"event_name":"Nest","floor":21,"gold_loss":0},{"damage_healed":0,"gold_gain":0,"player_choice":"Smashed Altar","damage_taken":0,"max_hp_gain":0,"max_hp_loss":0,"event_name":"Forgotten Altar","floor":31,"gold_loss":0,"cards_obtained":["Decay"]}],"is_beta":false,"boss_relics":[{"not_picked":["Black Star","Astrolabe"],"picked":"Runic Cube"}],"items_purged_floors":[22],"is_endless":false,"potions_floor_spawned":[1,5,19],"killed_by":"Champ","ascension_level":10}}