{"host":"i9lxfrw7gw0fop00","time":1609271260,"event":{"mods":["2.2 Compatiblity","AchievementEnabler","BaseMod","Beaked The Cultist","Better Altar","Better Match","Better Note","Better Sensory Stone","Better Skull","Better Third Choice","Colored Map","Colored Powertips","Curses Come First","Downfall","Friendly Minions","Glutton Mod","Hermit","Minty Spire (QoL Compilation)","Permanent Neow","Quick Restart","Rare Cards Sparkle","Relic Sorter","Replay The Spire","Robot Space Explorer","Shade Mod","StSLib","The Construct","The Dragon Tamer","The Jungle","The Marked"],"gold_per_floor":[99,111,211,231,289,305,305,325,325,433,458,535,585,603,615,615,615,615],"floor_reached":16,"playtime":1248,"items_purged":[],"score":121,"play_id":"dd525c5c-54d2-4db2-aba1-d02909de6d8b","local_time":"20201229164740","is_ascension_mode":false,"campfire_choices":[{"floor":1,"key":"RECALL"},{"data":"hexamod:TurnItUp","floor":9,"key":"SMITH"}],"circlet_count":0,"master_deck":["hexamod:Strike","hexamod:Strike","hexamod:Strike","hexamod:Strike","hexamod:Defend","hexamod:Defend","hexamod:Defend","hexamod:Defend","hexamod:Sear","hexamod:Float","hexamod:TurnItUp+1","hexamod:CatchUp","hexamod:ThermalTransfer","hexamod:GhostOfSpirePast","hexamod:SearingWound","hexamod:SecondSeal","hexamod:ThirdSeal","hexamod:GhostOfSpireFuture+1","hexamod:SkipABeat","hexamod:GhostOfSpireFuture"],"relics":["hexamod:SpiritBrand","Replay:Ringing Soul","Blood Vial","downfall:CloakOfManyFaces","CultistMask","FaceOfCleric","NlothsMask","GremlinMask","SsserpentHead"],"acts_visited":["Exordium"],"potions_floor_usage":[10,16,16],"damage_taken":[{"damage":0,"enemies":"Jaw Worm","floor":2,"turns":6},{"damage":0,"enemies":"Cultist","floor":4,"turns":3},{"damage":34,"enemies":"Gremlin Nob","floor":5,"turns":6},{"damage":0,"enemies":"2 Louse","floor":6,"turns":3},{"damage":0,"enemies":"Large Slime","floor":8,"turns":4},{"damage":16,"enemies":"downfall:FaceTrader","floor":10,"turns":10},{"damage":16,"enemies":"Exordium Thugs","floor":11,"turns":4},{"damage":10,"enemies":"2 Fungi Beasts","floor":12,"turns":5},{"damage":3,"enemies":"Blue Slaver","floor":14,"turns":5},{"damage":2,"enemies":"Red Slaver","floor":15,"turns":3},{"damage":36,"enemies":"downfall:Watcher","floor":16,"turns":12}],"seed_played":"-2127411352896713589","potions_obtained":[{"floor":4,"key":"FearPotion"},{"floor":8,"key":"DistilledChaos"},{"floor":14,"key":"Strength Potion"},{"floor":15,"key":"sneckomod:MuddlingPotion"}],"is_trial":false,"path_per_floor":["R","M","?","M","?","M","T","M","R","?","M","M","?","M","M","B"],"character_chosen":"THE_SPIRIT","items_purchased":[],"campfire_rested":0,"item_purchase_floors":[],"current_hp_per_floor":[70,70,70,70,39,42,42,47,47,36,26,22,22,25,26,0,0,0],"gold":615,"neow_bonus":"ONE_RANDOM_RARE_CARD","is_daily":false,"chose_seed":false,"campfire_upgraded":1,"win_rate":0.0,"timestamp":1609271260,"path_taken":["R","M","?","?","?","M","T","M","R","?","M","?","?","M","M","BOSS"],"items_purchased_type":[],"build_version":"2020-12-22","purchased_purges":0,"victory":false,"max_hp_per_floor":[70,70,70,70,73,76,76,79,79,82,86,90,90,94,95,95,95,95],"card_choices":[{"not_picked":["hexamod:GhostShield","hexamod:InspiringFlames"],"picked":"hexamod:CatchUp","floor":2},{"not_picked":["hexamod:GhostShield","hexamod:NightmareStrike"],"picked":"hexamod:ThermalTransfer","floor":4},{"not_picked":["hexamod:InspiringFlames","hexamod:ShieldOfDarkness"],"picked":"hexamod:GhostOfSpirePast","floor":5},{"not_picked":["hexamod:Hexaguard","hexamod:ThermalTransfer"],"picked":"hexamod:SearingWound","floor":6},{"not_picked":["hexamod:HauntingEcho","hexamod:RainOfEmbers"],"picked":"hexamod:SecondSeal","floor":8},{"not_picked":["hexamod:PhantomCloak","hexamod:NightmareGuise"],"picked":"hexamod:ThirdSeal","floor":10},{"not_picked":["hexamod:GhostShield","hexamod:SwordOfDarkness"],"picked":"hexamod:GhostOfSpireFuture","floor":11},{"not_picked":["hexamod:HauntingEcho","hexamod:InspiringFlames"],"picked":"hexamod:SkipABeat","floor":12},{"not_picked":["hexamod:GhostShield","hexamod:BurningTouch","hexamod:HeatMetal"],"picked":"SKIP","floor":12},{"not_picked":["hexamod:GhostLash","hexamod:GhostOfSpirePast"],"picked":"hexamod:GhostOfSpireFuture","floor":14},{"not_picked":["hexamod:ShieldOfDarkness","hexamod:RainOfEmbers","hexamod:ThermalTransfer"],"picked":"SKIP","floor":14},{"not_picked":["hexamod:SwordOfDarkness","hexamod:ThermalTransfer","hexamod:Firestarter"],"picked":"SKIP","floor":15},{"not_picked":["hexamod:PhantomFireball","hexamod:BacktrackSmack","hexamod:Hexaguard"],"picked":"SKIP","floor":15}],"player_experience":233077,"relics_obtained":[{"floor":5,"key":"Replay:Ringing Soul"},{"floor":7,"key":"Blood Vial"},{"floor":10,"key":"downfall:CloakOfManyFaces"}],"event_choices":[],"is_beta":false,"boss_relics":[],"items_purged_floors":[],"is_endless":false,"potions_floor_spawned":[4,8,14,15],"killed_by":"downfall:Watcher","ascension_level":0}}