{"host":"464ef02pwgdzxxwi","time":1609210949,"event":{"mods":["AchievementEnabler","BaseMod","Colored Map","Colored Powertips","DeckTracker","Downfall","Highlight Path","Hubris","Infinite Spire","Marisa????????","Minty Spire (QoL Compilation)","Quick Restart","Replay The Spire","StSLib","SuperFastMode","The Animator","The Cursed","The Disciple","The Necromancer","The Servant 0.9.4"],"gold_per_floor":[149,149,149,149,175,175,175,125,151,101,101,112,124,155,174,272,272,147,161,175,275,291,241,241,251,54,4,39,57,57,76,93,93,93,93],"floor_reached":33,"playtime":1652,"items_purged":["Slimebound:Strike_Slimebound"],"score":300,"play_id":"4b7b9d6a-7515-422b-b002-737835bde1b2","local_time":"20201229040229","is_ascension_mode":false,"campfire_choices":[{"data":"Slimebound:CorrosiveSpit","floor":8,"key":"SMITH"},{"data":"Slimebound:GrowthPunch","floor":10,"key":"SMITH"},{"floor":18,"key":"DIG"},{"data":"Slimebound:Teamwork","floor":23,"key":"SMITH"},{"data":"Slimebound:Split","floor":27,"key":"SMITH"}],"circlet_count":0,"master_deck":["Slimebound:Strike_Slimebound","Slimebound:Strike_Slimebound","Slimebound:Tackle","Slimebound:Defend_Slimebound","Slimebound:Defend_Slimebound","Slimebound:Defend_Slimebound","Slimebound:Defend_Slimebound","Slimebound:Split+1","Slimebound:CorrosiveSpit+1","Slimebound:ViciousTackle+1","Slimebound:GrowthPunch+1","Slimebound:BestDefense","Slimebound:ViciousTackle+1","Slimebound:Teamwork+1","Slimebound:SplitLeeching+1","Slimebound:SplitLeeching+1"],"relics":["Slimebound:AbsorbEndCombat","downfall:HeartsMalice","ReplayTheSpireMod:Ring of Exchange","Ring of Greed","The Courier","MealTicket","Omamori","Slimebound:GreedOozeRelic","Dream Catcher","Replay:Rubber Ducky","Bag of Preparation","Bird Faced Urn","hubris:HollowSoul","downfall:HeartBlessingGreen","hubris:SphereOfDissonance","Gremlin Horn","hubris:TenFootPole","Replay:Bottled Eggs"],"acts_visited":["Exordium","TheCity"],"potions_floor_usage":[16,16,33,33],"damage_taken":[{"damage":0,"enemies":"2 Louse","floor":2,"turns":1},{"damage":0,"enemies":"Small Slimes","floor":6,"turns":1},{"damage":0,"enemies":"Replay:BlueRogue","floor":9,"turns":1},{"damage":12,"enemies":"Jaw Worm","floor":12,"turns":2},{"damage":25,"enemies":"Large Slime","floor":13,"turns":4},{"damage":20,"enemies":"Gremlin Nob","floor":14,"turns":3},{"damage":16,"enemies":"Exordium Wildlife","floor":15,"turns":3},{"damage":30,"enemies":"downfall:Watcher","floor":16,"turns":9},{"damage":7,"enemies":"Chosen","floor":19,"turns":3},{"damage":16,"enemies":"Shell Parasite","floor":20,"turns":5},{"damage":27,"enemies":"Cultist and Chosen","floor":22,"turns":6},{"damage":22,"enemies":"Centurion and Healer","floor":25,"turns":4},{"damage":8,"enemies":"downfall:FleeingMerchant","floor":26,"turns":4},{"damage":39,"enemies":"Book of Stabbing","floor":28,"turns":5},{"damage":21,"enemies":"Snake Plant","floor":29,"turns":3},{"damage":3,"enemies":"Sentry and Sphere","floor":31,"turns":3},{"damage":8,"enemies":"Chosen and Byrds","floor":32,"turns":4},{"damage":4,"enemies":"downfall:Ironclad","floor":33,"turns":2}],"seed_played":"4548234700356654530","potions_obtained":[{"floor":9,"key":"BlessingOfTheForge"},{"floor":13,"key":"FearPotion"},{"floor":14,"key":"Reflective Coating"},{"floor":16,"key":"Adrenaline Potion"},{"floor":19,"key":"Explosive Potion"},{"floor":20,"key":"ColorlessPotion"}],"is_trial":false,"path_per_floor":["R_BF","M","?","?","T","M","T","R","E","R","?","M","M","E","M","B",null,"R_BF","M","M","?","M","R","T","M","$","R","E","M","?","M","M","B"],"character_chosen":"SLIMEBOUND","items_purchased":["hubris:TenFootPole"],"campfire_rested":0,"item_purchase_floors":[26],"current_hp_per_floor":[60,60,60,60,60,60,60,60,60,60,60,52,39,27,21,25,60,60,60,55,55,44,44,44,40,60,60,35,30,30,30,40,0,0,0],"gold":93,"neow_bonus":"THREE_ENEMY_KILL","is_daily":false,"chose_seed":false,"campfire_upgraded":4,"win_rate":0.0,"timestamp":1609210949,"path_taken":["R_BF","M","?","?","?","M","T","R","E","R","?","M","M","E","M","BOSS","R_BF","M","M","?","M","R","T","M","$","R","E","?","?","M","M","BOSS"],"items_purchased_type":["Relic"],"build_version":"2020-12-22","purchased_purges":1,"victory":false,"max_hp_per_floor":[60,60,60,60,60,60,60,60,60,60,60,60,60,60,60,60,60,60,60,60,60,60,60,60,60,60,60,60,60,60,60,60,60,60,60],"card_choices":[{"not_picked":["Slimebound:FinishingTackle","Slimebound:LivingWall"],"picked":"Slimebound:ViciousTackle","floor":2},{"not_picked":["Slimebound:Schlurp","Slimebound:Prepare"],"picked":"Slimebound:GrowthPunch","floor":6},{"not_picked":["Slimebound:ComboTackle","Slimebound:Prepare","Slimebound:LeechingTouch"],"picked":"SKIP","floor":9},{"not_picked":["Slimebound:SplitAcid","Slimebound:Dissolve","Slimebound:Chomp"],"picked":"SKIP","floor":12},{"not_picked":["Slimebound:SlimeSlap","Slimebound:ForwardTackle"],"picked":"Slimebound:BestDefense","floor":13},{"not_picked":["Slimebound:Replication","Slimebound:TongueLash"],"picked":"Slimebound:ViciousTackle","floor":14},{"not_picked":["Slimebound:SlimeSpikes","Slimebound:SplitAcid","Slimebound:Grow"],"picked":"SKIP","floor":15},{"not_picked":["Slimebound:RallyTheTroops","Slimebound:PrepareCrush"],"picked":"Slimebound:Teamwork","floor":16},{"not_picked":["Slimebound:SlimeBrawl","Slimebound:Chomp","Slimebound:SplitMire"],"picked":"SKIP","floor":19},{"not_picked":["Slimebound:TongueLash","Slimebound:MegaLick"],"picked":"Slimebound:SplitLeeching+1","floor":20},{"not_picked":["Slimebound:LevelUp","Slimebound:Schlurp","Slimebound:Chomp"],"picked":"SKIP","floor":22},{"not_picked":["Slimebound:SlimeSlap","Slimebound:SlimeBrawl+1","Slimebound:FinishingTackle"],"picked":"SKIP","floor":25},{"not_picked":["Slimebound:RollThrough","Slimebound:RallyTheTroops","Slimebound:SplitMire"],"picked":"SKIP","floor":26},{"not_picked":["Slimebound:SamplingLick","Slimebound:DisruptingSlam","Slimebound:SlimeSpikes+1"],"picked":"SKIP","floor":28},{"not_picked":["Slimebound:RollThrough","Slimebound:SplitAcid","Slimebound:SamplingLick"],"picked":"SKIP","floor":29},{"not_picked":["Slimebound:SlimeSpikes+1","Slimebound:ItLooksTasty","Slimebound:SlimeBrawl+1"],"picked":"SKIP","floor":31},{"not_picked":["Slimebound:WasteNot","Slimebound:SpikyOuterGoop+1"],"picked":"Slimebound:SplitLeeching+1","floor":32}],"player_experience":193372,"relics_obtained":[{"floor":1,"key":"ReplayTheSpireMod:Ring of Exchange"},{"floor":1,"key":"Ring of Greed"},{"floor":1,"key":"The Courier"},{"floor":1,"key":"MealTicket"},{"floor":3,"key":"Omamori"},{"floor":5,"key":"Dream Catcher"},{"floor":7,"key":"Replay:Rubber Ducky"},{"floor":9,"key":"Bag of Preparation"},{"floor":14,"key":"Bird Faced Urn"},{"floor":18,"key":"hubris:SphereOfDissonance"},{"floor":24,"key":"Gremlin Horn"},{"floor":28,"key":"Replay:Bottled Eggs"}],"event_choices":[],"is_beta":false,"boss_relics":[{"not_picked":["Replay:Grab Bag","Medical Kit"],"picked":"hubris:HollowSoul"}],"items_purged_floors":[26],"is_endless":false,"potions_floor_spawned":[9,13,14,16,19,20,28,29],"killed_by":"downfall:Ironclad","ascension_level":0}}