{"host":"3t6uby4o5waaq95r","time":1609219372,"event":{"mods":["AchievementEnabler","BaseMod","Bestiary","Colored Map","Highlight Path","Minty Spire (QoL Compilation)","Permanent Neow","Quick Restart","Random Character Button","SuperFastMode"],"gold_per_floor":[112,123,198,198,198,198,209,309,309,249,261,151,170,185,185,284,334,352,277,277,277,292,292,52,52,76,93,105,125,151,166,166,261,261,278,35,49,0,0,0,14,28,28,28,28],"floor_reached":44,"playtime":1190,"items_purged":["Strike_B","Defend_B"],"score":402,"play_id":"0a36bf42-6b1e-4677-b118-a45957241028","local_time":"20201228232252","is_ascension_mode":false,"campfire_choices":[{"data":"Sunder","floor":6,"key":"SMITH"},{"data":"Zap","floor":15,"key":"SMITH"},{"data":"Buffer","floor":23,"key":"SMITH"},{"floor":32,"key":"REST"},{"data":"White Noise","floor":40,"key":"SMITH"}],"circlet_count":0,"master_deck":["Defend_B","Defend_B","Zap+1","Dualcast","Doom and Gloom","Sunder+1","Melter","FTL","BootSequence","Scrape+1","Buffer+1","Conserve Battery","White Noise+1","Reinforced Body","Aggregate","Beam Cell+1","Leap","Reboot","Beam Cell+1","Core Surge","Madness","Madness","Hologram+1","Self Repair"],"relics":["Cracked Core","The Courier","Tiny House","Bronze Scales","Omamori","Enchiridion","Bag of Marbles","DataDisk","Cursed Key","Strawberry","Vajra","Red Mask","Gambling Chip"],"acts_visited":["Exordium","TheCity","TheBeyond"],"potions_floor_usage":[],"damage_taken":[{"damage":6,"enemies":"Cultist","floor":1,"turns":3},{"damage":8,"enemies":"Small Slimes","floor":2,"turns":2},{"damage":0,"enemies":"2 Louse","floor":7,"turns":1},{"damage":0,"enemies":"Exordium Thugs","floor":11,"turns":3},{"damage":2,"enemies":"Blue Slaver","floor":13,"turns":2},{"damage":0,"enemies":"2 Fungi Beasts","floor":14,"turns":2},{"damage":30,"enemies":"Hexaghost","floor":16,"turns":6},{"damage":14,"enemies":"3 Byrds","floor":18,"turns":5},{"damage":0,"enemies":"Spheric Guardian","floor":22,"turns":3},{"damage":0,"enemies":"Snecko","floor":27,"turns":3},{"damage":8,"enemies":"Snake Plant","floor":28,"turns":3},{"damage":18,"enemies":"Shelled Parasite and Fungi","floor":29,"turns":2},{"damage":12,"enemies":"Centurion and Healer","floor":31,"turns":5},{"damage":30,"enemies":"Champ","floor":33,"turns":9},{"damage":0,"enemies":"Orb Walker","floor":35,"turns":2},{"damage":0,"enemies":"3 Shapes","floor":37,"turns":4},{"damage":14,"enemies":"Writhing Mass","floor":41,"turns":4},{"damage":7,"enemies":"3 Darklings","floor":42,"turns":5}],"seed_played":"-523362487197641269","potions_obtained":[{"floor":1,"key":"PotionOfCapacity"},{"floor":17,"key":"LiquidMemories"},{"floor":22,"key":"FocusPotion"},{"floor":28,"key":"LiquidBronze"},{"floor":29,"key":"SpeedPotion"}],"is_trial":false,"path_per_floor":["M","M","?","?","?","R","M","?","T","$","M","$","M","M","R","B",null,"M","?","?","?","M","R","$","?","T","M","M","M","T","M","R","B",null,"M","$","M","?","?","R","M","M","T","?"],"character_chosen":"DEFECT","items_purchased":["BootSequence","Bronze Scales","Omamori","Strawberry","Vajra"],"campfire_rested":1,"item_purchase_floors":[12,24,24,36,36],"current_hp_per_floor":[69,61,50,50,43,43,43,43,43,43,43,43,41,41,41,11,80,66,66,66,66,66,66,66,50,50,50,42,24,24,12,36,6,80,80,87,87,87,76,76,62,55,55,55,55],"gold":28,"neow_bonus":"REMOVE_CARD","is_daily":false,"chose_seed":false,"campfire_upgraded":4,"win_rate":0.0,"timestamp":1609219372,"path_taken":["M","M","?","?","?","R","M","?","T","$","M","$","M","?","R","BOSS","M","?","?","?","?","R","$","?","T","M","M","M","?","M","R","BOSS","M","$","M","?","?","R","M","M","T","?"],"items_purchased_type":["Card","Relic","Relic","Relic","Relic"],"build_version":"2020-12-22","purchased_purges":2,"victory":false,"max_hp_per_floor":[75,75,75,75,75,75,75,75,75,75,75,75,75,75,75,75,80,80,80,80,80,80,80,80,80,80,80,80,80,80,80,80,80,80,80,87,87,87,87,87,87,87,87,87,87],"card_choices":[{"not_picked":["Glacier","Cold Snap"],"picked":"Doom and Gloom","floor":1},{"not_picked":["Coolheaded","Streamline"],"picked":"Sunder","floor":2},{"not_picked":["Streamline","Doom and Gloom"],"picked":"Melter","floor":7},{"not_picked":["Hello World","Conserve Battery"],"picked":"FTL","floor":11},{"not_picked":["Reprogram","Capacitor"],"picked":"Scrape","floor":13},{"not_picked":["Stack","Coolheaded","Redo"],"picked":"SKIP","floor":14},{"not_picked":["Electrodynamics","Thunder Strike"],"picked":"Buffer","floor":16},{"not_picked":["Undo","Fusion"],"picked":"Conserve Battery","floor":17},{"not_picked":["Turbo","Barrage","Streamline"],"picked":"SKIP","floor":18},{"not_picked":["Steam Power","Undo"],"picked":"Reinforced Body","floor":22},{"not_picked":["Turbo","Coolheaded+1","Compile Driver"],"picked":"SKIP","floor":27},{"not_picked":["Stack","Go for the Eyes"],"picked":"Aggregate","floor":28},{"not_picked":["Cold Snap+1","Amplify"],"picked":"Beam Cell+1","floor":29},{"not_picked":["Redo","Barrage+1"],"picked":"Leap","floor":31},{"not_picked":["All For One","Thunder Strike"],"picked":"Reboot","floor":33},{"not_picked":["Stack+1","Compile Driver"],"picked":"Beam Cell+1","floor":35},{"not_picked":["Steam+1","Undo+1"],"picked":"Core Surge","floor":37},{"not_picked":["Turbo","Go for the Eyes+1"],"picked":"Hologram+1","floor":41},{"not_picked":["Tempest","Double Energy"],"picked":"Self Repair","floor":42}],"player_experience":805248,"relics_obtained":[{"floor":9,"key":"The Courier"},{"floor":25,"key":"Enchiridion"},{"floor":26,"key":"Bag of Marbles"},{"floor":30,"key":"DataDisk"},{"floor":43,"key":"Gambling Chip"}],"event_choices":[{"damage_healed":0,"gold_gain":75,"player_choice":"Gather Gold","damage_taken":11,"max_hp_gain":0,"max_hp_loss":0,"event_name":"World of Goop","floor":3,"gold_loss":0},{"cards_removed":["Strike_B"],"damage_healed":0,"gold_gain":0,"player_choice":"Forget","damage_taken":0,"max_hp_gain":0,"max_hp_loss":0,"event_name":"Living Wall","floor":4,"gold_loss":0},{"cards_removed":["Strike_B"],"damage_healed":0,"gold_gain":0,"player_choice":"Card Removal","damage_taken":7,"max_hp_gain":0,"max_hp_loss":0,"event_name":"Golden Wing","floor":5,"gold_loss":0},{"damage_healed":0,"gold_gain":100,"player_choice":"Pray","damage_taken":0,"max_hp_gain":0,"max_hp_loss":0,"event_name":"Golden Shrine","floor":8,"gold_loss":0},{"cards_removed":["Defend_B"],"damage_healed":0,"gold_gain":0,"player_choice":"Gave Gold","damage_taken":0,"max_hp_gain":0,"max_hp_loss":0,"event_name":"Beggar","floor":19,"gold_loss":75},{"damage_healed":0,"gold_gain":0,"player_choice":"Read","damage_taken":0,"max_hp_gain":0,"max_hp_loss":0,"event_name":"The Library","floor":20,"gold_loss":0,"cards_obtained":["White Noise"]},{"damage_healed":0,"gold_gain":0,"player_choice":"Bought 0 Potions","damage_taken":0,"max_hp_gain":0,"max_hp_loss":0,"event_name":"The Woman in Blue","floor":21,"gold_loss":0},{"damage_healed":0,"gold_gain":0,"player_choice":"Obtained Book","damage_taken":16,"max_hp_gain":0,"max_hp_loss":0,"event_name":"Cursed Tome","floor":25,"gold_loss":0},{"damage_healed":0,"gold_gain":0,"player_choice":"Paid","damage_taken":0,"relics_obtained":["Red Mask"],"max_hp_gain":0,"max_hp_loss":0,"event_name":"Tomb of Lord Red Mask","floor":38,"gold_loss":49},{"damage_healed":0,"gold_gain":0,"player_choice":"Embrace Madness","damage_taken":11,"max_hp_gain":0,"max_hp_loss":0,"event_name":"Winding Halls","floor":39,"gold_loss":0,"cards_obtained":["Madness","Madness"]}],"is_beta":false,"boss_relics":[{"not_picked":["Ectoplasm","Astrolabe"],"picked":"Tiny House"},{"not_picked":["Snecko Eye","Runic Pyramid"],"picked":"Cursed Key"}],"items_purged_floors":[10,12],"is_endless":false,"potions_floor_spawned":[1,22,28,29,31,37,42],"ascension_level":0}}