{"host":"szp1d6dso4pv7ddl","time":1609276062,"event":{"mods":["AchievementEnabler","Alarm Clock","BaseMod","Bestiary","Block Reminder","Colored Map","Colored Powertips","Curses Come First","Displayed Cursed Tome","Highlight Path","Minty Spire (QoL Compilation)","Permanent Neow","Quick Restart","Relic Sorter","Relic Stats","StSLib","Synergy Search"],"gold_per_floor":[114,127,142,152,152,152,177,192,216,216,234,267,284,284,284,379,379,397,397,496,421,29,29,55,8,8,8,19,33,33,52,52,147,147,157,168,168,187,187,187,187,187,257,182,200,200,200,214,214,214],"floor_reached":51,"playtime":1725,"items_purged":["Hologram"],"score":921,"play_id":"c50d7800-7fc9-4664-a64d-18632e0cf87b","local_time":"20201229130742","is_ascension_mode":true,"campfire_choices":[{"floor":6.0,"key":"REST"},{"floor":10.0,"key":"REST"},{"floor":15.0,"key":"REST"},{"data":"Scrape","floor":23.0,"key":"SMITH"},{"data":"Scrape","floor":27.0,"key":"SMITH"},{"floor":32.0,"key":"REST"},{"floor":40.0,"key":"REST"},{"floor":42.0,"key":"REST"},{"data":"FTL","floor":46.0,"key":"SMITH"},{"data":"Reprogram","floor":49.0,"key":"SMITH"}],"circlet_count":0,"master_deck":["Dualcast","CurseOfTheBell","Gash","Gash","Gash","Reprogram+1","Scrape+1","Hyperbeam","Go for the Eyes","FTL+1","Compile Driver","Coolheaded","Gash","Leap","Scrape+1","Gash","Reprogram+1","Gash+1"],"relics":["Calling Bell","Happy Flower","Bag of Marbles","Pear","Gambling Chip","Symbiotic Virus","Lantern","Anchor","Pandora\u0027s Box","Sling","Juzu Bracelet","Empty Cage","Eternal Feather"],"acts_visited":["Exordium","TheCity","TheBeyond"],"potions_floor_usage":[50,50,50,50,50,50],"damage_taken":[{"damage":5.0,"enemies":"Jaw Worm","floor":1.0,"turns":5.0},{"damage":1.0,"enemies":"Cultist","floor":2.0,"turns":4.0},{"damage":0.0,"enemies":"2 Louse","floor":3.0,"turns":4.0},{"damage":53.0,"enemies":"Exordium Thugs","floor":4.0,"turns":8.0},{"damage":46.0,"enemies":"Lagavulin","floor":7.0,"turns":6.0},{"damage":5.0,"enemies":"Large Slime","floor":8.0,"turns":4.0},{"damage":3.0,"enemies":"Blue Slaver","floor":11.0,"turns":2.0},{"damage":18.0,"enemies":"Gremlin Nob","floor":12.0,"turns":3.0},{"damage":9.0,"enemies":"2 Fungi Beasts","floor":13.0,"turns":3.0},{"damage":17.0,"enemies":"Hexaghost","floor":16.0,"turns":6.0},{"damage":0.0,"enemies":"3 Byrds","floor":18.0,"turns":2.0},{"damage":17.0,"enemies":"Book of Stabbing","floor":24.0,"turns":3.0},{"damage":0.0,"enemies":"Spheric Guardian","floor":28.0,"turns":2.0},{"damage":8.0,"enemies":"Snake Plant","floor":29.0,"turns":2.0},{"damage":10.0,"enemies":"Shelled Parasite and Fungi","floor":31.0,"turns":2.0},{"damage":33.0,"enemies":"Automaton","floor":33.0,"turns":5.0},{"damage":24.0,"enemies":"3 Shapes","floor":35.0,"turns":3.0},{"damage":0.0,"enemies":"3 Darklings","floor":36.0,"turns":2.0},{"damage":25.0,"enemies":"Sphere and 2 Shapes","floor":38.0,"turns":9.0},{"damage":11.0,"enemies":"Jaw Worm Horde","floor":45.0,"turns":3.0},{"damage":0.0,"enemies":"3 Darklings","floor":48.0,"turns":2.0},{"damage":60,"enemies":"Donu and Deca","floor":50,"turns":4}],"seed_played":"-6159640985053273961","potions_obtained":[{"floor":2.0,"key":"GamblersBrew"},{"floor":4.0,"key":"Regen Potion"},{"floor":11.0,"key":"FocusPotion"},{"floor":13.0,"key":"EntropicBrew"},{"floor":24.0,"key":"Swift Potion"},{"floor":31.0,"key":"LiquidMemories"},{"floor":36.0,"key":"Dexterity Potion"},{"floor":38.0,"key":"EntropicBrew"}],"is_trial":false,"path_per_floor":["M","M","M","M","?","R","E","M","T","R","M","E","M","?","R","B",null,"M","?","?","?","$","R","E","$","T","R","M","M","$","M","R","B",null,"M","M","?","M","?","R","?","R","T","$","M","R","?","M","R","B",null],"character_chosen":"DEFECT","items_purchased":["Sling","Juzu Bracelet","Swift Potion","Leap","Gash"],"campfire_rested":6,"item_purchase_floors":[22,22,22,22,25],"current_hp_per_floor":[73,72,72,19,19,44,13,8,8,33,30,12,3,3,28,11,67,67,67,67,67,67,67,50,50,50,50,50,42,42,32,57,24,70,46,46,46,21,21,46,46,70,70,70,59,68,68,68,77,17],"gold":214,"neow_bonus":"BOSS_RELIC","is_daily":false,"chose_seed":false,"campfire_upgraded":4,"win_rate":0.0,"timestamp":1609276062,"path_taken":["M","M","M","M","?","R","E","?","T","R","M","E","M","?","R","BOSS","M","?","?","?","$","R","E","?","T","R","M","M","$","M","R","BOSS","M","M","?","M","?","R","?","R","T","$","M","R","?","M","R","BOSS"],"items_purchased_type":["Relic","Relic","Potion","Card","Card"],"build_version":"2020-12-22","purchased_purges":1,"victory":true,"max_hp_per_floor":[85,85,85,85,85,85,85,85,85,85,85,85,85,85,85,85,85,85,85,85,85,85,85,85,85,85,85,85,85,85,85,85,85,85,85,85,85,85,85,85,81,81,81,81,81,81,81,81,81,81],"relic_stats":{"Happy Flower":[11],"counters":[22,84],"Gambling Chip":[66],"Pandora\u0027s Box":["Cold Snap","Go for the Eyes","FTL","Consume","Defragment","Compile Driver","Coolheaded"],"Eternal Feather":18,"Juzu Bracelet":0,"obtain_stats":[{"Lantern":9,"Pear":0,"Happy Flower":24,"Eternal Feather":43,"Juzu Bracelet":22,"Sling":22,"Empty Cage":34,"Calling Bell":0,"Anchor":12,"Gambling Chip":0,"Pandora\u0027s Box":17,"Bag of Marbles":0,"Cracked Core":0,"Symbiotic Virus":7},{"Lantern":6,"Pear":0,"Happy Flower":12,"Eternal Feather":19,"Juzu Bracelet":11,"Sling":11,"Empty Cage":16,"Calling Bell":0,"Anchor":8,"Gambling Chip":0,"Pandora\u0027s Box":10,"Bag of Marbles":0,"Cracked Core":0,"Symbiotic Virus":5},{"Lantern":31,"Pear":0,"Happy Flower":50,"Eternal Feather":75,"Juzu Bracelet":47,"Sling":47,"Empty Cage":61,"Calling Bell":0,"Anchor":36,"Gambling Chip":0,"Pandora\u0027s Box":45,"Bag of Marbles":0,"Cracked Core":0,"Symbiotic Virus":27}]},"card_choices":[{"not_picked":["Leap","Rebound"],"picked":"Gash","floor":1.0},{"not_picked":["Go for the Eyes","Coolheaded"],"picked":"Gash","floor":2.0},{"not_picked":["Coolheaded","Beam Cell","Sweeping Beam"],"picked":"SKIP","floor":3.0},{"not_picked":["Rebound","Hologram"],"picked":"Gash","floor":4.0},{"not_picked":["Rainbow","Undo","Static Discharge"],"picked":"SKIP","floor":7.0},{"not_picked":["Sweeping Beam","Compile Driver","Stack"],"picked":"SKIP","floor":8.0},{"not_picked":["Loop","BootSequence"],"picked":"Reprogram","floor":11.0},{"not_picked":["Streamline","Meteor Strike","Redo"],"picked":"SKIP","floor":12.0},{"not_picked":["Tempest","BootSequence","Darkness"],"picked":"SKIP","floor":13.0},{"not_picked":["Multi-Cast","Biased Cognition"],"picked":"Hyperbeam","floor":16.0},{"not_picked":["Recycle","Compile Driver"],"picked":"Gash","floor":18.0},{"not_picked":["Amplify","Compile Driver"],"picked":"Scrape","floor":24.0},{"not_picked":["Steam","Go for the Eyes","Beam Cell+1"],"picked":"SKIP","floor":28.0},{"not_picked":["Steam+1","Fusion+1"],"picked":"Hologram","floor":29.0},{"not_picked":["Leap+1","Steam","Coolheaded"],"picked":"SKIP","floor":31.0},{"not_picked":["Fusion+1","FTL"],"picked":"Reprogram+1","floor":35.0},{"not_picked":["Darkness","Streamline+1","Ball Lightning"],"picked":"SKIP","floor":36.0},{"not_picked":["Barrage+1","Genetic Algorithm"],"picked":"Gash+1","floor":38.0},{"not_picked":["BootSequence","Doom and Gloom+1","Compile Driver+1"],"picked":"SKIP","floor":45.0},{"not_picked":["Redo+1","Blizzard","Compile Driver"],"picked":"SKIP","floor":48.0}],"player_experience":1066521,"relics_obtained":[{"floor":0.0,"key":"Bag of Marbles"},{"floor":0.0,"key":"Pear"},{"floor":0.0,"key":"Gambling Chip"},{"floor":7.0,"key":"Symbiotic Virus"},{"floor":9.0,"key":"Lantern"},{"floor":12.0,"key":"Anchor"},{"floor":24.0,"key":"Happy Flower"},{"floor":43.0,"key":"Eternal Feather"}],"event_choices":[{"damage_healed":0.0,"max_hp_gain":0.0,"max_hp_loss":0.0,"gold_gain":0.0,"event_name":"Upgrade Shrine","player_choice":"Upgraded","floor":5.0,"gold_loss":0.0,"damage_taken":0.0,"cards_upgraded":["Zap"]},{"damage_healed":0.0,"max_hp_gain":0.0,"max_hp_loss":0.0,"gold_gain":0.0,"cards_transformed":["Strike_B"],"event_name":"Transmorgrifier","player_choice":"Transformed","floor":14.0,"gold_loss":0.0,"damage_taken":0.0,"cards_obtained":["Scrape"]},{"damage_healed":0.0,"max_hp_gain":0.0,"max_hp_loss":0.0,"gold_gain":0.0,"cards_transformed":["Defragment","Consume"],"event_name":"Drug Dealer","player_choice":"Became Test Subject","floor":19.0,"gold_loss":0.0,"damage_taken":0.0,"cards_obtained":["Glacier","Redo"]},{"damage_healed":0.0,"max_hp_gain":0.0,"max_hp_loss":0.0,"gold_gain":99.0,"event_name":"Nest","player_choice":"Stole From Cult","floor":20.0,"gold_loss":0.0,"damage_taken":0.0},{"cards_removed":["Redo"],"damage_healed":0.0,"max_hp_gain":0.0,"max_hp_loss":0.0,"gold_gain":0.0,"event_name":"Beggar","player_choice":"Gave Gold","floor":21.0,"gold_loss":75.0,"damage_taken":0.0},{"cards_removed":["Cold Snap"],"damage_healed":0.0,"max_hp_gain":0.0,"max_hp_loss":0.0,"gold_gain":0.0,"event_name":"Falling","player_choice":"Removed Attack","floor":37.0,"gold_loss":0.0,"damage_taken":0.0},{"damage_healed":0.0,"max_hp_gain":0.0,"max_hp_loss":0.0,"gold_gain":0.0,"event_name":"SensoryStone","player_choice":"Memory 1","floor":39.0,"gold_loss":0.0,"damage_taken":0.0},{"damage_healed":0.0,"max_hp_gain":0.0,"max_hp_loss":4.0,"gold_gain":0.0,"event_name":"Winding Halls","player_choice":"Max HP","floor":41.0,"gold_loss":0.0,"damage_taken":0.0},{"damage_healed":0.0,"max_hp_gain":0.0,"max_hp_loss":0.0,"gold_gain":0.0,"event_name":"Mysterious Sphere","player_choice":"Ignored","floor":47.0,"gold_loss":0.0,"damage_taken":0.0}],"is_beta":false,"boss_relics":[{"not_picked":["Busted Crown","Cursed Key"],"picked":"Pandora\u0027s Box"},{"not_picked":["Nuclear Battery","Astrolabe"],"picked":"Empty Cage"}],"items_purged_floors":[44],"is_endless":false,"potions_floor_spawned":[2,4,11,13,24,31,36,38],"ascension_level":7}}