{"host":"cvw9qspg8f691jio","time":1609251465,"event":{"mods":["BaseMod","Filter the Spire","Minty Spire (QoL Compilation)","Relic Stats","StSLib"],"gold_per_floor":[119,119,136,154,34,34,62,62,136,166,166,201,215,34,34,34,34],"floor_reached":16,"playtime":472,"items_purged":["Strike_G","Strike_G"],"score":224,"play_id":"38cf2742-6b49-416d-beb3-1d28f02c1100","local_time":"20201229091745","is_ascension_mode":true,"campfire_choices":[{"data":"All Out Attack","floor":6.0,"key":"SMITH"},{"data":"Bouncing Flask","floor":8.0,"key":"SMITH"},{"floor":15,"key":"REST"}],"circlet_count":0,"master_deck":["AscendersBane","Strike_G","Strike_G","Defend_G","Defend_G","Defend_G","Defend_G","Defend_G","Survivor","Neutralize","Quick Slash+1","Corpse Explosion","All Out Attack+1","Footwork","Bouncing Flask+1","Bouncing Flask","Catalyst","Backflip","Well Laid Plans+1"],"relics":["Ring of the Snake","Bird Faced Urn","Boot","Paper Crane","Happy Flower","Frozen Egg 2"],"acts_visited":["Exordium"],"potions_floor_usage":[13,13],"damage_taken":[{"damage":2.0,"enemies":"Jaw Worm","floor":1.0,"turns":5.0},{"damage":0.0,"enemies":"Cultist","floor":3.0,"turns":3.0},{"damage":1.0,"enemies":"Small Slimes","floor":4.0,"turns":3.0},{"damage":13.0,"enemies":"Lagavulin","floor":7.0,"turns":9.0},{"damage":28,"enemies":"Gremlin Nob","floor":10,"turns":4},{"damage":13,"enemies":"Lagavulin","floor":12,"turns":6},{"damage":0,"enemies":"Gremlin Gang","floor":13,"turns":1},{"damage":28,"enemies":"The Guardian","floor":16,"turns":2}],"seed_played":"8066376636496683812","potions_obtained":[{"floor":4.0,"key":"Explosive Potion"},{"floor":10,"key":"Explosive Potion"},{"floor":13,"key":"BlessingOfTheForge"}],"is_trial":false,"path_per_floor":["M","?","M","M","$","R","E","R","T","E","?","E","M","$","R","B"],"character_chosen":"THE_SILENT","items_purchased":["Footwork","Well Laid Plans+1"],"campfire_rested":1,"item_purchase_floors":[5,14],"current_hp_per_floor":[57,57,57,56,56,56,45,45,45,17,17,6,6,6,24,0,0],"gold":34,"neow_bonus":"ONE_RARE_RELIC","is_daily":false,"chose_seed":false,"campfire_upgraded":2,"win_rate":0.0,"timestamp":1609251465,"path_taken":["M","?","M","M","?","R","E","R","T","E","?","E","M","$","R","BOSS"],"items_purchased_type":["Card","Card"],"build_version":"2020-12-22","purchased_purges":2,"victory":false,"max_hp_per_floor":[60,60,60,60,60,60,60,60,60,60,60,60,60,60,60,60,60],"relic_stats":{"Happy Flower":[3],"counters":[8,33],"Bird Faced Urn":[4],"Boot":[8],"obtain_stats":[{"Happy Flower":10,"Bird Faced Urn":0,"Paper Crane":9,"Frozen Egg 2":12,"Boot":7,"Ring of the Snake":0},{"Happy Flower":5,"Bird Faced Urn":0,"Paper Crane":4,"Frozen Egg 2":6,"Boot":4,"Ring of the Snake":0},{"Happy Flower":24,"Bird Faced Urn":0,"Paper Crane":20,"Frozen Egg 2":30,"Boot":20,"Ring of the Snake":0}],"Ring of the Snake":[16]},"card_choices":[{"not_picked":["Sucker Punch","Blade Dance"],"picked":"Quick Slash","floor":1.0},{"not_picked":["Flying Knee","Sucker Punch"],"picked":"Corpse Explosion","floor":3.0},{"not_picked":["Blade Dance","Backflip"],"picked":"All Out Attack","floor":4.0},{"not_picked":["Underhanded Strike","Poisoned Stab"],"picked":"Bouncing Flask","floor":7.0},{"not_picked":["Poisoned Stab","Flying Knee"],"picked":"Bouncing Flask","floor":10},{"not_picked":["Deadly Poison","Deflect"],"picked":"Catalyst","floor":12},{"not_picked":["All Out Attack","Deadly Poison"],"picked":"Backflip","floor":13}],"player_experience":466596,"relics_obtained":[{"floor":7.0,"key":"Boot"},{"floor":9.0,"key":"Paper Crane"},{"floor":10,"key":"Happy Flower"},{"floor":12,"key":"Frozen Egg 2"}],"event_choices":[{"damage_healed":0.0,"max_hp_gain":0.0,"max_hp_loss":0.0,"gold_gain":0.0,"event_name":"Upgrade Shrine","player_choice":"Upgraded","floor":2.0,"gold_loss":0.0,"damage_taken":0.0,"cards_upgraded":["Quick Slash"]},{"cards_removed":["Strike_G"],"damage_healed":0,"gold_gain":0,"player_choice":"Purged","damage_taken":0,"max_hp_gain":0,"max_hp_loss":0,"event_name":"Purifier","floor":11,"gold_loss":0}],"is_beta":false,"boss_relics":[],"items_purged_floors":[5,14],"is_endless":false,"potions_floor_spawned":[4,10,13],"killed_by":"The Guardian","ascension_level":18}}