{"host":"s1vy8rtdj748rey3","time":1609247121,"event":{"mods":["Aspiration","BaseMod","Beaked The Cultist","BetterRewards","Block Reminder","Conspire","Downfall","Friendly Minions","GifTheSpireLib","Halation","Hermit","Hubris","Infinite Spire","Jorbs\u0027s Wanderer Trilogy","Minty Spire (QoL Compilation)","Rare Cards Sparkle","Replay The Spire","Small Relic Pack","StSLib","Stuff the Spire","Transform Curses","Waifu the Spire","vexMod"],"gold_per_floor":[119,69,69,81,94,94,121,100,100,100,117,117,147,161,161,259,309,319,319,329,329,349,349,375,375,375,394,421,434,434,444,444,548,548,561,561,561],"floor_reached":36,"playtime":2314,"items_purged":["hermit:Covet"],"score":505,"play_id":"a6ee8054-15f5-43ac-b726-006f5e49b9f0","local_time":"20201229170521","is_ascension_mode":true,"campfire_choices":[{"data":"hermit:Combo","floor":6,"key":"SMITH"},{"floor":10,"key":"REST"},{"floor":15,"key":"REST"},{"floor":23,"key":"REST"},{"floor":25,"key":"REST"},{"data":"hermit:CursedWeapon","floor":30,"key":"SMITH"},{"data":"hermit:CursedWeapon","floor":32,"key":"SMITH"}],"circlet_count":0,"master_deck":["hermit:Strike_Hermit","hermit:Strike_Hermit","hermit:Strike_Hermit","hermit:Strike_Hermit","hermit:Defend_Hermit","hermit:Defend_Hermit","hermit:Defend_Hermit","hermit:Snapshot+1","hermit:Combo+1","hermit:Quickdraw","hermit:Dive","hermit:Quickdraw","hermit:GoldenBullet+1","Regret","hermit:Maintenance+1","hermit:ShadowCloak","hermit:CursedWeapon+1","hermit:CursedWeapon","hermit:Misfire","hermit:Misfire","hermit:Enervate","hermit:EyeOfTheStorm","hermit:Quickdraw","hermit:Deadeye+1","hermit:OverwhelmingPower+1","hermit:Desperado","hermit:Ricochet","hermit:Vantage","hermit:SprayPray","hermit:PistolWhip","hubris:Fate+1","hermit:Headshot+1","hermit:CalledShot+1","hermit:CursedWeapon+1","hermit:Enervate+1","hermit:Maintenance","hermit:Desperado","hermit:LowProfile","hermit:Dissolve","hermit:Roulette","hermit:Gestalt","hermit:EternalForm","hermit:Snipe+1","hermit:Snipe"],"relics":["hermit:Momento","Durian","Prayer Wheel","StuffTheSpire:RedRose","Simple Rune","Snack Pack","relicPack:AllForOne","vexMod:MemoryStick","Tiny House","vexMod:ImprovementManual","hubris:FunFungus","vexMod:BerryBomb","Eternal Feather","hermit:RedScarf","StuffTheSpire:RunicHypercube"],"acts_visited":["Exordium","TheCity","TheBeyond"],"potions_floor_usage":[5,14,16,20,20,28,28,33,33],"damage_taken":[{"damage":6,"enemies":"Small Slimes","floor":1,"turns":3},{"damage":9,"enemies":"Jaw Worm","floor":4,"turns":3},{"damage":0,"enemies":"Cultist","floor":5,"turns":4},{"damage":36,"enemies":"3 Sentries","floor":7,"turns":9},{"damage":10,"enemies":"Looter","floor":11,"turns":3},{"damage":14,"enemies":"Lagavulin","floor":13,"turns":4},{"damage":2,"enemies":"2 Fungi Beasts","floor":14,"turns":1},{"damage":20,"enemies":"Hexaghost","floor":16,"turns":7},{"damage":23,"enemies":"3 Byrds","floor":18,"turns":4},{"damage":5,"enemies":"conspire:FuzzyDice","floor":20,"turns":3},{"damage":37,"enemies":"Centurion and Healer","floor":22,"turns":3},{"damage":36,"enemies":"Book of Stabbing","floor":24,"turns":4},{"damage":11,"enemies":"Sentry and Sphere","floor":27,"turns":3},{"damage":50,"enemies":"Nightmare","floor":28,"turns":6},{"damage":5,"enemies":"Chosen and Byrds","floor":29,"turns":4},{"damage":1,"enemies":"3 Cultists","floor":31,"turns":3},{"damage":74,"enemies":"hubris:MusketHawk","floor":33,"turns":7},{"damage":42,"enemies":"3 Shapes","floor":35,"turns":3},{"damage":67,"enemies":"3 Darklings","floor":36,"turns":4}],"seed_played":"7637380399899209407","potions_obtained":[{"floor":4,"key":"Energy Potion"},{"floor":11,"key":"Fire Potion"},{"floor":13,"key":"Reflective Coating"},{"floor":17,"key":"Weak Potion"},{"floor":19,"key":"Doom Potion"},{"floor":19,"key":"DistilledChaos"},{"floor":27,"key":"hermit:Tonic"},{"floor":28,"key":"Dexterity Potion"},{"floor":31,"key":"Cursed Concoction"},{"floor":33,"key":"FearPotion"},{"floor":35,"key":"Elixir"}],"is_trial":false,"path_per_floor":["M","?","?","M","M","R","E","?","T","R","M","?","E","M","R","B",null,"M","?","M","AVR","M","R","E","R","T","M","NM","M","R","M","R","B",null,"M","M"],"character_chosen":"HERMIT","items_purchased":["hermit:Combo","hermit:Quickdraw","hermit:Dive"],"campfire_rested":4,"item_purchase_floors":[0,0,0],"current_hp_per_floor":[74,74,74,65,65,65,29,29,29,53,45,45,37,37,61,51,85,68,68,69,69,40,65,42,69,69,63,40,42,63,67,91,26,91,59,0,0],"gold":561,"neow_bonus":"","is_daily":false,"chose_seed":false,"campfire_upgraded":3,"win_rate":0.0,"timestamp":1609247121,"path_taken":["M","?","?","M","M","R","E","?","T","R","M","?","E","M","R","BOSS","M","?","M","AVR","M","R","E","R","T","M","NM","M","R","M","R","BOSS","M","?"],"items_purchased_type":["Card","Card","Card"],"build_version":"2020-12-22","purchased_purges":1,"victory":false,"max_hp_per_floor":[80,80,80,80,80,80,80,80,80,80,80,80,80,80,80,80,85,85,85,85,85,85,85,91,91,91,91,91,91,91,91,91,91,91,91,91,91],"card_choices":[{"not_picked":["hermit:Grudge","hermit:LowProfile"],"picked":"hermit:Quickdraw","floor":1},{"not_picked":["hermit:PistolWhip","hermit:Ricochet"],"picked":"hermit:GoldenBullet","floor":1},{"not_picked":["hermit:FlashPowder","hermit:Manifest"],"picked":"hermit:Maintenance","floor":4},{"not_picked":["hermit:Glare","hermit:Brawl"],"picked":"hermit:ShadowCloak","floor":4},{"not_picked":["hermit:ItchyTrigger","hermit:Glare"],"picked":"hermit:CursedWeapon","floor":5},{"not_picked":["hermit:Roulette","hermit:Snipe"],"picked":"hermit:CursedWeapon","floor":5},{"not_picked":["hermit:Virtue","hermit:LoneWolf"],"picked":"hermit:Misfire","floor":7},{"not_picked":["hermit:Midnight","hermit:LoneWolf"],"picked":"hermit:Misfire","floor":11},{"not_picked":["hermit:Virtue","hermit:FinalCanter"],"picked":"hermit:Enervate","floor":11},{"not_picked":["hermit:Dive","hermit:Manifest"],"picked":"hermit:EyeOfTheStorm","floor":13},{"not_picked":["hermit:HoleUp","hermit:Brawl"],"picked":"hermit:Quickdraw","floor":14},{"not_picked":["hermit:TrackingShot","hermit:Glare"],"picked":"hermit:Deadeye","floor":14},{"not_picked":["hermit:FatalDesire","hermit:HighNoon"],"picked":"hermit:OverwhelmingPower","floor":16},{"not_picked":["hermit:Shortfuse","hermit:BodyArmor"],"picked":"hermit:Desperado","floor":17},{"not_picked":["hermit:Showdown","hermit:Desperado+1"],"picked":"hermit:Ricochet","floor":18},{"not_picked":["hermit:ItchyTrigger","hermit:Showdown"],"picked":"hermit:Vantage","floor":18},{"not_picked":["hermit:Snipe","hermit:NoHoldsBarred"],"picked":"hermit:SprayPray","floor":20},{"not_picked":["hermit:Showdown+1","hermit:BodyArmor"],"picked":"hermit:PistolWhip","floor":20},{"not_picked":["hermit:Ricochet","hermit:Showdown"],"picked":"hermit:Headshot+1","floor":22},{"not_picked":["hermit:Dive+1","hermit:Manifest+1"],"picked":"hermit:CalledShot+1","floor":22},{"not_picked":["hermit:Gestalt","hermit:DeadOrAlive"],"picked":"hermit:CursedWeapon","floor":24},{"not_picked":["hermit:Glare+1","hermit:FullyLoaded+1"],"picked":"hermit:Enervate+1","floor":27},{"not_picked":["hermit:ItchyTrigger","hermit:BodyArmor"],"picked":"hermit:Maintenance","floor":27},{"not_picked":["hermit:Vantage","hermit:CursedWeapon"],"picked":"hermit:Desperado","floor":28},{"not_picked":["hermit:Quickdraw","hermit:SprayPray"],"picked":"hermit:LowProfile","floor":29},{"not_picked":["hermit:ItchyTrigger","hermit:CursedWeapon"],"picked":"hermit:Dissolve","floor":29},{"not_picked":["hermit:HoleUp","hermit:TrackingShot"],"picked":"hermit:Roulette","floor":31},{"not_picked":["hermit:Quickdraw","hermit:PistolWhip"],"picked":"hermit:Gestalt","floor":31},{"not_picked":["hermit:OverwhelmingPower","hermit:Adapt"],"picked":"hermit:EternalForm","floor":33},{"not_picked":["hermit:Dive","hermit:Showdown"],"picked":"hermit:Snipe+1","floor":35},{"not_picked":["hermit:Manifest","hermit:Midnight+1"],"picked":"hermit:Snipe","floor":35}],"player_experience":198623,"relics_obtained":[{"floor":7,"key":"Simple Rune"},{"floor":9,"key":"Snack Pack"},{"floor":13,"key":"vexMod:MemoryStick"},{"floor":24,"key":"vexMod:BerryBomb"},{"floor":26,"key":"Eternal Feather"},{"floor":28,"key":"hermit:RedScarf"}],"event_choices":[{"cards_removed":["hermit:Defend_Hermit"],"damage_healed":0,"gold_gain":0,"player_choice":"Card Removal","damage_taken":0,"max_hp_gain":0,"max_hp_loss":0,"event_name":"The Cleric","floor":2,"gold_loss":50},{"damage_healed":0,"gold_gain":0,"player_choice":"Left Gold","damage_taken":0,"max_hp_gain":0,"max_hp_loss":0,"event_name":"World of Goop","floor":8,"gold_loss":21},{"damage_healed":0,"gold_gain":0,"player_choice":"Got Potions","damage_taken":0,"max_hp_gain":0,"max_hp_loss":0,"event_name":"Lab","floor":19,"gold_loss":0}],"is_beta":false,"boss_relics":[{"not_picked":["Snecko Eye","Honey Jar"],"picked":"Tiny House"},{"not_picked":["hubris:TerracottaHorce","halation:PlatinumPhoenix"],"picked":"StuffTheSpire:RunicHypercube"}],"items_purged_floors":[21],"is_endless":true,"potions_floor_spawned":[4,11,13,27,28,31,33,35],"killed_by":"3 Darklings","ascension_level":2}}