{"host":"Niota","time":1609247178,"event":{"mods":["BaseMod","Colored Map","Colored Powertips","DeckTracker","Highlight Path","Minty Spire (QoL Compilation)"],"gold_per_floor":[114,114,128,128,128,128,142,170,193,222,172,182,193,204,204,307,307,317,335,351,351,362,362,390,390,390],"floor_reached":25,"playtime":1280,"items_purged":[],"score":341,"play_id":"4055fe57-88ee-4be0-9316-2588486eed43","local_time":"20201229140618","is_ascension_mode":true,"campfire_choices":[{"data":"Multi-Cast","floor":6.0,"key":"SMITH"},{"data":"Darkness","floor":15.0,"key":"SMITH"},{"data":"Zap","floor":23.0,"key":"SMITH"}],"circlet_count":0,"master_deck":["Strike_B","Strike_B","Strike_B","Defend_B","Defend_B","Defend_B","Zap+1","Dualcast","Doom and Gloom","Sweeping Beam","Multi-Cast+1","Chill","Sweeping Beam","Self Repair","Compile Driver","Darkness+1","Seek+1","Leap","Cold Snap","Melter"],"relics":["Cracked Core","NeowsBlessing","Blood Vial","Akabeko","Regal Pillow","Busted Crown","Happy Flower"],"acts_visited":["Exordium","TheCity"],"potions_floor_usage":[],"damage_taken":[{"damage":0.0,"enemies":"2 Louse","floor":1.0,"turns":1.0},{"damage":0.0,"enemies":"Cultist","floor":3.0,"turns":1.0},{"damage":0.0,"enemies":"Small Slimes","floor":7.0,"turns":1.0},{"damage":14.0,"enemies":"3 Sentries","floor":8.0,"turns":6.0},{"damage":22.0,"enemies":"Gremlin Nob","floor":10.0,"turns":4.0},{"damage":0.0,"enemies":"3 Louse","floor":12.0,"turns":1.0},{"damage":12.0,"enemies":"2 Fungi Beasts","floor":13.0,"turns":2.0},{"damage":10.0,"enemies":"Looter","floor":14.0,"turns":3.0},{"damage":19.0,"enemies":"Hexaghost","floor":16.0,"turns":7.0},{"damage":23.0,"enemies":"2 Thieves","floor":18.0,"turns":5.0},{"damage":7.0,"enemies":"3 Byrds","floor":19.0,"turns":4.0},{"damage":8.0,"enemies":"Centurion and Healer","floor":20.0,"turns":4.0},{"damage":6.0,"enemies":"Cultist and Chosen","floor":22.0,"turns":5.0},{"damage":46.0,"enemies":"Book of Stabbing","floor":24.0,"turns":5.0},{"damage":0,"enemies":"Shelled Parasite and Fungi","floor":25,"turns":1}],"seed_played":"3774340613243114445","potions_obtained":[{"floor":1.0,"key":"DistilledChaos"},{"floor":2.0,"key":"CultistPotion"},{"floor":2.0,"key":"FairyPotion"},{"floor":13.0,"key":"LiquidMemories"},{"floor":19.0,"key":"SteroidPotion"},{"floor":22.0,"key":"Energy Potion"}],"is_trial":false,"path_per_floor":["M","?","M","?","?","R","M","E","T","E","?","M","M","M","R","B",null,"M","M","M","?","M","R","E","M"],"character_chosen":"DEFECT","items_purchased":[],"campfire_rested":0,"item_purchase_floors":[],"current_hp_per_floor":[68,68,68,73,73,73,73,59,59,39,39,41,38,37,37,27,67,53,55,56,56,52,52,15,17,17],"gold":390,"neow_bonus":"THREE_ENEMY_KILL","is_daily":false,"chose_seed":false,"campfire_upgraded":3,"win_rate":0.0,"timestamp":1609247178,"path_taken":["M","?","?","?","?","R","M","E","T","E","?","M","M","M","R","BOSS","M","M","M","?","M","R","E","M"],"items_purchased_type":[],"build_version":"2020-12-18","purchased_purges":0,"victory":false,"max_hp_per_floor":[75,75,75,80,80,80,80,80,80,80,80,80,80,80,80,80,80,80,80,80,80,80,80,80,80,80],"card_choices":[{"not_picked":["Turbo","Capacitor"],"picked":"Doom and Gloom","floor":1.0},{"not_picked":["Go for the Eyes","Storm"],"picked":"Sweeping Beam","floor":3.0},{"not_picked":["Barrage","Beam Cell"],"picked":"Chill","floor":7.0},{"not_picked":["Rip and Tear","Amplify"],"picked":"Sweeping Beam","floor":8.0},{"not_picked":["Gash","Barrage"],"picked":"Self Repair","floor":10.0},{"not_picked":["Storm","Steam Power"],"picked":"Compile Driver","floor":12.0},{"not_picked":["Lockon","Loop"],"picked":"Darkness","floor":13.0},{"not_picked":["Stack","Doom and Gloom","Auto Shields"],"picked":"SKIP","floor":14.0},{"not_picked":["Electrodynamics","Creative AI"],"picked":"Seek","floor":16.0},{"not_picked":[],"picked":"Leap","floor":18.0},{"not_picked":["Leap"],"picked":"SKIP","floor":19.0},{"not_picked":[],"picked":"Cold Snap","floor":20.0},{"not_picked":[],"picked":"Melter","floor":22.0},{"not_picked":["Cold Snap"],"picked":"SKIP","floor":24.0}],"player_experience":814393,"relics_obtained":[{"floor":8.0,"key":"Blood Vial"},{"floor":9.0,"key":"Akabeko"},{"floor":10.0,"key":"Regal Pillow"},{"floor":24.0,"key":"Happy Flower"}],"event_choices":[{"damage_healed":0.0,"max_hp_gain":0.0,"max_hp_loss":0.0,"gold_gain":0.0,"event_name":"Lab","player_choice":"Got Potions","floor":2.0,"gold_loss":0.0,"damage_taken":0.0},{"damage_healed":0.0,"max_hp_gain":5.0,"max_hp_loss":0.0,"gold_gain":0.0,"event_name":"Big Fish","player_choice":"Donut","floor":4.0,"gold_loss":0.0,"damage_taken":0.0},{"damage_healed":0.0,"max_hp_gain":0.0,"max_hp_loss":0.0,"gold_gain":0.0,"cards_transformed":["Strike_B"],"event_name":"Living Wall","player_choice":"Change","floor":5.0,"gold_loss":0.0,"damage_taken":0.0,"cards_obtained":["Multi-Cast"]},{"cards_removed":["Defend_B"],"damage_healed":0.0,"max_hp_gain":0.0,"max_hp_loss":0.0,"gold_gain":0.0,"event_name":"The Cleric","player_choice":"Card Removal","floor":11.0,"gold_loss":50.0,"damage_taken":0.0},{"damage_healed":0.0,"max_hp_gain":0.0,"max_hp_loss":0.0,"gold_gain":0.0,"event_name":"Accursed Blacksmith","player_choice":"Forge","floor":21.0,"gold_loss":0.0,"damage_taken":0.0,"cards_upgraded":["Seek"]}],"is_beta":true,"boss_relics":[{"not_picked":["Coffee Dripper","Velvet Choker"],"picked":"Busted Crown"}],"items_purged_floors":[],"is_endless":false,"potions_floor_spawned":[1,3,7,13,19,22],"killed_by":"Shelled Parasite and Fungi","ascension_level":9}}