{"host":"kiauivt48syq9iz6","time":1609251770,"event":{"mods":["BaseMod","Conspire","Downfall","Hermit","Minty Spire (QoL Compilation)","Replay The Spire","SIMod","StSLib","The Animator","The Construct","The Cursed","The Runesmith","The Servant 0.9.4"],"gold_per_floor":[99,99,99,99,99,99,99,119,119,136,0,0,10,22,34,136,136,61,72,89,0,13,13,87,87,97,107,207,218,228,17,30,30,30,30],"floor_reached":33,"playtime":1937,"items_purged":["champ:Strike"],"score":241,"play_id":"68ccb7ca-6592-468d-a91b-9d758c7b2d85","local_time":"20201229072250","is_ascension_mode":false,"campfire_choices":[{"floor":1,"key":"RECALL"},{"data":"champ:DefensiveStyle","floor":12,"key":"SMITH"},{"data":"champ:ViciousMockery","floor":18,"key":"SMITH"},{"floor":23,"key":"REST"}],"circlet_count":0,"master_deck":["champ:Strike","champ:Strike","champ:Defend","champ:Defend","champ:Defend+1","champ:Defend","champ:Execute","champ:Taunt","champ:DefensiveStyle+1","champ:DeathBlow","champ:ArenaPreparation","champ:Circumvent","champ:Haymaker","champ:TornadoPunch","champ:DefensiveShout+1","champ:FlashCut","champ:ViciousMockery+1","champ:AdrenalArmor","CurseOfTheBell","champ:ShieldSigil","champ:PreciseThrust","champ:ShieldWall","champ:CalledShot+1","champ:BringItOn+1","champ:SkillfulDodge","champ:DefensiveShout","champ:Control","champ:SkillfulDodge","champ:Backstep","champ:CrookedStrike+1"],"relics":["champ:ChampionCrown","downfall:HeartsMalice","Lantern","Calling Bell","War Paint","conspire:BottledYoYo","conspire:InfiniteJournal","downfall:HeartBlessingRed","Letter Opener","Potion Belt"],"acts_visited":["Exordium","TheCity"],"potions_floor_usage":[19,28,28,28,29,30,30,30,32,33,33,33],"damage_taken":[{"damage":0,"enemies":"Cultist","floor":2,"turns":1},{"damage":0,"enemies":"2 Louse","floor":3,"turns":1},{"damage":0,"enemies":"Jaw Worm","floor":6,"turns":1},{"damage":39,"enemies":"Gremlin Gang","floor":8,"turns":4},{"damage":18,"enemies":"2 Fungi Beasts","floor":10,"turns":3},{"damage":36,"enemies":"downfall:FleeingMerchant","floor":11,"turns":4},{"damage":21,"enemies":"Exordium Thugs","floor":13,"turns":4},{"damage":25,"enemies":"Large Slime","floor":14,"turns":6},{"damage":31,"enemies":"Red Slaver","floor":15,"turns":4},{"damage":56,"enemies":"downfall:Watcher","floor":16,"turns":24},{"damage":33,"enemies":"conspire:FuzzyDice","floor":19,"turns":10},{"damage":40,"enemies":"Chosen","floor":20,"turns":8},{"damage":12,"enemies":"downfall:FleeingMerchant","floor":21,"turns":4},{"damage":19,"enemies":"Snecko","floor":22,"turns":5},{"damage":20,"enemies":"Snake Plant","floor":26,"turns":3},{"damage":24,"enemies":"Centurion and Healer","floor":27,"turns":6},{"damage":33,"enemies":"downfall:LadyInBlue","floor":28,"turns":8},{"damage":12,"enemies":"Snecko","floor":29,"turns":7},{"damage":11,"enemies":"Cultist and Chosen","floor":30,"turns":7},{"damage":5,"enemies":"downfall:FleeingMerchant","floor":31,"turns":4},{"damage":5,"enemies":"Snake Plant","floor":32,"turns":4},{"damage":24,"enemies":"downfall:Defect","floor":33,"turns":6}],"seed_played":"-7974728705790697179","potions_obtained":[{"floor":10,"key":"Strength Potion"},{"floor":13,"key":"Doom Potion"},{"floor":15,"key":"Dexterity Potion"},{"floor":16,"key":"Adrenaline Potion"},{"floor":26,"key":"Slimebound:ThreeZeroPotion"},{"floor":27,"key":"PowerPotion"},{"floor":28,"key":"Cursed Concoction"},{"floor":28,"key":"Reflective Coating"},{"floor":28,"key":"hexamod:EctoCoolerPotion"},{"floor":29,"key":"hexamod:EctoCoolerPotion"},{"floor":30,"key":"PowerPotion"},{"floor":32,"key":"champ:CounterPotion"}],"is_trial":false,"path_per_floor":["R","M","M","?","?","M","T","M","?","M","$","R","M","M","M","B",null,"R","M","M","$","M","R","T","?","M","M","?","M","M","$","M","B"],"character_chosen":"THE_CHAMP","items_purchased":["champ:DefensiveShout","champ:ShieldWall","champ:SkillfulDodge","PowerPotion","SkillPotion","champ:Backstep"],"campfire_rested":1,"item_purchase_floors":[11,21,31,31,31,31],"current_hp_per_floor":[90,90,90,90,90,90,90,78,78,75,75,75,65,65,64,49,90,90,66,45,45,38,65,65,50,50,46,18,18,16,16,16,0,0,0],"gold":30,"neow_bonus":"THREE_ENEMY_KILL","is_daily":false,"chose_seed":false,"campfire_upgraded":2,"win_rate":0.0,"timestamp":1609251770,"path_taken":["R","M","?","?","?","?","T","?","?","M","$","R","M","M","M","BOSS","R","M","M","$","M","R","T","?","M","?","?","M","M","?","M","BOSS"],"items_purchased_type":["Card","Card","Card","Potion","Potion","Card"],"build_version":"2020-12-22","purchased_purges":1,"victory":false,"max_hp_per_floor":[90,90,90,90,90,90,90,90,90,90,90,90,90,90,90,90,90,90,90,90,90,90,90,90,90,90,90,90,90,90,90,90,90,90,90],"card_choices":[{"not_picked":["champ:RecklessLeap","champ:BringItOn"],"picked":"champ:DefensiveStyle","floor":2},{"not_picked":["champ:Haymaker","champ:FaceSlap"],"picked":"champ:DeathBlow","floor":3},{"not_picked":["champ:StanceDance","champ:CrookedStrike"],"picked":"champ:ArenaPreparation","floor":6},{"not_picked":["champ:GladiatorStyle","champ:GladiatorsShout"],"picked":"champ:Circumvent","floor":8},{"not_picked":["champ:CrookedStrike","champ:FocusedBerserking"],"picked":"champ:Haymaker","floor":10},{"not_picked":["champ:GutPunch","champ:LastStand"],"picked":"champ:TornadoPunch","floor":11},{"not_picked":["champ:PreciseThrust","champ:StanceDance"],"picked":"champ:FlashCut","floor":13},{"not_picked":["champ:GutPunch","champ:DefensiveStyle"],"picked":"champ:ViciousMockery","floor":14},{"not_picked":["champ:CrookedStrike","champ:CalledShot"],"picked":"champ:AdrenalArmor","floor":15},{"not_picked":["champ:FanOfKnives","champ:Shatter","champ:RisingSlash"],"picked":"SKIP","floor":19},{"not_picked":["champ:Shatter","champ:Control"],"picked":"champ:ShieldSigil","floor":20},{"not_picked":["champ:PerfectForm","champ:BerserkersShout"],"picked":"champ:PreciseThrust","floor":21},{"not_picked":["champ:BringItOn","champ:FanOfKnives"],"picked":"champ:CalledShot+1","floor":22},{"not_picked":["champ:Circumvent","champ:Lariat+1"],"picked":"champ:BringItOn+1","floor":26},{"not_picked":["champ:RecklessLeap+1","champ:PreciseThrust","champ:PerfectedStrike"],"picked":"SKIP","floor":27},{"not_picked":["champ:GladiatorsShout","champ:Haymaker"],"picked":"champ:SkillfulDodge","floor":28},{"not_picked":["champ:RapidStrikes","champ:BerserkersShout","champ:BladeFlurry"],"picked":"SKIP","floor":29},{"not_picked":["champ:StanceDance","champ:Lariat"],"picked":"champ:DefensiveShout","floor":30},{"not_picked":["champ:GutPunch","champ:FocusedGladiator"],"picked":"champ:Control","floor":31},{"not_picked":["champ:EndlessRage","champ:EnragedBash"],"picked":"champ:CrookedStrike+1","floor":32}],"player_experience":112067,"relics_obtained":[{"floor":7,"key":"Lantern"},{"floor":17,"key":"War Paint"},{"floor":17,"key":"conspire:BottledYoYo"},{"floor":17,"key":"conspire:InfiniteJournal"},{"floor":24,"key":"Letter Opener"},{"floor":28,"key":"Potion Belt"}],"event_choices":[{"damage_healed":0,"gold_gain":0,"player_choice":"Leave","damage_taken":0,"max_hp_gain":0,"max_hp_loss":0,"event_name":"conspire:Investor","floor":4,"gold_loss":0},{"cards_removed":["champ:Strike"],"damage_healed":0,"gold_gain":0,"player_choice":"Purged","damage_taken":0,"max_hp_gain":0,"max_hp_loss":0,"event_name":"Purifier","floor":5,"gold_loss":0},{"damage_healed":0,"gold_gain":0,"player_choice":"Disagree","damage_taken":0,"max_hp_gain":0,"max_hp_loss":0,"event_name":"conspire:LoneGhost","floor":9,"gold_loss":0}],"is_beta":false,"boss_relics":[{"not_picked":["ReplayTheSpireMod:DimensionalGlitch","Black Star"],"picked":"Calling Bell"}],"items_purged_floors":[11],"is_endless":false,"potions_floor_spawned":[10,13,15,16,26,27,29,30,32],"killed_by":"downfall:Defect","ascension_level":0}}