{"host":"y89x8uui45kcjy42","time":1609217252,"event":{"mods":["2.2 Compatiblity","BaseMod","CapriCore","Colored Map","Colored Powertips","Custom Start","Friendly Minions","Highlight Path","Keyboard Shortcuts","Minty Spire (QoL Compilation)","Relic Stats","Slay the Relics Exporter","StSLib","SuperFastMode","Waifu the Spire"],"gold_per_floor":[110,35,35,52,65,65,92,92,92,17,17,17,28,47,47,47,47],"floor_reached":16,"playtime":185,"items_purged":["Strike_R"],"score":200,"play_id":"f0ac3635-5188-4bdf-ba5d-308e27e08166","local_time":"20201229134732","is_ascension_mode":true,"campfire_choices":[{"data":"Immolate","floor":6,"key":"SMITH"},{"data":"Bloodletting","floor":8,"key":"SMITH"},{"data":"Metallicize","floor":15,"key":"SMITH"}],"circlet_count":0,"master_deck":["AscendersBane","Strike_R","Strike_R","Defend_R","Defend_R","Defend_R","Defend_R","Bash","Bloodletting+1","Immolate+1","Spot Weakness+1","Metallicize+1","Feel No Pain"],"relics":["Burning Blood","NeowsBlessing","Paper Frog","Toxic Egg 2","Question Card"],"acts_visited":["Exordium"],"potions_floor_usage":[7,16],"damage_taken":[{"damage":0,"enemies":"Cultist","floor":1,"turns":1},{"damage":0,"enemies":"Small Slimes","floor":4,"turns":1},{"damage":0,"enemies":"Jaw Worm","floor":5,"turns":1},{"damage":33,"enemies":"Lagavulin","floor":7,"turns":4},{"damage":0,"enemies":"3 Louse","floor":13,"turns":1},{"damage":12,"enemies":"Red Slaver","floor":14,"turns":2},{"damage":31,"enemies":"Slime Boss","floor":16,"turns":3}],"seed_played":"-9199632622690240274","potions_obtained":[{"floor":5,"key":"EssenceOfSteel"},{"floor":13,"key":"AttackPotion"}],"is_trial":false,"path_per_floor":["M","?","?","M","M","R","E","R","T","$","?","?","M","M","R","B"],"character_chosen":"IRONCLAD","items_purchased":[],"campfire_rested":0,"item_purchase_floors":[],"current_hp_per_floor":[74,74,74,75,75,75,48,48,48,48,30,30,36,30,30,0,0],"gold":47,"neow_bonus":"THREE_ENEMY_KILL","is_daily":false,"chose_seed":false,"campfire_upgraded":3,"win_rate":0.0,"timestamp":1609217252,"path_taken":["M","?","?","M","?","R","E","R","T","$","?","?","?","M","R","BOSS"],"items_purchased_type":[],"build_version":"2020-12-22","purchased_purges":1,"victory":false,"max_hp_per_floor":[75,75,75,75,75,75,75,75,75,75,75,75,75,75,75,75,75],"relic_stats":{"counters":[7,13],"Question Card":2,"obtain_stats":[{"NeowsBlessing":0,"Toxic Egg 2":9,"Question Card":11,"Burning Blood":0,"Paper Frog":7},{"NeowsBlessing":0,"Toxic Egg 2":4,"Question Card":4,"Burning Blood":0,"Paper Frog":4},{"NeowsBlessing":0,"Toxic Egg 2":7,"Question Card":7,"Burning Blood":0,"Paper Frog":7}],"Burning Blood":25},"card_choices":[{"not_picked":["Armaments","Perfected Strike"],"picked":"Bloodletting","floor":1},{"not_picked":["Cleave","Wild Strike","Warcry"],"picked":"SKIP","floor":4},{"not_picked":["Clothesline","Body Slam"],"picked":"Spot Weakness","floor":5},{"not_picked":["Twin Strike","Carnage","Searing Blow"],"picked":"SKIP","floor":7},{"not_picked":["Havoc+1","Anger","Pummel"],"picked":"Metallicize","floor":13},{"not_picked":["Sword Boomerang","Entrench+1","Pummel"],"picked":"Feel No Pain","floor":14}],"player_experience":523826,"relics_obtained":[{"floor":7,"key":"Paper Frog"},{"floor":9,"key":"Toxic Egg 2"}],"event_choices":[{"cards_removed":["Strike_R"],"damage_healed":0,"gold_gain":0,"player_choice":"Card Removal","damage_taken":0,"max_hp_gain":0,"max_hp_loss":0,"event_name":"The Cleric","floor":2,"gold_loss":75},{"damage_healed":0,"gold_gain":0,"cards_transformed":["Strike_R"],"player_choice":"Transformed","damage_taken":0,"max_hp_gain":0,"max_hp_loss":0,"event_name":"Transmorgrifier","floor":3,"gold_loss":0,"cards_obtained":["Immolate"]},{"damage_healed":0,"gold_gain":0,"player_choice":"Success","damage_taken":18,"relics_obtained":["Question Card"],"max_hp_gain":0,"max_hp_loss":0,"event_name":"Scrap Ooze","floor":11,"gold_loss":0},{"damage_healed":0,"gold_gain":0,"player_choice":"Upgraded","damage_taken":0,"max_hp_gain":0,"max_hp_loss":0,"event_name":"Upgrade Shrine","floor":12,"gold_loss":0,"cards_upgraded":["Spot Weakness"]}],"is_beta":false,"boss_relics":[],"items_purged_floors":[10],"is_endless":false,"potions_floor_spawned":[5,13],"killed_by":"Slime Boss","ascension_level":20}}