{"host":"p9t7qd83igtcp2bh","time":1609216712,"event":{"mods":["2.2 Compatiblity","AchievementEnabler","BaseMod","Colored Map","Colored Powertips","Custom Start","DeckTracker","Keyboard Shortcuts","Minty Spire (QoL Compilation)","Permanent Neow","StSLib","SuperFastMode","everything is the same but u backflip on backflip"],"gold_per_floor":[134,168,168,203,235,291,291,341,366,366,417,417,73,73,73,209,209,302,311,111,111,123,123,162,162,188,39,98,137,172,215,215,326,326,371,436,436,519,519,519,146,146,172,212,212,212,232,282,282,282],"floor_reached":51,"playtime":1929,"items_purged":["Regret","Halt","Strike_P"],"score":1198,"play_id":"1d0cbbe8-3d04-4481-b0ab-69a214d91ce5","local_time":"20201229133832","is_ascension_mode":true,"campfire_choices":[{"floor":7.0,"key":"REST"},{"data":"HandOfGreed","floor":10.0,"key":"SMITH"},{"data":"Eruption","floor":12.0,"key":"SMITH"},{"data":"CrushJoints","floor":15.0,"key":"SMITH"},{"data":"Wish","floor":23.0,"key":"SMITH"},{"data":"MentalFortress","floor":25.0,"key":"SMITH"},{"floor":32,"key":"REST"},{"floor":40,"key":"REST"},{"data":"1","floor":42,"key":"LIFT"},{"data":"2","floor":46,"key":"LIFT"},{"floor":49,"key":"REST"}],"circlet_count":0,"master_deck":["AscendersBane","Strike_P","Strike_P","Strike_P+1","Defend_P+1","Defend_P","Defend_P+1","Defend_P","Eruption+1","Vigilance","HandOfGreed+1","FearNoEvil","Consecrate","FollowUp","CrushJoints+1","Wallop+1","DevaForm","EmptyBody","Sanctity","MentalFortress+1","FlurryOfBlows","Wish+1","SandsOfTime","Wish","Swivel","Deep Breath","Protect+1"],"relics":["PureWater","CeramicFish","Boot","Whetstone","Orrery","Snecko Eye","Membership Card","Blood Vial","Centennial Puzzle","ClockworkSouvenir","Oddly Smooth Stone","Fusion Hammer","Lizard Tail","Girya","Sundial","Regal Pillow","The Courier"],"acts_visited":["Exordium","TheCity","TheBeyond"],"potions_floor_usage":[33,33,38,50],"damage_taken":[{"damage":3.0,"enemies":"Cultist","floor":1.0,"turns":3.0},{"damage":9.0,"enemies":"Jaw Worm","floor":2.0,"turns":2.0},{"damage":4.0,"enemies":"Small Slimes","floor":4.0,"turns":3.0},{"damage":3.0,"enemies":"Exordium Thugs","floor":5.0,"turns":3.0},{"damage":25.0,"enemies":"Lagavulin","floor":6.0,"turns":6.0},{"damage":0.0,"enemies":"Gremlin Nob","floor":8.0,"turns":2.0},{"damage":3.0,"enemies":"Exordium Wildlife","floor":11.0,"turns":3.0},{"damage":0.0,"enemies":"Hexaghost","floor":16.0,"turns":8.0},{"damage":0.0,"enemies":"3 Byrds","floor":18.0,"turns":5.0},{"damage":12.0,"enemies":"Shell Parasite","floor":22.0,"turns":3.0},{"damage":0.0,"enemies":"Cultist and Chosen","floor":24.0,"turns":3.0},{"damage":21,"enemies":"Slavers","floor":28,"turns":5},{"damage":0,"enemies":"Centurion and Healer","floor":29,"turns":2},{"damage":0,"enemies":"Chosen and Byrds","floor":30,"turns":3},{"damage":0,"enemies":"Sentry and Sphere","floor":31,"turns":2},{"damage":22,"enemies":"Automaton","floor":33,"turns":9},{"damage":7,"enemies":"3 Darklings","floor":35,"turns":5},{"damage":1,"enemies":"3 Shapes","floor":36,"turns":6},{"damage":27,"enemies":"2 Orb Walkers","floor":38,"turns":4},{"damage":4,"enemies":"Spire Growth","floor":44,"turns":5},{"damage":33,"enemies":"Transient","floor":47,"turns":5},{"damage":0,"enemies":"4 Shapes","floor":48,"turns":3},{"damage":10,"enemies":"Awakened One","floor":50,"turns":12}],"seed_played":"281123902727138984","potions_obtained":[{"floor":2.0,"key":"PowerPotion"},{"floor":6.0,"key":"ColorlessPotion"},{"floor":8.0,"key":"Weak Potion"},{"floor":18.0,"key":"Strength Potion"},{"floor":33,"key":"Strength Potion"},{"floor":35,"key":"Ambrosia"}],"is_trial":false,"path_per_floor":["M","M","?","M","M","E","R","E","T","R","M","R","$","?","R","B",null,"M","?","$","?","M","R","M","R","T","$","E","M","M","M","R","B",null,"M","M","?","?","?","R","$","R","T","M","T","R","M","M","R","B",null],"character_chosen":"WATCHER","items_purchased":["Orrery","Sanctity","MentalFortress","FlurryOfBlows","Membership Card","Centennial Puzzle","ClockworkSouvenir","Girya","Sundial","Deep Breath"],"campfire_rested":4,"item_purchase_floors":[13,13,13,13,20,27,27,41,41,41],"current_hp_per_floor":[62,53,39,35,32,7,28,28,28,28,25,25,25,30,30,30,65,65,65,65,51,39,39,39,39,39,39,20,22,24,26,50,30,69,64,65,55,30,30,53,53,53,53,51,51,51,20,22,60,52],"gold":282,"neow_bonus":"RANDOM_COLORLESS_2","is_daily":false,"chose_seed":false,"campfire_upgraded":5,"win_rate":0.0,"timestamp":1609216712,"path_taken":["M","M","?","M","M","E","R","E","T","R","M","R","$","?","R","BOSS","M","?","$","?","M","R","M","R","T","?","E","M","?","M","R","BOSS","M","M","?","?","?","R","$","R","T","?","?","R","M","M","R","BOSS"],"items_purchased_type":["Relic","Card","Card","Card","Relic","Relic","Relic","Relic","Relic","Card"],"build_version":"2020-12-22","purchased_purges":3,"victory":true,"max_hp_per_floor":[72,72,72,72,72,72,72,72,72,72,72,72,72,77,77,77,77,77,77,77,82,82,82,82,82,82,82,82,82,82,82,82,82,82,82,82,82,82,78,78,78,78,78,78,78,78,78,78,78,78],"card_choices":[{"not_picked":["Panache","Mayhem"],"picked":"HandOfGreed","floor":0.0},{"not_picked":["ClearTheMind","Halt"],"picked":"FearNoEvil","floor":1.0},{"not_picked":["WheelKick","BowlingBash"],"picked":"Consecrate","floor":2.0},{"not_picked":["Evaluate","PathToVictory"],"picked":"FollowUp","floor":4.0},{"not_picked":["DeceiveReality","WheelKick"],"picked":"CrushJoints","floor":5.0},{"not_picked":["SashWhip","ThirdEye"],"picked":"Wallop","floor":6.0},{"not_picked":["Worship","ReachHeaven","ClearTheMind"],"picked":"SKIP","floor":8.0},{"not_picked":["Halt","Prostrate"],"picked":"DevaForm","floor":11.0},{"not_picked":["CrushJoints","BowlingBash"],"picked":"Halt","floor":13.0},{"not_picked":["ForeignInfluence","Prostrate"],"picked":"EmptyBody","floor":13.0},{"not_picked":["Omniscience","Alpha"],"picked":"Wish","floor":16.0},{"not_picked":["EmptyFist","Collect","Prostrate+1"],"picked":"SKIP","floor":18.0},{"not_picked":["CrushJoints","BowlingBash+1","FlurryOfBlows+1"],"picked":"SKIP","floor":22.0},{"not_picked":["Halt","Indignation","CarveReality"],"picked":"SKIP","floor":24.0},{"not_picked":["Wireheading","EmptyFist","ClearTheMind"],"picked":"SKIP","floor":28},{"not_picked":["EmptyFist","BowlingBash","Sanctity"],"picked":"SKIP","floor":29},{"not_picked":["JustLucky","Consecrate","WreathOfFlame"],"picked":"SKIP","floor":30},{"not_picked":["Evaluate","Worship","PathToVictory"],"picked":"SKIP","floor":31},{"not_picked":["Scrawl","DevaForm"],"picked":"Wish","floor":33},{"not_picked":["FlurryOfBlows+1","Halt","ThirdEye+1"],"picked":"SKIP","floor":35},{"not_picked":["Halt","ThirdEye","CarveReality"],"picked":"SKIP","floor":36},{"not_picked":["BowlingBash","WaveOfTheHand+1"],"picked":"Swivel","floor":38},{"not_picked":["EmptyBody","SashWhip","Evaluate"],"picked":"SKIP","floor":44},{"not_picked":["Study+1","JustLucky","FlyingSleeves+1"],"picked":"SKIP","floor":47},{"not_picked":["Perseverance","ThirdEye"],"picked":"Protect+1","floor":48}],"player_experience":580221,"relics_obtained":[{"floor":6.0,"key":"CeramicFish"},{"floor":8.0,"key":"Boot"},{"floor":9.0,"key":"Whetstone"},{"floor":26.0,"key":"Blood Vial"},{"floor":28,"key":"Oddly Smooth Stone"},{"floor":38,"key":"Lizard Tail"},{"floor":43,"key":"Regal Pillow"},{"floor":45,"key":"The Courier"}],"event_choices":[{"damage_healed":0.0,"max_hp_gain":0.0,"max_hp_loss":0.0,"gold_gain":0.0,"event_name":"Shining Light","player_choice":"Entered Light","floor":3.0,"gold_loss":0.0,"damage_taken":14.0,"cards_upgraded":["Defend_P","Defend_P"]},{"damage_healed":0.0,"max_hp_gain":5.0,"max_hp_loss":0.0,"gold_gain":0.0,"event_name":"Big Fish","player_choice":"Donut","floor":14.0,"gold_loss":0.0,"damage_taken":0.0},{"damage_healed":0.0,"max_hp_gain":0.0,"max_hp_loss":0.0,"gold_gain":0.0,"event_name":"The Library","player_choice":"Read","floor":19.0,"gold_loss":0.0,"damage_taken":0.0,"cards_obtained":["SandsOfTime"]},{"damage_healed":0.0,"max_hp_gain":5.0,"max_hp_loss":0.0,"gold_gain":0.0,"event_name":"Forgotten Altar","player_choice":"Shed Blood","floor":21.0,"gold_loss":0.0,"damage_taken":19.0},{"damage_healed":0,"gold_gain":0,"player_choice":"Memory 3","damage_taken":10,"max_hp_gain":0,"max_hp_loss":0,"event_name":"SensoryStone","floor":37,"gold_loss":0},{"damage_healed":0,"gold_gain":0,"player_choice":"Fight","damage_taken":0,"max_hp_gain":0,"max_hp_loss":0,"event_name":"Mysterious Sphere","floor":38,"gold_loss":0},{"damage_healed":0,"gold_gain":0,"player_choice":"Max HP","damage_taken":0,"max_hp_gain":0,"max_hp_loss":4,"event_name":"Winding Halls","floor":39,"gold_loss":0}],"is_beta":false,"boss_relics":[{"not_picked":["HolyWater","Ectoplasm"],"picked":"Snecko Eye"},{"not_picked":["Cursed Key","Busted Crown"],"picked":"Fusion Hammer"}],"items_purged_floors":[13,20,41],"is_endless":false,"potions_floor_spawned":[2,6,8,16,18,30,33,35],"ascension_level":12}}