{"host":"9nt1zhl3k8mtcf72","time":1609219768,"event":{"mods":["Aspiration","BaseMod","BetterRewards","Conjunction","Conspire","Downfall","Energized Spire","Friendly Minions","GifTheSpireLib","Halation","Hubris","Infinite Spire","Jedi Mod","Mimic Mod","Minty Spire (QoL Compilation)","RatMod","Replay The Spire","Spikes Relics","StSLib","Stuff the Spire","Trackpad","Useless Jewels Mod","Wandering Minibosses","vexMod"],"gold_per_floor":[99,49,49,68,53,92,92,67,99,24,24,42,42,60,80,105,105,105],"floor_reached":16,"playtime":426,"items_purged":[],"score":100,"play_id":"8cae435a-c3a6-4676-9091-84c6ff415cec","local_time":"20201229002928","is_ascension_mode":false,"campfire_choices":[{"floor":1,"key":"RECALL"},{"floor":10,"key":"REST"},{"floor":13,"key":"REST"}],"circlet_count":0,"master_deck":["hexamod:Strike","hexamod:Strike","hexamod:Strike","hexamod:Strike","hexamod:Defend","hexamod:Defend","hexamod:Defend","hexamod:Defend","hexamod:Sear","hexamod:Float","hexamod:VolcanoVisage","conspire:SpireCoStock","hexamod:SpectersWail","hexamod:SpectralSpark","hexamod:SpectersWail","hexamod:RainOfEmbers","Pain","hexamod:NightmareStrike","hexamod:RainOfEmbers","hexamod:EmpoweredFlame"],"relics":["hexamod:SpiritBrand","trackpad:Compendium","jedi:angrymask","downfall:HeartBlessingRed","WarpedTongs"],"acts_visited":["Exordium"],"potions_floor_usage":[6,16],"damage_taken":[{"damage":9,"enemies":"Jaw Worm","floor":4,"turns":5},{"damage":0,"enemies":"downfall:FleeingMerchant","floor":5,"turns":4},{"damage":15,"enemies":"Small Slimes","floor":6,"turns":3},{"damage":21,"enemies":"Gremlin Nob","floor":9,"turns":4},{"damage":3,"enemies":"Cultist","floor":12,"turns":3},{"damage":3,"enemies":"Exordium Wildlife","floor":14,"turns":3},{"damage":12,"enemies":"2 Fungi Beasts","floor":15,"turns":4},{"damage":51,"enemies":"downfall:Silent","floor":16,"turns":4}],"seed_played":"4923231088069282779","potions_obtained":[{"floor":3,"key":"Cursed Concoction"},{"floor":3,"key":"hexamod:EctoCoolerPotion"},{"floor":3,"key":"Venom Potion"},{"floor":6,"key":"Fire Potion"}],"is_trial":false,"path_per_floor":["R","?","?","M","$","M","T","?","E","R","?","M","R","M","M","B"],"character_chosen":"THE_SPIRIT","items_purchased":[],"campfire_rested":2,"item_purchase_floors":[],"current_hp_per_floor":[70,70,70,61,61,46,46,46,25,46,46,43,64,61,49,0,0,0],"gold":105,"neow_bonus":"ONE_RANDOM_RARE_CARD","is_daily":false,"chose_seed":false,"campfire_upgraded":0,"win_rate":0.0,"timestamp":1609219768,"path_taken":["R","?","?","M","$","?","T","?","E","R","?","M","R","M","M","BOSS"],"items_purchased_type":[],"build_version":"2020-12-22","purchased_purges":0,"victory":false,"max_hp_per_floor":[70,70,70,70,70,70,70,70,70,70,70,70,70,70,70,70,70,70],"card_choices":[{"not_picked":["hexamod:Firestarter","hexamod:ShieldOfDarkness"],"picked":"hexamod:SpectersWail","floor":4},{"not_picked":["hexamod:HauntingEcho","hexamod:HeatCrush"],"picked":"hexamod:SpectralSpark","floor":5},{"not_picked":["hexamod:PhantomCloak","hexamod:SpectralAdrenaline"],"picked":"hexamod:SpectersWail","floor":6},{"not_picked":["hexamod:AdvancingGuard","hexamod:FastForward"],"picked":"hexamod:RainOfEmbers","floor":9},{"not_picked":["hexamod:AdvancingGuard","hexamod:Firestarter"],"picked":"hexamod:NightmareStrike","floor":12},{"not_picked":["hexamod:InspiringFlames","hexamod:Hexaguard"],"picked":"hexamod:RainOfEmbers","floor":14},{"not_picked":["hexamod:ThermalTransfer","hexamod:ChargedBarrage"],"picked":"hexamod:EmpoweredFlame","floor":15}],"player_experience":476930,"relics_obtained":[{"floor":7,"key":"trackpad:Compendium"},{"floor":9,"key":"jedi:angrymask"}],"event_choices":[{"damage_healed":0,"gold_gain":0,"player_choice":"Invest 1","damage_taken":0,"max_hp_gain":0,"max_hp_loss":0,"event_name":"conspire:Investor","floor":2,"gold_loss":0},{"damage_healed":0,"gold_gain":0,"player_choice":"Got Potions","damage_taken":0,"max_hp_gain":0,"max_hp_loss":0,"event_name":"Lab","floor":3,"gold_loss":0},{"damage_healed":0,"gold_gain":0,"player_choice":"Rummage","damage_taken":0,"relics_obtained":["WarpedTongs"],"max_hp_gain":0,"max_hp_loss":0,"event_name":"Accursed Blacksmith","floor":11,"gold_loss":0,"cards_obtained":["Pain"]}],"is_beta":false,"boss_relics":[],"items_purged_floors":[],"is_endless":false,"potions_floor_spawned":[6,14,15],"killed_by":"downfall:Silent","ascension_level":0}}