{"host":"s1gi8xs3so6zkrm7","time":1609219912,"event":{"mods":["BaseMod","Filter the Spire","Minty Spire (QoL Compilation)"],"gold_per_floor":[116,116,131,131,145,158,158,192,246,280,50,50,81,93,93,198,198,198,183,183,3,3,3,3,3,3,3,3,3,3,3,3,3,3,3,3,3,3,3,3,3,3,3,3,3,3,3,3,3,3,3],"floor_reached":50,"playtime":2669,"items_purged":["Clash"],"score":906,"play_id":"bf660665-ded8-44c7-b869-17143c387b5d","local_time":"20201228233152","is_ascension_mode":true,"campfire_choices":[{"data":"Perfected Strike","floor":7.0,"key":"SMITH"},{"floor":12.0,"key":"REST"},{"floor":15.0,"key":"REST"},{"floor":23.0,"key":"REST"},{"floor":25.0,"key":"REST"},{"floor":30.0,"key":"REST"},{"floor":32.0,"key":"REST"},{"floor":40,"key":"REST"},{"floor":45,"key":"REST"},{"floor":49,"key":"REST"}],"circlet_count":0,"master_deck":["Strike_R","Strike_R","Strike_R","Strike_R","Defend_R","Defend_R","Defend_R","Defend_R","Bash","Pommel Strike","Flash of Steel","Perfected Strike+1","Pommel Strike","Immolate","Flex","Rage+1","Infernal Blade+1","Brutality","Bludgeon","Double Tap+1","Warcry+1","Offering+1","Reaper","Juggernaut","Armaments+1","Perfected Strike+1","Dual Wield+1","Berserk","Armaments+1"],"relics":["Snecko Eye","The Courier","InkBottle","Anchor","Boot","Ice Cream","Toxic Egg 2","Ectoplasm","MealTicket","Orichalcum","PreservedInsect","Mango","Runic Cube","Calipers","Strawberry","Dead Branch","Mercury Hourglass"],"acts_visited":["Exordium","TheCity","TheBeyond"],"potions_floor_usage":[33,33,50,50,50],"damage_taken":[{"damage":2.0,"enemies":"Jaw Worm","floor":1.0,"turns":2.0},{"damage":0.0,"enemies":"Cultist","floor":3.0,"turns":2.0},{"damage":10.0,"enemies":"Small Slimes","floor":5.0,"turns":2.0},{"damage":18.0,"enemies":"Exordium Wildlife","floor":6.0,"turns":3.0},{"damage":8.0,"enemies":"Gremlin Nob","floor":8.0,"turns":3.0},{"damage":20.0,"enemies":"Lagavulin","floor":10.0,"turns":3.0},{"damage":0.0,"enemies":"Gremlin Nob","floor":13.0,"turns":2.0},{"damage":0.0,"enemies":"Lots of Slimes","floor":14.0,"turns":2.0},{"damage":35.0,"enemies":"The Guardian","floor":16.0,"turns":9.0},{"damage":2.0,"enemies":"Chosen","floor":18.0,"turns":3.0},{"damage":0.0,"enemies":"2 Thieves","floor":19.0,"turns":2.0},{"damage":64.0,"enemies":"Shelled Parasite and Fungi","floor":22.0,"turns":6.0},{"damage":0.0,"enemies":"Gremlin Leader","floor":24.0,"turns":2.0},{"damage":6.0,"enemies":"Sentry and Sphere","floor":27.0,"turns":1.0},{"damage":6.0,"enemies":"Slavers","floor":28.0,"turns":2.0},{"damage":6.0,"enemies":"Snake Plant","floor":29.0,"turns":1.0},{"damage":25.0,"enemies":"Gremlin Leader","floor":31.0,"turns":2.0},{"damage":84,"enemies":"Automaton","floor":33,"turns":8},{"damage":21,"enemies":"3 Darklings","floor":35,"turns":3},{"damage":14,"enemies":"2 Orb Walkers","floor":36,"turns":3},{"damage":20,"enemies":"3 Shapes","floor":38,"turns":2},{"damage":27,"enemies":"Reptomancer","floor":41,"turns":3},{"damage":1,"enemies":"Jaw Worm Horde","floor":42,"turns":2},{"damage":6,"enemies":"Nemesis","floor":44,"turns":3},{"damage":37,"enemies":"Maw","floor":47,"turns":5},{"damage":98,"enemies":"Time Eater","floor":50,"turns":7}],"seed_played":"6885996901007062694","potions_obtained":[{"floor":1.0,"key":"LiquidMemories"},{"floor":5.0,"key":"Ancient Potion"},{"floor":14.0,"key":"DuplicationPotion"},{"floor":18.0,"key":"PowerPotion"},{"floor":22.0,"key":"PowerPotion"},{"floor":24.0,"key":"SpeedPotion"},{"floor":33,"key":"BlessingOfTheForge"},{"floor":36,"key":"Weak Potion"},{"floor":38,"key":"CultistPotion"}],"is_trial":false,"path_per_floor":["M","?","M","T","M","M","R","E","T","E","$","R","E","M","R","B",null,"M","M","?","$","M","R","E","R","T","M","E","M","R","E","R","B",null,"M","?","?","M","$","R","E","M","T","E","R","$","M","?","R","B"],"character_chosen":"IRONCLAD","items_purchased":["Ice Cream","Double Tap+1"],"campfire_rested":9,"item_purchase_floors":[11,21],"current_hp_per_floor":[70,70,70,70,60,42,42,34,34,14,14,38,38,38,62,27,67,65,65,65,65,1,25,25,49,49,43,37,31,55,44,72,6,72,51,37,37,17,32,60,40,39,39,33,63,78,46,46,76,0,0],"gold":3,"neow_bonus":"BOSS_RELIC","is_daily":false,"chose_seed":false,"campfire_upgraded":1,"win_rate":0.0,"timestamp":1609219912,"path_taken":["M","?","?","?","?","M","R","E","T","E","$","R","E","M","R","BOSS","M","M","?","$","M","R","E","R","T","M","E","M","R","E","R","BOSS","M","?","?","M","$","R","E","M","T","E","R","?","?","?","R","BOSS"],"items_purchased_type":["Relic","Card"],"build_version":"2020-12-22","purchased_purges":1,"victory":false,"max_hp_per_floor":[80,80,80,80,80,80,80,80,80,80,80,80,80,80,80,80,80,80,80,80,80,80,80,80,80,80,80,80,80,80,94,94,94,94,94,94,94,94,94,94,101,101,101,101,101,101,101,101,101,101,101],"card_choices":[{"not_picked":["Hemokinesis","Heavy Blade"],"picked":"Pommel Strike","floor":1.0},{"not_picked":["Pommel Strike","Bloodletting"],"picked":"Perfected Strike","floor":3.0},{"not_picked":["Bloodletting","Armaments"],"picked":"Pommel Strike","floor":5.0},{"not_picked":["Searing Blow","Wild Strike"],"picked":"Immolate","floor":6.0},{"not_picked":["Sword Boomerang","Seeing Red"],"picked":"Flex","floor":8.0},{"not_picked":["Exhume","Cleave","Hemokinesis"],"picked":"SKIP","floor":10.0},{"not_picked":["Blood for Blood","Body Slam"],"picked":"Rage+1","floor":13.0},{"not_picked":["Sword Boomerang","Iron Wave"],"picked":"Infernal Blade+1","floor":14.0},{"not_picked":["Limit Break+1","Fiend Fire"],"picked":"Brutality","floor":16.0},{"not_picked":["Headbutt","Wild Strike","Rage+1"],"picked":"SKIP","floor":18.0},{"not_picked":["Shrug It Off+1","Sword Boomerang","Fire Breathing"],"picked":"SKIP","floor":19.0},{"not_picked":["Clash","Brutality"],"picked":"Warcry+1","floor":22.0},{"not_picked":["Headbutt","Iron Wave"],"picked":"Offering+1","floor":24.0},{"not_picked":["Cleave","Wild Strike+1","Headbutt"],"picked":"SKIP","floor":27.0},{"not_picked":["Sword Boomerang+1","Heavy Blade","Infernal Blade+1"],"picked":"SKIP","floor":28.0},{"not_picked":["Warcry+1","Cleave","Shrug It Off+1"],"picked":"SKIP","floor":29.0},{"not_picked":["Inflame","Carnage+1"],"picked":"Reaper","floor":31.0},{"not_picked":["Brutality","Reaper"],"picked":"Juggernaut","floor":33},{"not_picked":["Iron Wave","Perfected Strike+1"],"picked":"Armaments+1","floor":35},{"not_picked":["Thunderclap+1","Fire Breathing+1"],"picked":"Perfected Strike+1","floor":36},{"not_picked":["Wild Strike","Pommel Strike","Hemokinesis"],"picked":"SKIP","floor":38},{"not_picked":["Anger+1","Shrug It Off+1"],"picked":"Dual Wield+1","floor":41},{"not_picked":["Shockwave+1","Wild Strike","Iron Wave"],"picked":"SKIP","floor":42},{"not_picked":["Rage+1","Anger+1","True Grit+1"],"picked":"SKIP","floor":44},{"not_picked":["Clash","Perfected Strike"],"picked":"Berserk","floor":47}],"player_experience":215064,"relics_obtained":[{"floor":4.0,"key":"The Courier"},{"floor":8.0,"key":"InkBottle"},{"floor":9.0,"key":"Anchor"},{"floor":10.0,"key":"Boot"},{"floor":13.0,"key":"Toxic Egg 2"},{"floor":24.0,"key":"MealTicket"},{"floor":26.0,"key":"Orichalcum"},{"floor":28.0,"key":"PreservedInsect"},{"floor":31.0,"key":"Mango"},{"floor":36,"key":"Calipers"},{"floor":41,"key":"Strawberry"},{"floor":43,"key":"Dead Branch"},{"floor":44,"key":"Mercury Hourglass"}],"event_choices":[{"damage_healed":0.0,"max_hp_gain":0.0,"max_hp_loss":0.0,"gold_gain":0.0,"event_name":"Match and Keep!","player_choice":"2 cards matched","floor":2.0,"gold_loss":0.0,"damage_taken":0.0,"cards_obtained":["Clash","Flash of Steel"]},{"damage_healed":0.0,"max_hp_gain":0.0,"max_hp_loss":0.0,"gold_gain":0.0,"event_name":"The Library","player_choice":"Read","floor":20.0,"gold_loss":0.0,"damage_taken":0.0,"cards_obtained":["Bludgeon"]},{"damage_healed":0,"gold_gain":0,"player_choice":"Fight","damage_taken":0,"max_hp_gain":0,"max_hp_loss":0,"event_name":"Mysterious Sphere","floor":36,"gold_loss":0},{"cards_removed":["Strike_R"],"damage_healed":0,"gold_gain":0,"player_choice":"Removed Attack","damage_taken":0,"max_hp_gain":0,"max_hp_loss":0,"event_name":"Falling","floor":37,"gold_loss":0},{"damage_healed":0,"gold_gain":0,"player_choice":"Copied","damage_taken":0,"max_hp_gain":0,"max_hp_loss":0,"event_name":"Duplicator","floor":48,"gold_loss":0,"cards_obtained":["Armaments"]}],"is_beta":false,"boss_relics":[{"not_picked":["Astrolabe","Runic Pyramid"],"picked":"Ectoplasm"},{"not_picked":["Cursed Key","SacredBark"],"picked":"Runic Cube"}],"items_purged_floors":[21],"is_endless":false,"potions_floor_spawned":[1,5,14,18,22,24,33,36,38,41],"killed_by":"Time Eater","ascension_level":6}}