{"host":"wha9hktbkslqvblg","time":1609247311,"event":{"mods":["BaseMod","Colored Map","Minty Spire (QoL Compilation)","Relic Stats","SuperFastMode","everything is the same but u backflip on backflip"],"gold_per_floor":[115,115,115,115,128,156,156,167,190,216,49,324,340,21,21,94,94,105,46,61,76,87,87,99,99,152,166,166,179,195,245,245,245,245],"floor_reached":33,"playtime":665,"items_purged":[],"score":568,"play_id":"77e4d2e2-06e1-4779-a763-6215c1d2ae98","local_time":"20201229220831","is_ascension_mode":true,"campfire_choices":[{"data":"Anger","floor":7.0,"key":"SMITH"},{"data":"Body Slam","floor":15.0,"key":"SMITH"},{"data":"Shrug It Off","floor":23,"key":"SMITH"},{"data":"Shrug It Off","floor":25,"key":"SMITH"},{"floor":32,"key":"RECALL"}],"circlet_count":0,"master_deck":["AscendersBane","Bash","Anger+1","Shrug It Off+1","Evolve","Body Slam+1","Impervious","Shrug It Off+1"],"relics":["Burning Blood","NeowsBlessing","MealTicket","Bag of Preparation","Bag of Marbles","Omamori","Peace Pipe","Pandora\u0027s Box","Letter Opener"],"acts_visited":["Exordium","TheCity"],"potions_floor_usage":[22,33,33],"damage_taken":[{"damage":0.0,"enemies":"2 Louse","floor":1.0,"turns":1.0},{"damage":0.0,"enemies":"Small Slimes","floor":5.0,"turns":1.0},{"damage":0.0,"enemies":"Gremlin Nob","floor":6.0,"turns":1.0},{"damage":1.0,"enemies":"Cultist","floor":8.0,"turns":3.0},{"damage":25.0,"enemies":"Lagavulin","floor":10.0,"turns":7.0},{"damage":23.0,"enemies":"Large Slime","floor":13.0,"turns":4.0},{"damage":44.0,"enemies":"Slime Boss","floor":16.0,"turns":7.0},{"damage":14,"enemies":"2 Thieves","floor":18,"turns":3},{"damage":0,"enemies":"Chosen","floor":20,"turns":3},{"damage":0,"enemies":"Centurion and Healer","floor":21,"turns":4},{"damage":0,"enemies":"Shelled Parasite and Fungi","floor":22,"turns":2},{"damage":0,"enemies":"Snake Plant","floor":24,"turns":3},{"damage":0,"enemies":"Centurion and Healer","floor":27,"turns":3},{"damage":0,"enemies":"Snecko","floor":29,"turns":4},{"damage":1,"enemies":"3 Cultists","floor":30,"turns":5},{"damage":59,"enemies":"Collector","floor":33,"turns":7}],"seed_played":"5983776890338551068","potions_obtained":[{"floor":5.0,"key":"Block Potion"},{"floor":8.0,"key":"ElixirPotion"},{"floor":16.0,"key":"BlessingOfTheForge"},{"floor":18,"key":"GamblersBrew"},{"floor":24,"key":"SteroidPotion"},{"floor":27,"key":"LiquidMemories"}],"is_trial":false,"path_per_floor":["M","?","?","?","M","E","R","M","T","E","$","?","M","$","R","B",null,"M","$","M","M","M","R","M","R","T","M","T","M","M","?","R","B"],"character_chosen":"IRONCLAD","items_purchased":["Omamori","Peace Pipe","Shrug It Off"],"campfire_rested":0,"item_purchase_floors":[11,14,19],"current_hp_per_floor":[74,79,72,72,78,80,80,80,80,61,76,76,59,74,74,36,69,61,76,80,80,80,80,80,80,80,80,80,80,80,80,80,21,21],"gold":245,"neow_bonus":"THREE_ENEMY_KILL","is_daily":false,"chose_seed":false,"campfire_upgraded":4,"win_rate":0.0,"timestamp":1609247311,"path_taken":["M","?","?","?","?","E","R","M","T","E","$","?","M","$","R","BOSS","M","$","M","M","?","R","?","R","T","M","?","M","M","?","R","BOSS"],"items_purchased_type":["Relic","Relic","Card"],"build_version":"2020-12-22","purchased_purges":0,"victory":false,"max_hp_per_floor":[75,80,80,80,80,80,80,80,80,80,80,80,80,80,80,80,80,80,80,80,80,80,80,80,80,80,80,80,80,80,80,80,80,80],"relic_stats":{"Peace Pipe":0,"counters":[16,58],"MealTicket":45,"Pandora\u0027s Box":["Rupture","Shockwave","Exhume","Bludgeon","Wild Strike","Shrug It Off","Feed"],"Bag of Preparation":[24],"Letter Opener":[15],"obtain_stats":[{"Peace Pipe":14,"NeowsBlessing":0,"MealTicket":6,"Pandora\u0027s Box":17,"Bag of Preparation":9,"Bag of Marbles":10,"Omamori":11,"Letter Opener":28,"Burning Blood":0},{"Peace Pipe":6,"NeowsBlessing":0,"MealTicket":3,"Pandora\u0027s Box":7,"Bag of Preparation":4,"Bag of Marbles":5,"Omamori":5,"Letter Opener":13,"Burning Blood":0},{"Peace Pipe":17,"NeowsBlessing":0,"MealTicket":3,"Pandora\u0027s Box":24,"Bag of Preparation":6,"Bag of Marbles":13,"Omamori":13,"Letter Opener":42,"Burning Blood":0}],"Burning Blood":44},"card_choices":[{"not_picked":["Twin Strike","True Grit","Flex"],"picked":"SKIP","floor":1.0},{"not_picked":["True Grit","Thunderclap"],"picked":"Anger","floor":5.0},{"not_picked":["Cleave","Headbutt","Twin Strike"],"picked":"SKIP","floor":6.0},{"not_picked":["Rampage","Iron Wave"],"picked":"Shrug It Off","floor":8.0},{"not_picked":["Uppercut","Exhume"],"picked":"Evolve","floor":10.0},{"not_picked":["Cleave","Flex"],"picked":"Body Slam","floor":13.0},{"not_picked":["Reaper","Bludgeon"],"picked":"Impervious","floor":16.0},{"not_picked":["Thunderclap","Heavy Blade","Dual Wield"],"picked":"SKIP","floor":18},{"not_picked":["Dropkick","Body Slam","Heavy Blade"],"picked":"SKIP","floor":20},{"not_picked":["Brutality","Anger","Wild Strike"],"picked":"SKIP","floor":21},{"not_picked":["Blood for Blood","Armaments","Body Slam"],"picked":"SKIP","floor":22},{"not_picked":["Anger+1","Sword Boomerang","Reckless Charge"],"picked":"SKIP","floor":24},{"not_picked":["Clash","Flex","Twin Strike"],"picked":"SKIP","floor":27},{"not_picked":["Clash","Flex","Twin Strike"],"picked":"SKIP","floor":27},{"not_picked":["Pommel Strike","Cleave","Warcry"],"picked":"SKIP","floor":29},{"not_picked":["Body Slam","Intimidate","Havoc"],"picked":"SKIP","floor":30}],"player_experience":907026,"relics_obtained":[{"floor":6.0,"key":"MealTicket"},{"floor":9.0,"key":"Bag of Preparation"},{"floor":10.0,"key":"Bag of Marbles"},{"floor":28,"key":"Letter Opener"}],"event_choices":[{"damage_healed":0.0,"max_hp_gain":5.0,"max_hp_loss":0.0,"gold_gain":0.0,"event_name":"Big Fish","player_choice":"Donut","floor":2.0,"gold_loss":0.0,"damage_taken":0.0},{"cards_removed":["Strike_R"],"damage_healed":0.0,"max_hp_gain":0.0,"max_hp_loss":0.0,"gold_gain":0.0,"event_name":"Golden Wing","player_choice":"Card Removal","floor":3.0,"gold_loss":0.0,"damage_taken":7.0},{"cards_removed":["Strike_R"],"damage_healed":0.0,"max_hp_gain":0.0,"max_hp_loss":0.0,"gold_gain":0.0,"event_name":"Purifier","player_choice":"Purged","floor":4.0,"gold_loss":0.0,"damage_taken":0.0},{"damage_healed":0.0,"max_hp_gain":0.0,"max_hp_loss":0.0,"gold_gain":275.0,"event_name":"Golden Shrine","player_choice":"Desecrate","floor":12.0,"gold_loss":0.0,"damage_taken":0.0,"cards_obtained":["Regret"]},{"damage_healed":0,"gold_gain":50,"player_choice":"Stole From Cult","damage_taken":0,"max_hp_gain":0,"max_hp_loss":0,"event_name":"Nest","floor":31,"gold_loss":0}],"is_beta":false,"boss_relics":[{"not_picked":["SacredBark","Snecko Eye"],"picked":"Pandora\u0027s Box"}],"items_purged_floors":[],"is_endless":false,"potions_floor_spawned":[5,8,16,18,21,24,27],"killed_by":"Collector","ascension_level":20}}