{"host":"pnte43t0hnfhqkei","time":1609277699,"event":{"mods":["Act Like it!","BaseMod","BetterRewards","Colored Powertips","Conspire","Infinite Spire","Luminous","Minty Spire (QoL Compilation)","Robot Space Explorer","StSLib","The Dragon Tamer","The Marked","TheSwordswoman","TheWitcher","Wandering Minibosses"],"gold_per_floor":[111,111,111,131,146,146,146,178,178,178,204,52,72,86,86,183,183,200,217,117,117,147,175,61,61,61,77,96,116,116,127,127,225,225,235,271,271,271,285,310,325,325,325],"floor_reached":42,"playtime":4140,"items_purged":["theMarked:Overthink","theMarked:Defend"],"score":508,"play_id":"db29d119-6595-4990-ab01-8a103e500e48","local_time":"20201229223459","is_ascension_mode":false,"campfire_choices":[{"data":"theMarked:SoldierOfQuellstein","floor":6.0,"key":"SMITH"},{"floor":15.0,"key":"REST"},{"data":"theMarked:StartUp","floor":25.0,"key":"SMITH"},{"floor":32.0,"key":"REST"}],"circlet_count":0,"master_deck":["theMarked:Strike","theMarked:Strike","theMarked:Strike","theMarked:Defend+1","theMarked:Defend+1","theMarked:Defend","theMarked:SoldierOfQuellstein+1","theMarked:Electrify","theMarked:ParalyzingBlade+1","theMarked:RogueSparks","theMarked:FavorableWinds","theMarked:SummonStrength","theMarked:MagicAdept","theMarked:GodGivenPower+1","theMarked:EnhanceMovement","theMarked:StartUp+1","theMarked:BindingBlade","theMarked:StartUp","theMarked:ParalyzingBlade+1","theMarked:ComboAttacks+1","theMarked:SummonStrength","theMarked:PowerFlow+1","theMarked:MysticalArsenal+1","theMarked:HeightenedSenses+1"],"relics":["theMarked:ArtifactOfAir","Bird Faced Urn","Singing Bowl","Boot","Velvet Choker","Red Mask","Letter Opener","infinitespire:Eraser","Philosopher\u0027s Stone","Nunchaku","Pear"],"acts_visited":["Exordium","TheCity","TheBeyond"],"potions_floor_usage":[41,41],"damage_taken":[{"damage":2.0,"enemies":"Small Slimes","floor":1.0,"turns":4.0},{"damage":3.0,"enemies":"Jaw Worm","floor":4.0,"turns":3.0},{"damage":0.0,"enemies":"2 Louse","floor":5.0,"turns":3.0},{"damage":15.0,"enemies":"Lagavulin","floor":8.0,"turns":8.0},{"damage":2.0,"enemies":"Gremlin Nob","floor":11.0,"turns":3.0},{"damage":9.0,"enemies":"Blue Slaver","floor":13.0,"turns":2.0},{"damage":15.0,"enemies":"Exordium Wildlife","floor":14.0,"turns":5.0},{"damage":14.0,"enemies":"Slime Boss","floor":16.0,"turns":7.0},{"damage":10.0,"enemies":"3 Byrds","floor":18.0,"turns":7.0},{"damage":2.0,"enemies":"Chosen","floor":19.0,"turns":6.0},{"damage":56.0,"enemies":"Masked Bandits","floor":22.0,"turns":5.0},{"damage":24.0,"enemies":"Gremlin Leader","floor":23.0,"turns":7.0},{"damage":12.0,"enemies":"Centurion and Healer","floor":27.0,"turns":5.0},{"damage":23.0,"enemies":"Snake Plant","floor":28.0,"turns":5.0},{"damage":17.0,"enemies":"Shelled Parasite and Fungi","floor":29.0,"turns":6.0},{"damage":14.0,"enemies":"Cultist and Chosen","floor":31.0,"turns":7.0},{"damage":36.0,"enemies":"Automaton","floor":33.0,"turns":10.0},{"damage":2.0,"enemies":"3 Shapes","floor":35.0,"turns":4.0},{"damage":69.0,"enemies":"conspire:MimicChest","floor":36.0,"turns":6.0},{"damage":22,"enemies":"Orb Walker","floor":39,"turns":4},{"damage":4,"enemies":"Nemesis","floor":40,"turns":5},{"damage":11,"enemies":"4 Shapes","floor":41,"turns":4},{"damage":51,"enemies":"Reptomancer","floor":42,"turns":5}],"seed_played":"9136724170860247200","potions_obtained":[{"floor":4.0,"key":"Ancient Potion"},{"floor":5.0,"key":"Energy Potion"},{"floor":13.0,"key":"infinitespire:BlackPotion"},{"floor":14.0,"key":"Fruit Juice"},{"floor":16.0,"key":"DistilledChaos"},{"floor":18.0,"key":"FairyPotion"},{"floor":19.0,"key":"FearPotion"},{"floor":23.0,"key":"Swift Potion"},{"floor":29.0,"key":"Ancient Potion"},{"floor":33.0,"key":"SpeedPotion"},{"floor":35.0,"key":"Explosive Potion"},{"floor":39,"key":"Explosive Potion"},{"floor":41,"key":"LiquidMemories"}],"is_trial":false,"path_per_floor":["M","?","?","M","M","R","?","E","T","?","E","$","M","M","R","B",null,"M","M","$","?","?","E","$","R","T","M","M","M","?","M","R","B",null,"M","?","?","$","M","E","M","E"],"character_chosen":"THE_DEFAULT","items_purchased":["theMarked:RogueSparks","theMarked:EnhanceMovement","theMarked:StartUp"],"campfire_rested":2,"item_purchase_floors":[12,24,24],"current_hp_per_floor":[75,80,80,77,77,77,61,46,46,42,42,42,33,25,52,40,91,85,87,87,87,39,21,21,21,21,17,2,16,16,8,35,7,93,93,26,26,26,16,38,41,0,0],"gold":325,"neow_bonus":"TEN_PERCENT_HP_BONUS","is_daily":false,"chose_seed":false,"campfire_upgraded":2,"win_rate":0.0,"timestamp":1609277699,"path_taken":["M","?","?","M","M","R","?","E","T","?","E","$","?","M","R","BOSS","M","M","$","?","?","E","$","R","T","M","M","M","?","M","R","BOSS","M","?","?","$","M","E","?","E"],"items_purchased_type":["Card","Card","Card"],"build_version":"2020-12-22","purchased_purges":2,"victory":false,"max_hp_per_floor":[77,82,82,82,82,82,82,82,82,82,84,84,84,91,91,91,91,93,93,93,89,91,91,91,91,91,93,93,93,93,93,93,93,93,93,93,93,93,93,105,107,107,107],"card_choices":[{"not_picked":["theMarked:EmpowerWeapon","theMarked:Reabsorb"],"picked":"theMarked:Electrify","floor":1.0},{"not_picked":["theMarked:TwofoldDefense","theMarked:WastefulAttack"],"picked":"theMarked:Overthink","floor":4.0},{"not_picked":["theMarked:ResourceFulStrike","theMarked:WardOff","theMarked:Parkour"],"picked":"SKIP","floor":5.0},{"not_picked":["theMarked:RepellingDischarge","theMarked:ThrowWeapon"],"picked":"theMarked:ParalyzingBlade","floor":8.0},{"not_picked":["theMarked:ElectricStrings","theMarked:HeightenedSenses","theMarked:Frustration"],"picked":"Singing Bowl","floor":11.0},{"not_picked":["theMarked:Aftermath","theMarked:LightningStrikesTwice"],"picked":"theMarked:FavorableWinds","floor":13.0},{"not_picked":["theMarked:ResourceFulStrike","theMarked:KeepCalmAndFightOn","theMarked:Frustration"],"picked":"Singing Bowl","floor":14.0},{"not_picked":["theMarked:EternalStudent","theMarked:Levitate"],"picked":"theMarked:SummonStrength","floor":16.0},{"not_picked":["theMarked:BanishingStrike","theMarked:HeightenedSenses","theMarked:Aftermath"],"picked":"Singing Bowl","floor":18.0},{"not_picked":["theMarked:DeterminationOfTheMarked","theMarked:Electrocute+1"],"picked":"theMarked:MagicAdept","floor":19.0},{"not_picked":["theMarked:WardOff","theMarked:Seal+1","theMarked:Improvise"],"picked":"Singing Bowl","floor":22.0},{"not_picked":["theMarked:Indomitable","theMarked:Static"],"picked":"theMarked:GodGivenPower+1","floor":23.0},{"not_picked":["theMarked:WastefulAttack+1","theMarked:Frustration","theMarked:SwordAndMagic"],"picked":"Singing Bowl","floor":27.0},{"not_picked":["theMarked:LightningStrikesTwice+1","theMarked:MysticalArsenal"],"picked":"theMarked:BindingBlade","floor":28.0},{"not_picked":["theMarked:ChainLightning","theMarked:ResourceFulStrike"],"picked":"theMarked:StartUp","floor":29.0},{"not_picked":["theMarked:BanishingStrike","theMarked:EmpowerWeapon"],"picked":"theMarked:ComboAttacks+1","floor":31.0},{"not_picked":["theMarked:Snap","theMarked:UnarmedFury"],"picked":"theMarked:SummonStrength","floor":33.0},{"not_picked":["theMarked:WardOff+1","theMarked:ElectricStrings+1"],"picked":"theMarked:PowerFlow+1","floor":35.0},{"not_picked":["theMarked:WardOff+1","theMarked:TwofoldDefense"],"picked":"theMarked:MysticalArsenal+1","floor":36.0},{"not_picked":["theMarked:Seal","theMarked:KeepCalmAndFightOn+1"],"picked":"theMarked:HeightenedSenses+1","floor":39},{"not_picked":["theMarked:DispelDoubt","theMarked:BanishingStrike+1","theMarked:WardOff+1"],"picked":"Singing Bowl","floor":40},{"not_picked":["theMarked:ChainLightning+1","theMarked:TunnelVision+1","theMarked:WardOff+1"],"picked":"Singing Bowl","floor":41}],"player_experience":128487,"relics_obtained":[{"floor":8.0,"key":"Bird Faced Urn"},{"floor":9.0,"key":"Singing Bowl"},{"floor":11.0,"key":"Boot"},{"floor":22.0,"key":"Red Mask"},{"floor":23.0,"key":"Letter Opener"},{"floor":26.0,"key":"infinitespire:Eraser"},{"floor":36.0,"key":"Nunchaku"},{"floor":40,"key":"Pear"}],"event_choices":[{"damage_healed":0.0,"max_hp_gain":5.0,"max_hp_loss":0.0,"gold_gain":0.0,"event_name":"Big Fish","player_choice":"Donut","floor":2.0,"gold_loss":0.0,"damage_taken":0.0},{"damage_healed":0.0,"max_hp_gain":0.0,"max_hp_loss":0.0,"gold_gain":0.0,"event_name":"conspire:LoneGhost","player_choice":"Disagree","floor":3.0,"gold_loss":0.0,"damage_taken":0.0},{"damage_healed":0.0,"max_hp_gain":0.0,"max_hp_loss":0.0,"gold_gain":0.0,"event_name":"Shining Light","player_choice":"Entered Light","floor":7.0,"gold_loss":0.0,"damage_taken":16.0,"cards_upgraded":["theMarked:Defend","theMarked:Defend"]},{"damage_healed":0.0,"max_hp_gain":0.0,"max_hp_loss":0.0,"gold_gain":0.0,"event_name":"Masked Bandits","player_choice":"Fought Bandits","floor":22.0,"gold_loss":0.0,"damage_taken":0.0},{"damage_healed":0.0,"max_hp_gain":0.0,"max_hp_loss":0.0,"gold_gain":0.0,"event_name":"Duplicator","player_choice":"Copied","floor":30.0,"gold_loss":0.0,"damage_taken":0.0,"cards_obtained":["theMarked:ParalyzingBlade"]},{"damage_healed":0.0,"max_hp_gain":0.0,"max_hp_loss":0.0,"gold_gain":0.0,"event_name":"Transmorgrifier","player_choice":"Ignored","floor":37.0,"gold_loss":0.0,"damage_taken":0.0}],"is_beta":false,"boss_relics":[{"not_picked":["Ectoplasm","conspire:SpecialSausage"],"picked":"Velvet Choker"},{"not_picked":["theMarked:BronzeBlade","Busted Crown"],"picked":"Philosopher\u0027s Stone"}],"items_purged_floors":[12,20],"is_endless":false,"potions_floor_spawned":[4,5,13,14,16,18,19,23,29,33,35,39,41],"killed_by":"Reptomancer","ascension_level":0}}