{"host":"78zdngn0u28jm0pp","time":1609273049,"event":{"mods":["BaseMod","Jorbs\u0027s Wanderer Trilogy","Minty Spire (QoL Compilation)","Permanent Neow","Quick Restart","Relic Stats","StSLib","Unceasing Turn Reminder"],"gold_per_floor":[119,269,269,285,285,315,315,350,374,374,189,207,225,241,241,320,320,333,333,356,369,9,38,0,26,26,26,44,44,44,78,78,154,154,168,188,188,207,232,266,280,310,334,349,349,349,349,8,8,8,8,8],"floor_reached":51,"playtime":3716,"items_purged":["Pain","Doubt","Strike_G"],"score":1517,"play_id":"f852f3cc-ad7b-4c00-9efd-bc875558b09a","local_time":"20201229131729","is_ascension_mode":true,"campfire_choices":[{"floor":7,"key":"REST"},{"data":"Leg Sweep","floor":10,"key":"SMITH"},{"data":"Noxious Fumes","floor":15,"key":"SMITH"},{"data":"Tools of the Trade","floor":27,"key":"SMITH"},{"floor":30,"key":"REST"},{"data":"Footwork","floor":32,"key":"SMITH"},{"floor":47,"key":"REST"},{"floor":49,"key":"RECALL"}],"circlet_count":0,"master_deck":["AscendersBane","Strike_G+1","Strike_G","Strike_G+1","Strike_G","Defend_G","Defend_G","Defend_G","Defend_G","Defend_G","Survivor","Neutralize","Dagger Throw","Acrobatics","Terror","Leg Sweep+1","Noxious Fumes+1","PiercingWail","Backstab","Tools of the Trade+1","Malaise","Underhanded Strike","Calculated Gamble+1","Footwork+1","Dagger Throw+1","Leg Sweep+1","Backstab","Deflect+1","Phantasmal Killer+1","Catalyst+1","Bouncing Flask+1","Acrobatics+1","Backflip+1","Blade Dance+1","Underhanded Strike","Deflect+1","Noxious Fumes+1","Malaise+1","Reflex+1","Cloak And Dagger+1"],"relics":["Ring of the Snake","NeowsBlessing","WarpedTongs","Ancient Tea Set","Paper Crane","Smiling Mask","Sozu","PreservedInsect","Toxic Egg 2","MawBank","Bottled Tornado","Kunai","Incense Burner","Philosopher\u0027s Stone","Bird Faced Urn","Omamori","Toy Ornithopter","Chemical X"],"acts_visited":["Exordium","TheCity","TheBeyond"],"potions_floor_usage":[8,8,17,51,51],"damage_taken":[{"damage":0,"enemies":"Small Slimes","floor":1,"turns":1},{"damage":0,"enemies":"2 Louse","floor":4,"turns":1},{"damage":1,"enemies":"Lagavulin","floor":6,"turns":1},{"damage":9,"enemies":"Gremlin Nob","floor":8,"turns":3},{"damage":0,"enemies":"Cultist","floor":12,"turns":3},{"damage":1,"enemies":"Looter","floor":13,"turns":4},{"damage":0,"enemies":"Exordium Wildlife","floor":14,"turns":3},{"damage":8,"enemies":"Hexaghost","floor":16,"turns":10},{"damage":13,"enemies":"Spheric Guardian","floor":18,"turns":6},{"damage":4,"enemies":"Chosen","floor":21,"turns":5},{"damage":5,"enemies":"Book of Stabbing","floor":23,"turns":6},{"damage":17,"enemies":"Slavers","floor":25,"turns":5},{"damage":0,"enemies":"Centurion and Healer","floor":28,"turns":8},{"damage":13,"enemies":"Book of Stabbing","floor":31,"turns":5},{"damage":6,"enemies":"Automaton","floor":33,"turns":12},{"damage":5,"enemies":"3 Darklings","floor":35,"turns":7},{"damage":0,"enemies":"3 Shapes","floor":36,"turns":6},{"damage":1,"enemies":"Maw","floor":38,"turns":9},{"damage":0,"enemies":"Mind Bloom Boss Battle","floor":39,"turns":4},{"damage":34,"enemies":"Reptomancer","floor":40,"turns":5},{"damage":18,"enemies":"Transient","floor":41,"turns":6},{"damage":2,"enemies":"Giant Head","floor":42,"turns":4},{"damage":9,"enemies":"3 Darklings","floor":44,"turns":6},{"damage":27,"enemies":"Awakened One","floor":50,"turns":15},{"damage":33,"enemies":"Donu and Deca","floor":51,"turns":3}],"seed_played":"-6358508339078205745","potions_obtained":[{"floor":4,"key":"Weak Potion"},{"floor":6,"key":"Strength Potion"},{"floor":13,"key":"EntropicBrew"},{"floor":14,"key":"LiquidMemories"}],"is_trial":false,"path_per_floor":["M","?","?","M","?","E","R","E","T","R","$","M","M","M","R","B",null,"M","?","T","M","$","E","$","E","T","R","M","$","R","E","R","B",null,"M","M","?","M","?","E","M","E","T","M","?","?","R","$","R","B","B"],"character_chosen":"THE_SILENT","items_purchased":["Noxious Fumes","PiercingWail","Toxic Egg 2","Footwork","Chemical X","Reflex+1","Cloak And Dagger+1"],"campfire_rested":3,"item_purchase_floors":[11,11,22,22,48,48,48],"current_hp_per_floor":[59,59,39,39,39,38,57,48,48,48,48,48,47,47,47,39,59,46,59,59,55,55,50,50,33,33,33,33,33,52,39,39,33,58,53,53,53,52,52,24,12,16,16,13,13,13,31,31,31,12,0,0],"gold":8,"neow_bonus":"THREE_ENEMY_KILL","is_daily":false,"chose_seed":false,"campfire_upgraded":4,"win_rate":0.0,"timestamp":1609273049,"path_taken":["M","?","?","M","?","E","R","E","T","R","$","?","M","M","R","BOSS","M","?","?","M","?","E","$","E","T","R","M","?","R","E","R","BOSS","M","M","?","M","?","E","M","E","T","M","?","?","R","$","R","BOSS","BOSS"],"items_purchased_type":["Card","Card","Relic","Card","Relic","Card","Card"],"build_version":"2020-12-22","purchased_purges":3,"victory":false,"max_hp_per_floor":[66,66,66,66,66,66,66,66,66,66,66,66,66,66,66,66,66,66,66,66,66,66,66,66,66,66,66,66,66,66,66,66,66,66,66,66,63,63,63,63,63,63,63,63,63,63,63,63,63,63,63,63],"relic_stats":{"Sozu":5,"counters":[25,138],"Bird Faced Urn":[34],"PreservedInsect":318,"Kunai":[53],"Chemical X":[4],"Smiling Mask":150,"MawBank":12,"obtain_stats":[{"NeowsBlessing":0,"PreservedInsect":20,"Incense Burner":31,"Omamori":40,"Paper Crane":8,"Bottled Tornado":25,"Ancient Tea Set":6,"Smiling Mask":9,"MawBank":23,"WarpedTongs":5,"Sozu":17,"Bird Faced Urn":39,"Philosopher\u0027s Stone":34,"Kunai":26,"Chemical X":48,"Toxic Egg 2":22,"Toy Ornithopter":42,"Ring of the Snake":0},{"NeowsBlessing":0,"PreservedInsect":9,"Incense Burner":14,"Omamori":20,"Paper Crane":4,"Bottled Tornado":12,"Ancient Tea Set":3,"Smiling Mask":4,"MawBank":11,"WarpedTongs":2,"Sozu":8,"Bird Faced Urn":19,"Philosopher\u0027s Stone":15,"Kunai":12,"Chemical X":23,"Toxic Egg 2":10,"Toy Ornithopter":22,"Ring of the Snake":0},{"NeowsBlessing":0,"PreservedInsect":32,"Incense Burner":61,"Omamori":104,"Paper Crane":6,"Bottled Tornado":48,"Ancient Tea Set":3,"Smiling Mask":6,"MawBank":43,"WarpedTongs":2,"Sozu":26,"Bird Faced Urn":99,"Philosopher\u0027s Stone":73,"Kunai":48,"Chemical X":120,"Toxic Egg 2":37,"Toy Ornithopter":114,"Ring of the Snake":0}],"Toy Ornithopter":10,"Ring of the Snake":[50],"WarpedTongs":[131]},"card_choices":[{"not_picked":["Sucker Punch","Expertise"],"picked":"Dagger Throw","floor":1},{"not_picked":["Calculated Gamble","Well Laid Plans"],"picked":"Acrobatics","floor":4},{"not_picked":["Bane","Flechettes"],"picked":"Terror","floor":6},{"not_picked":["Eviscerate","Bouncing Flask"],"picked":"Leg Sweep","floor":8},{"not_picked":["Dodge and Roll","Quick Slash","Outmaneuver"],"picked":"SKIP","floor":12},{"not_picked":["Blade Dance","Deadly Poison"],"picked":"Backstab","floor":13},{"not_picked":["Cloak And Dagger","Backflip"],"picked":"Tools of the Trade","floor":14},{"not_picked":["Wraith Form v2","Glass Knife"],"picked":"Malaise","floor":16},{"not_picked":["Expertise","Heel Hook"],"picked":"Underhanded Strike","floor":18},{"not_picked":["Quick Slash+1","Poisoned Stab"],"picked":"Calculated Gamble+1","floor":21},{"not_picked":["Quick Slash+1","Deflect+1"],"picked":"Dagger Throw+1","floor":23},{"not_picked":["Flying Knee","Catalyst+1"],"picked":"Leg Sweep+1","floor":25},{"not_picked":["Storm of Steel+1","Flechettes"],"picked":"Backstab","floor":28},{"not_picked":["Distraction+1","Expertise+1"],"picked":"Deflect+1","floor":31},{"not_picked":["Tools of the Trade","Doppelganger+1"],"picked":"Phantasmal Killer+1","floor":33},{"not_picked":["All Out Attack","Underhanded Strike"],"picked":"Catalyst+1","floor":35},{"not_picked":["Skewer","Deflect+1"],"picked":"Bouncing Flask+1","floor":36},{"not_picked":["Dagger Spray","Poisoned Stab+1"],"picked":"Acrobatics+1","floor":38},{"not_picked":["Deflect+1","Dodge and Roll+1"],"picked":"Backflip+1","floor":39},{"not_picked":["Tools of the Trade","All Out Attack+1"],"picked":"Blade Dance+1","floor":40},{"not_picked":["Dagger Spray","Leg Sweep+1"],"picked":"Underhanded Strike","floor":41},{"not_picked":["Slice","Dagger Spray"],"picked":"Deflect+1","floor":42},{"not_picked":["Outmaneuver+1","Setup+1"],"picked":"Noxious Fumes+1","floor":44}],"player_experience":732254,"relics_obtained":[{"floor":6,"key":"Ancient Tea Set"},{"floor":8,"key":"Paper Crane"},{"floor":9,"key":"Smiling Mask"},{"floor":20,"key":"PreservedInsect"},{"floor":23,"key":"MawBank"},{"floor":25,"key":"Bottled Tornado"},{"floor":26,"key":"Kunai"},{"floor":31,"key":"Incense Burner"},{"floor":39,"key":"Bird Faced Urn"},{"floor":40,"key":"Omamori"},{"floor":42,"key":"Toy Ornithopter"}],"event_choices":[{"damage_healed":0,"gold_gain":150,"player_choice":"AGREE","damage_taken":0,"max_hp_gain":0,"max_hp_loss":0,"event_name":"Liars Game","floor":2,"gold_loss":0,"cards_obtained":["Doubt"]},{"damage_healed":0,"gold_gain":0,"player_choice":"Entered Light","damage_taken":20,"max_hp_gain":0,"max_hp_loss":0,"event_name":"Shining Light","floor":3,"gold_loss":0,"cards_upgraded":["Strike_G","Strike_G"]},{"damage_healed":0,"gold_gain":0,"player_choice":"Rummage","damage_taken":0,"relics_obtained":["WarpedTongs"],"max_hp_gain":0,"max_hp_loss":0,"event_name":"Accursed Blacksmith","floor":5,"gold_loss":0,"cards_obtained":["Pain"]},{"damage_healed":13,"gold_gain":0,"player_choice":"Heal","damage_taken":0,"max_hp_gain":0,"max_hp_loss":0,"event_name":"The Library","floor":19,"gold_loss":0},{"damage_healed":0,"gold_gain":0,"player_choice":"Max HP","damage_taken":0,"max_hp_gain":0,"max_hp_loss":3,"event_name":"Winding Halls","floor":37,"gold_loss":0},{"damage_healed":0,"gold_gain":0,"player_choice":"Fight","damage_taken":0,"max_hp_gain":0,"max_hp_loss":0,"event_name":"MindBloom","floor":39,"gold_loss":0},{"damage_healed":0,"gold_gain":0,"player_choice":"Ignored","damage_taken":0,"max_hp_gain":0,"max_hp_loss":0,"event_name":"Mysterious Sphere","floor":45,"gold_loss":0},{"damage_healed":0,"gold_gain":0,"player_choice":"Copied","damage_taken":0,"max_hp_gain":0,"max_hp_loss":0,"event_name":"Duplicator","floor":46,"gold_loss":0,"cards_obtained":["Malaise"]}],"is_beta":false,"boss_relics":[{"not_picked":["Snecko Eye","WristBlade"],"picked":"Sozu"},{"not_picked":["Astrolabe","Fusion Hammer"],"picked":"Philosopher\u0027s Stone"}],"items_purged_floors":[11,24,48],"is_endless":false,"potions_floor_spawned":[4,6,13,14,31,33,39,40,44],"killed_by":"Donu and Deca","ascension_level":20}}