{"host":"jn2qdns2nxijvlnt","time":1609280042,"event":{"mods":["BaseMod","Minty Spire (QoL Compilation)","Quick Restart"],"gold_per_floor":[115,39,39,39,52,79,97,165,242,254,254,369,380,400,400,476,476,496,546,57,107,122,122,132,132,156,156,167,167,182,257,257,257,257],"floor_reached":33,"playtime":1947,"items_purged":[],"score":548,"play_id":"06d5a0f1-e990-4c8a-8173-efc3d303044a","local_time":"20201229171402","is_ascension_mode":true,"campfire_choices":[{"data":"Bloodletting","floor":11.0,"key":"SMITH"},{"floor":15.0,"key":"REST"},{"floor":23.0,"key":"REST"},{"floor":25.0,"key":"REST"},{"floor":27.0,"key":"REST"},{"floor":29.0,"key":"REST"},{"floor":32.0,"key":"REST"}],"circlet_count":0,"master_deck":["AscendersBane","Strike_R","Strike_R","Strike_R","Strike_R","Strike_R","Defend_R","Defend_R","Defend_R","Defend_R","Bash","Armaments+1","Bloodletting+1","Feel No Pain","Pommel Strike","Impervious","Perfected Strike","Offering","Metallicize","Shockwave","Seeing Red"],"relics":["Burning Blood","NeowsBlessing","SsserpentHead","CaptainsWheel","Letter Opener","Lantern","Mark of Pain","StoneCalendar","Cauldron","Tiny Chest","Strawberry"],"acts_visited":["Exordium","TheCity"],"potions_floor_usage":[33],"damage_taken":[{"damage":0.0,"enemies":"Small Slimes","floor":1.0,"turns":1.0},{"damage":0.0,"enemies":"Jaw Worm","floor":5.0,"turns":1.0},{"damage":0.0,"enemies":"Lagavulin","floor":6.0,"turns":1.0},{"damage":3.0,"enemies":"Cultist","floor":7.0,"turns":2.0},{"damage":14.0,"enemies":"Looter","floor":8.0,"turns":3.0},{"damage":6.0,"enemies":"2 Fungi Beasts","floor":10.0,"turns":4.0},{"damage":13.0,"enemies":"Gremlin Nob","floor":12.0,"turns":4.0},{"damage":16.0,"enemies":"Blue Slaver","floor":13.0,"turns":3.0},{"damage":10.0,"enemies":"Large Slime","floor":14.0,"turns":7.0},{"damage":56.0,"enemies":"Hexaghost","floor":16.0,"turns":8.0},{"damage":35.0,"enemies":"Spheric Guardian","floor":18.0,"turns":6.0},{"damage":28.0,"enemies":"Shell Parasite","floor":22.0,"turns":5.0},{"damage":27.0,"enemies":"Snake Plant","floor":24.0,"turns":5.0},{"damage":40.0,"enemies":"Centurion and Healer","floor":28.0,"turns":7.0},{"damage":11.0,"enemies":"Snecko","floor":30.0,"turns":7.0},{"damage":37,"enemies":"Champ","floor":33,"turns":11}],"seed_played":"-1950049219932062609","potions_obtained":[{"floor":5.0,"key":"CultistPotion"},{"floor":6.0,"key":"AttackPotion"},{"floor":10.0,"key":"GamblersBrew"},{"floor":16.0,"key":"DuplicationPotion"},{"floor":18.0,"key":"AttackPotion"},{"floor":20.0,"key":"CultistPotion"}],"is_trial":false,"path_per_floor":["M","$","?","?","M","E","M","M","T","M","R","?","M","M","R","B",null,"M","?","$","?","M","R","M","R","T","R","M","R","M","T","R","B"],"character_chosen":"IRONCLAD","items_purchased":["Bloodletting","StoneCalendar","Cauldron"],"campfire_rested":6,"item_purchase_floors":[2,20,20],"current_hp_per_floor":[74,74,74,74,75,75,75,67,67,67,67,60,50,46,68,18,61,32,32,32,32,10,32,11,33,33,55,21,43,38,45,69,32,32],"gold":257,"neow_bonus":"THREE_ENEMY_KILL","is_daily":false,"chose_seed":false,"campfire_upgraded":1,"win_rate":0.0,"timestamp":1609280042,"path_taken":["M","$","?","?","M","E","M","?","T","M","R","?","M","M","R","BOSS","M","?","$","?","M","R","M","R","T","R","M","R","M","?","R","BOSS"],"items_purchased_type":["Card","Relic","Relic"],"build_version":"2020-12-22","purchased_purges":0,"victory":false,"max_hp_per_floor":[75,75,75,75,75,75,75,75,75,75,75,75,75,75,75,75,75,75,75,75,75,75,75,75,75,75,75,75,75,75,82,82,82,82],"card_choices":[{"not_picked":["Fire Breathing","Clothesline"],"picked":"Armaments","floor":1.0},{"not_picked":["Flex","Shrug It Off"],"picked":"Feel No Pain","floor":5.0},{"not_picked":["True Grit","Clash"],"picked":"Pommel Strike","floor":6.0},{"not_picked":["Clothesline","Dark Embrace","Evolve"],"picked":"SKIP","floor":7.0},{"not_picked":["Headbutt","Bloodletting","Burning Pact"],"picked":"SKIP","floor":8.0},{"not_picked":["Pommel Strike","Body Slam","Feel No Pain"],"picked":"SKIP","floor":10.0},{"not_picked":["Thunderclap","Combust"],"picked":"Impervious","floor":13.0},{"not_picked":["Wild Strike","Thunderclap"],"picked":"Perfected Strike","floor":14.0},{"not_picked":["Corruption","Berserk"],"picked":"Offering","floor":16.0},{"not_picked":["Entrench","Cleave"],"picked":"Metallicize","floor":18.0},{"not_picked":["Flex","Cleave"],"picked":"Shockwave","floor":22.0},{"not_picked":["Burning Pact","Evolve","Dropkick"],"picked":"SKIP","floor":24.0},{"not_picked":["Flame Barrier","Dropkick+1"],"picked":"Seeing Red","floor":28.0},{"not_picked":["Twin Strike","Spot Weakness","Inflame"],"picked":"SKIP","floor":30.0}],"player_experience":443945,"relics_obtained":[{"floor":6.0,"key":"CaptainsWheel"},{"floor":9.0,"key":"Letter Opener"},{"floor":12.0,"key":"Lantern"},{"floor":26.0,"key":"Tiny Chest"},{"floor":31.0,"key":"Strawberry"}],"event_choices":[{"damage_healed":0.0,"max_hp_gain":0.0,"max_hp_loss":0.0,"gold_gain":0.0,"event_name":"Living Wall","player_choice":"Grow","floor":3.0,"gold_loss":0.0,"damage_taken":0.0,"cards_upgraded":["Armaments"]},{"damage_healed":0.0,"max_hp_gain":0.0,"max_hp_loss":0.0,"gold_gain":0.0,"event_name":"FaceTrader","player_choice":"Trade","floor":4.0,"gold_loss":0.0,"damage_taken":0.0,"relics_obtained":["SsserpentHead"]},{"damage_healed":0.0,"max_hp_gain":0.0,"max_hp_loss":0.0,"gold_gain":0.0,"event_name":"Dead Adventurer","player_choice":"Searched \u00272\u0027 times","floor":12.0,"gold_loss":0.0,"damage_taken":0.0},{"damage_healed":0.0,"max_hp_gain":0.0,"max_hp_loss":0.0,"gold_gain":0.0,"event_name":"Ghosts","player_choice":"Ignored","floor":19.0,"gold_loss":0.0,"damage_taken":0.0},{"damage_healed":0.0,"max_hp_gain":0.0,"max_hp_loss":0.0,"gold_gain":0.0,"event_name":"Cursed Tome","player_choice":"Ignored","floor":21.0,"gold_loss":0.0,"damage_taken":0.0}],"is_beta":false,"boss_relics":[{"not_picked":["Fusion Hammer","Calling Bell"],"picked":"Mark of Pain"}],"items_purged_floors":[],"is_endless":false,"potions_floor_spawned":[5,6,10,16,18],"killed_by":"Champ","ascension_level":20}}