{"host":"6v6lk9rcoiasjngj","time":1609280453,"event":{"mods":["Ascension Reborn","BaseMod","Better Third Choice","Colored Map","Conspire","Downfall","Duelist Mod","GifTheSpireLib","Googly Eyes","Hubris","Infinite Spire","Minty Spire (QoL Compilation)","Quick Restart","RRrroohrrRGHHhhh!!","Replay The Spire","Reworked Bosses","Somnambulant","Spicy Shops","StSLib","Stuff the Spire","The Blue Laboratory","The Cursed","The Disciple","The Factory","The Florist","The Hierophant","The Jungle","The Sage","The Servant 0.9.4","The Valiant","egg"],"gold_per_floor":[119,119,119,134,44,86,107,129,129,129,155,192,218,218,218,223,223],"floor_reached":16,"playtime":2296,"items_purged":[],"score":112,"play_id":"9a17dd62-baf8-4ff8-a151-9b468dd698cf","local_time":"20201229172053","is_ascension_mode":true,"campfire_choices":[{"data":"TheCursedMod:SaltUponWound","floor":10,"key":"SMITH"},{"floor":15,"key":"REST"}],"circlet_count":0,"master_deck":["TheCursedMod:Strike_TheCursed","TheCursedMod:Strike_TheCursed","TheCursedMod:Strike_TheCursed","TheCursedMod:Defend_TheCursed","TheCursedMod:Defend_TheCursed","TheCursedMod:Defend_TheCursed","TheCursedMod:CursedWand","TheCursedMod:CleanUpWorkshop+1","TheCursedMod:Dregs","TheCursedMod:Stigma","TheCursedMod:SaltUponWound+1","TheCursedMod:SmokeScreen","StuffTheSpire:FreeRealEstate","TheCursedMod:HellsGateOpen","TheCursedMod:VitalStrike","TheCursedMod:VitalStrike","TheCursedMod:WearCloak"],"relics":["TheCursedMod:BlackMagic101","ReplayTheSpireMod:TigerMarble","Replay:Mystery Machine"],"acts_visited":["Exordium"],"potions_floor_usage":[12,12,16],"damage_taken":[{"damage":4,"enemies":"Cultist","floor":1,"turns":4},{"damage":0,"enemies":"2 Louse","floor":4,"turns":3},{"damage":32,"enemies":"Lagavulin","floor":6,"turns":8},{"damage":5,"enemies":"infinitespire:Voidling","floor":7,"turns":3},{"damage":0,"enemies":"Looter","floor":8,"turns":3},{"damage":10,"enemies":"Exordium Thugs","floor":11,"turns":4},{"damage":3,"enemies":"Gremlin Nob","floor":12,"turns":3},{"damage":16,"enemies":"Large Slime","floor":13,"turns":5},{"damage":28,"enemies":"The Guardian","floor":16,"turns":6}],"seed_played":"-8154631695781181459","potions_obtained":[{"floor":7,"key":"Strength Potion"},{"floor":11,"key":"AttackPotion"},{"floor":13,"key":"blueLaboratory:Moonshine"}],"is_trial":false,"path_per_floor":["M","?","?","M","$","E","M","M","T","R","M","E","M","?","R","B"],"character_chosen":"THE_CURSED","items_purchased":["StuffTheSpire:FreeRealEstate"],"campfire_rested":1,"item_purchase_floors":[5],"current_hp_per_floor":[71,71,71,71,71,39,38,38,38,38,28,25,9,9,31,3,3],"gold":223,"neow_bonus":"TRANSFORM_CARD","is_daily":false,"chose_seed":false,"campfire_upgraded":1,"win_rate":0.0,"timestamp":1609280453,"path_taken":["M","?","?","M","$","E","?","M","T","R","M","E","M","?","R","BOSS"],"items_purchased_type":["Card"],"build_version":"2020-12-22","purchased_purges":0,"victory":false,"max_hp_per_floor":[75,75,75,75,75,75,75,75,75,75,75,75,75,75,75,75,75],"card_choices":[{"not_picked":["TheCursedMod:Stigma","TheCursedMod:StingEye"],"picked":"TheCursedMod:SaltUponWound","floor":1},{"not_picked":["TheCursedMod:Obscuration","TheCursedMod:AbyssShockwave"],"picked":"TheCursedMod:SmokeScreen","floor":4},{"not_picked":["TheCursedMod:FleshFromBone","TheCursedMod:TacticalStrike"],"picked":"TheCursedMod:HellsGateOpen","floor":6},{"not_picked":["TheCursedMod:SpitefulPray","TheCursedMod:HellfireBreathing"],"picked":"TheCursedMod:VitalStrike","floor":7},{"not_picked":["TheCursedMod:TacticalStrike","TheCursedMod:ReleasedStrength"],"picked":"TheCursedMod:VitalStrike","floor":8},{"not_picked":["TheCursedMod:Wield","TheCursedMod:WearCloak","TheCursedMod:SmokeScreen"],"picked":"SKIP","floor":11},{"not_picked":["TheCursedMod:Neurasthenia","TheCursedMod:CircleOfFlame"],"picked":"TheCursedMod:WearCloak","floor":12},{"not_picked":["TheCursedMod:TacticalStrike","TheCursedMod:Stretching","TheCursedMod:CursedAmulet"],"picked":"SKIP","floor":13}],"player_experience":818984,"relics_obtained":[{"floor":6,"key":"ReplayTheSpireMod:TigerMarble"},{"floor":12,"key":"Replay:Mystery Machine"}],"event_choices":[{"damage_healed":0,"gold_gain":0,"player_choice":"Grow","damage_taken":0,"max_hp_gain":0,"max_hp_loss":0,"event_name":"Living Wall","floor":2,"gold_loss":0,"cards_upgraded":["TheCursedMod:CleanUpWorkshop"]},{"cards_removed":["TheCursedMod:Defend_TheCursed"],"damage_healed":0,"gold_gain":0,"player_choice":"Offered Basic","damage_taken":0,"max_hp_gain":0,"max_hp_loss":0,"event_name":"Bonfire Elementals","floor":3,"gold_loss":0}],"is_beta":false,"boss_relics":[],"items_purged_floors":[],"is_endless":false,"potions_floor_spawned":[7,11,13],"killed_by":"The Guardian","ascension_level":0}}