{"host":"i0avyit1s6jb1siw","time":1609275572,"event":{"mods":["BaseMod","DeckTracker","Dota2Spire","Highlight Path","Minty Spire (QoL Compilation)","Quick Restart","Replay The Spire","StSLib","SuperFastMode"],"gold_per_floor":[111,130,145,18,18,18,52,52,52,81,95,107,117,127,127,201,201,212,245,257,257,39,70,70,88,88,101,112,144,144,144,59,59,59],"floor_reached":33,"playtime":1012,"items_purged":["Strike_R"],"score":673,"play_id":"7308ba38-4696-41bf-bcec-a124b765c881","local_time":"20201229215932","is_ascension_mode":true,"campfire_choices":[{"data":"Shrug It Off","floor":6.0,"key":"SMITH"},{"data":"Armaments","floor":8.0,"key":"SMITH"},{"floor":15.0,"key":"DIG"},{"floor":24,"key":"REST"},{"floor":30,"key":"REST"}],"circlet_count":0,"master_deck":["AscendersBane","Strike_R","Strike_R","Strike_R","Defend_R","Defend_R","Defend_R","Bash","ReplayReversal+1","ReplayReversal+1","Shrug It Off+1","Reckless Charge","Juggernaut+1","Armaments+1","Disarm","Impervious","Ghostly Armor","Corruption","Intimidate","Shrug It Off+1","Master of Strategy","Flash of Steel","Shrug It Off","Seeing Red","Entrench","Shrug It Off","Shrug It Off"],"relics":["Burning Blood","Replay:Bottled Eggs","Turnip","Bronze Scales","Dota2Spire:RefresherOrb","Red Mask","ReplayTheSpireMod:ShopPack","Akabeko","Replay:Multitool","Regal Pillow","Dota2Spire:AssaultCuirass"],"acts_visited":["Exordium","TheCity"],"potions_floor_usage":[19,23,28,29],"damage_taken":[{"damage":28.0,"enemies":"Jaw Worm","floor":1.0,"turns":7.0},{"damage":0.0,"enemies":"Cultist","floor":2.0,"turns":4.0},{"damage":0.0,"enemies":"2 Louse","floor":3.0,"turns":3.0},{"damage":37.0,"enemies":"Gremlin Nob","floor":7.0,"turns":5.0},{"damage":0.0,"enemies":"Lagavulin","floor":10.0,"turns":7.0},{"damage":2.0,"enemies":"Lots of Slimes","floor":11.0,"turns":5.0},{"damage":19.0,"enemies":"Blue Slaver","floor":12.0,"turns":4.0},{"damage":2.0,"enemies":"3 Louse","floor":13.0,"turns":3.0},{"damage":10.0,"enemies":"2 Fungi Beasts","floor":14.0,"turns":5.0},{"damage":5,"enemies":"Hexaghost","floor":16,"turns":11},{"damage":0,"enemies":"Shell Parasite","floor":18,"turns":4},{"damage":35,"enemies":"Masked Bandits","floor":19,"turns":4},{"damage":0,"enemies":"Spheric Guardian","floor":20,"turns":5},{"damage":29,"enemies":"Slavers","floor":23,"turns":5},{"damage":0,"enemies":"Centurion and Healer","floor":25,"turns":10},{"damage":0,"enemies":"Snake Plant","floor":27,"turns":3},{"damage":35,"enemies":"Cultist and Chosen","floor":28,"turns":7},{"damage":17,"enemies":"Gremlin Leader","floor":29,"turns":11},{"damage":61,"enemies":"Collector","floor":33,"turns":8}],"seed_played":"-4575634921318685476","potions_obtained":[{"floor":1.0,"key":"BlessingOfTheForge"},{"floor":3.0,"key":"Fire Potion"},{"floor":13.0,"key":"SkillPotion"},{"floor":16,"key":"Milkshake"},{"floor":20,"key":"Adrenaline Potion"},{"floor":23,"key":"FearPotion"},{"floor":28,"key":"Adrenaline Potion"}],"is_trial":false,"path_per_floor":["M","M","M","$","?","R","E","R","T","E","M","M","M","M","R","B",null,"M","?","M","?","$","E","R","M","T","M","M","E","R","?","R","B"],"character_chosen":"IRONCLAD","items_purchased":["Juggernaut+1","ReplayTheSpireMod:ShopPack"],"campfire_rested":2,"item_purchase_floors":[4,22],"current_hp_per_floor":[46,52,58,58,68,68,37,37,37,43,47,34,38,34,34,35,60,66,37,43,43,43,20,40,46,46,52,23,12,47,47,47,0,0],"gold":59,"neow_bonus":"TRANSFORM_TWO_CARDS","is_daily":false,"chose_seed":false,"campfire_upgraded":2,"win_rate":0.0,"timestamp":1609275572,"path_taken":["M","M","M","$","?","R","E","R","T","E","?","?","M","M","R","BOSS","M","?","M","?","$","E","R","M","T","M","?","E","R","?","R","BOSS"],"items_purchased_type":["Card","Relic"],"build_version":"2020-12-22","purchased_purges":1,"victory":false,"max_hp_per_floor":[68,68,68,68,68,68,68,68,68,68,68,68,68,68,68,68,68,68,68,68,68,68,68,68,68,68,68,68,68,68,68,68,68,68],"card_choices":[{"not_picked":["Bloodletting","Headbutt"],"picked":"Shrug It Off","floor":1.0},{"not_picked":["Rage","Perfected Strike","Life Link"],"picked":"SKIP","floor":2.0},{"not_picked":["Rage","Wild Strike"],"picked":"Reckless Charge","floor":3.0},{"not_picked":["ReplayTheSpireMod:LeadingStrike","Run Through"],"picked":"Armaments","floor":7.0},{"not_picked":["Run Through","Armaments"],"picked":"Disarm","floor":10.0},{"not_picked":["Flex","Headbutt","Iron Wave"],"picked":"SKIP","floor":11.0},{"not_picked":["Whirlwind","Battle Trance"],"picked":"Impervious","floor":12.0},{"not_picked":["Battle Trance","Clash"],"picked":"Ghostly Armor","floor":13.0},{"not_picked":["Headbutt","Anger","Flex"],"picked":"SKIP","floor":14.0},{"not_picked":["Replay:Many Hands","Hemogenesis"],"picked":"Corruption","floor":16},{"not_picked":["Havoc","Perfected Strike"],"picked":"Intimidate","floor":18},{"not_picked":["Replay:Undeath\u0027s Touch","True Grit","Iron Wave"],"picked":"SKIP","floor":20},{"not_picked":["HandOfGreed","Transmutation"],"picked":"Master of Strategy","floor":22},{"not_picked":["ReplayTheSpireMod:Private Reserves","Blind"],"picked":"Flash of Steel","floor":22},{"not_picked":["Eclipse","Reaper"],"picked":"Shrug It Off","floor":23},{"not_picked":["Pommel Strike+1","Sever Soul"],"picked":"Seeing Red","floor":25},{"not_picked":["Rage","Pommel Strike"],"picked":"Entrench","floor":27},{"not_picked":["Perfected Strike","True Grit"],"picked":"Shrug It Off","floor":28},{"not_picked":["Life Link","Wild Strike","Bloodletting"],"picked":"SKIP","floor":29}],"player_experience":2135089,"relics_obtained":[{"floor":7.0,"key":"Replay:Bottled Eggs"},{"floor":10.0,"key":"Turnip"},{"floor":15.0,"key":"Bronze Scales"},{"floor":19,"key":"Red Mask"},{"floor":23,"key":"Akabeko"},{"floor":26,"key":"Replay:Multitool"},{"floor":29,"key":"Regal Pillow"}],"event_choices":[{"damage_healed":10.0,"max_hp_gain":0.0,"max_hp_loss":0.0,"gold_gain":0.0,"event_name":"Wheel of Change","player_choice":"Full Heal","floor":5.0,"gold_loss":0.0,"damage_taken":0.0},{"damage_healed":0,"gold_gain":0,"player_choice":"Fought Bandits","damage_taken":0,"max_hp_gain":0,"max_hp_loss":0,"event_name":"Masked Bandits","floor":19,"gold_loss":0},{"damage_healed":0,"gold_gain":0,"player_choice":"Copied","damage_taken":0,"max_hp_gain":0,"max_hp_loss":0,"event_name":"Duplicator","floor":21,"gold_loss":0,"cards_obtained":["Shrug It Off"]},{"damage_healed":0,"gold_gain":0,"player_choice":"Read","damage_taken":0,"max_hp_gain":0,"max_hp_loss":0,"event_name":"The Library","floor":31,"gold_loss":0,"cards_obtained":["Shrug It Off"]},{"damage_healed":0,"gold_gain":0,"player_choice":"Obtained Relic","damage_taken":0,"relics_obtained":["Dota2Spire:AssaultCuirass"],"max_hp_gain":0,"max_hp_loss":0,"event_name":"Addict","floor":32,"gold_loss":85}],"is_beta":false,"boss_relics":[{"not_picked":["SlaversCollar","Astrolabe"],"picked":"Dota2Spire:RefresherOrb"}],"items_purged_floors":[22],"is_endless":false,"potions_floor_spawned":[1,3,7,13,16,20,23,25,28],"killed_by":"Collector","ascension_level":20}}