{"host":"nz11ypxva4e39b7q","time":1609248482,"event":{"mods":["BaseMod","Better Vampires","Colored Map","Minty Spire (QoL Compilation)","StSLib","The Marked"],"gold_per_floor":[114,114,114,127,52,70,127,127,127,127,153,153,179,179,179,276,276,290,290,33,33,46,46,79,79,105,134,134,234,234,268,268,373,373,388,441,421,71,91,123,135,180,217,229,73,73,105,138,138,138,138,138,62,97,97],"floor_reached":56,"playtime":6306,"items_purged":["theMarked:Strike","theMarked:Strike"],"score":1476,"play_id":"b45a9807-b9be-472d-aeec-ea72748e086d","local_time":"20201229142802","is_ascension_mode":true,"campfire_choices":[{"data":"theMarked:ParalyzingBlade","floor":8.0,"key":"SMITH"},{"data":"theMarked:SoldierOfQuellstein","floor":10.0,"key":"SMITH"},{"data":"theMarked:StartUp","floor":12.0,"key":"SMITH"},{"data":"theMarked:EnhanceMovement","floor":15.0,"key":"SMITH"},{"data":"theMarked:Challenge","floor":23.0,"key":"SMITH"},{"data":"theMarked:StartUp","floor":25.0,"key":"SMITH"},{"data":"theMarked:StartUp","floor":28.0,"key":"SMITH"},{"floor":30.0,"key":"REST"},{"data":"theMarked:Parkour","floor":32.0,"key":"SMITH"},{"floor":41.0,"key":"REST"},{"floor":44.0,"key":"RECALL"},{"data":"theMarked:Levitate","floor":49.0,"key":"SMITH"},{"data":"Finesse","floor":52.0,"key":"SMITH"}],"circlet_count":0,"master_deck":["theMarked:SoldierOfQuellstein+1","theMarked:StartUp+1","theMarked:ParalyzingBlade+1","theMarked:Overcharge+1","theMarked:EnhanceMovement+1","theMarked:EmpowerWeapon+1","theMarked:Challenge+1","theMarked:StartUp+1","theMarked:StartUp+1","theMarked:Opportunist+1","theMarked:Parkour+1","theMarked:Convert","theMarked:HeightenedSenses+1","theMarked:RepellingDischarge","theMarked:MagicAdept+1","theMarked:WastefulDefense+1","theMarked:StartUp+1","theMarked:ComboAttacks+1","Finesse+1","theMarked:Levitate+1"],"relics":["theMarked:ArtifactOfAir","TungstenRod","Nunchaku","Darkstone Periapt","WingedGreaves","Frozen Egg 2","War Paint","SlaversCollar","Medical Kit","Strawberry","Boot","Bird Faced Urn","Blue Candle","Akabeko","Pandora\u0027s Box","Calipers","InkBottle","MawBank","theMarked:DemonDagger","Smiling Mask","Mummified Hand","Potion Belt","Pantograph"],"acts_visited":["Exordium","TheCity","TheBeyond","TheEnding"],"potions_floor_usage":[54,55,55,55,55],"damage_taken":[{"damage":1.0,"enemies":"Jaw Worm","floor":1.0,"turns":3.0},{"damage":1.0,"enemies":"Small Slimes","floor":4.0,"turns":3.0},{"damage":1.0,"enemies":"2 Louse","floor":6.0,"turns":2.0},{"damage":4.0,"enemies":"Lagavulin Event","floor":7.0,"turns":3.0},{"damage":17.0,"enemies":"Lagavulin","floor":11.0,"turns":5.0},{"damage":1.0,"enemies":"3 Sentries","floor":13.0,"turns":5.0},{"damage":0.0,"enemies":"Slime Boss","floor":16.0,"turns":6.0},{"damage":0.0,"enemies":"Spheric Guardian","floor":18.0,"turns":2.0},{"damage":0.0,"enemies":"Shell Parasite","floor":22.0,"turns":3.0},{"damage":0.0,"enemies":"Book of Stabbing","floor":24.0,"turns":3.0},{"damage":21.0,"enemies":"Slavers","floor":27.0,"turns":6.0},{"damage":18.0,"enemies":"Colosseum Slavers","floor":29.0,"turns":4.0},{"damage":9.0,"enemies":"Colosseum Nobs","floor":29.0,"turns":3.0},{"damage":1.0,"enemies":"Book of Stabbing","floor":31.0,"turns":5.0},{"damage":36.0,"enemies":"Automaton","floor":33.0,"turns":7.0},{"damage":1.0,"enemies":"3 Shapes","floor":35.0,"turns":4.0},{"damage":17.0,"enemies":"2 Orb Walkers","floor":36.0,"turns":4.0},{"damage":8.0,"enemies":"3 Darklings","floor":39.0,"turns":3.0},{"damage":19.0,"enemies":"Nemesis","floor":40.0,"turns":5.0},{"damage":0.0,"enemies":"Giant Head","floor":42.0,"turns":5.0},{"damage":16.0,"enemies":"Nemesis","floor":47.0,"turns":5.0},{"damage":0.0,"enemies":"Giant Head","floor":48.0,"turns":4.0},{"damage":18.0,"enemies":"Donu and Deca","floor":50.0,"turns":6.0},{"damage":10,"enemies":"Shield and Spear","floor":54,"turns":6},{"damage":3,"enemies":"The Heart","floor":55,"turns":4}],"seed_played":"6241030727959085411","potions_obtained":[{"floor":1.0,"key":"FearPotion"},{"floor":6.0,"key":"Energy Potion"},{"floor":7.0,"key":"Regen Potion"},{"floor":13.0,"key":"DuplicationPotion"},{"floor":18.0,"key":"SpeedPotion"},{"floor":29.0,"key":"Dexterity Potion"},{"floor":31.0,"key":"PowerPotion"},{"floor":36.0,"key":"Strength Potion"},{"floor":37.0,"key":"BlessingOfTheForge"},{"floor":39.0,"key":"PowerPotion"},{"floor":47.0,"key":"FearPotion"},{"floor":48.0,"key":"SkillPotion"},{"floor":54,"key":"Energy Potion"}],"is_trial":false,"path_per_floor":["M","?","?","M","$","M","?","R","T","R","E","R","E","?","R","B",null,"M","?","$","?","M","R","E","R","T","E","R","?","R","E","R","B",null,"M","?","?","$","M","E","R","E","T","R","$","?","E","E","R","B",null,"R","$","E","B",null],"character_chosen":"THE_DEFAULT","items_purchased":["Medical Kit","InkBottle","theMarked:RepellingDischarge","theMarked:MagicAdept+1","theMarked:ComboAttacks+1","Finesse","Ancient Potion"],"campfire_rested":2,"item_purchase_floors":[20,38,38,38,45,45,53],"current_hp_per_floor":[62,56,54,53,53,52,48,48,48,48,45,45,44,32,32,32,63,63,63,63,63,63,63,70,70,70,49,49,22,43,44,44,12,70,70,55,55,55,51,36,57,61,61,61,61,80,70,76,76,62,80,80,80,72,77],"gold":97,"neow_bonus":"ONE_RARE_RELIC","is_daily":false,"chose_seed":false,"campfire_upgraded":10,"win_rate":0.0,"timestamp":1609248482,"path_taken":["M","?","?","M","$","M","?","R","T","R","E","R","E","?","R","BOSS","M","?","$","?","M","R","E","R","T","E","R","?","R","E","R","BOSS","M","?","?","$","?","E","R","E","T","R","$","?","E","E","R","BOSS","R","$","E","BOSS"],"items_purchased_type":["Relic","Relic","Card","Card","Card","Card","Potion"],"build_version":"2020-12-22","purchased_purges":2,"victory":true,"max_hp_per_floor":[63,63,63,63,63,63,63,63,63,63,63,63,63,63,63,63,63,63,63,63,63,63,63,70,70,70,70,70,70,70,70,70,70,70,70,70,70,70,70,70,70,70,70,70,70,80,80,80,80,80,80,80,80,80,80],"card_choices":[{"not_picked":["theMarked:Convert","theMarked:WastefulAttack"],"picked":"theMarked:StartUp","floor":1.0},{"not_picked":["theMarked:PowerFlow","theMarked:Electrocute"],"picked":"theMarked:ParalyzingBlade","floor":4.0},{"not_picked":["theMarked:Electrify","theMarked:Aftermath"],"picked":"theMarked:Overcharge","floor":6.0},{"not_picked":["theMarked:ComboAttacks","theMarked:Electrify"],"picked":"theMarked:EnhanceMovement","floor":7.0},{"not_picked":["theMarked:TwofoldDefense","theMarked:ParalyzingBlade"],"picked":"theMarked:EmpowerWeapon","floor":11.0},{"not_picked":["theMarked:Polarize","theMarked:BanishingStrike","theMarked:DeterminationOfTheMarked+1"],"picked":"SKIP","floor":13.0},{"not_picked":["theMarked:EternalStudent","theMarked:Levitate"],"picked":"theMarked:Challenge","floor":16.0},{"not_picked":["theMarked:ChainLightning","theMarked:Aftermath","theMarked:TwofoldDefense"],"picked":"SKIP","floor":18.0},{"not_picked":["theMarked:RepellingDischarge","theMarked:Reabsorb"],"picked":"theMarked:StartUp","floor":22.0},{"not_picked":["theMarked:HeightenedSenses","theMarked:Seal"],"picked":"theMarked:Opportunist+1","floor":24.0},{"not_picked":["theMarked:DeterminationOfTheMarked+1","theMarked:Static+1","theMarked:Seal"],"picked":"SKIP","floor":27.0},{"not_picked":["theMarked:TakeCover","theMarked:HeightenedSenses"],"picked":"theMarked:Parkour","floor":29.0},{"not_picked":["theMarked:ReduceFriction","theMarked:WardOff"],"picked":"theMarked:Convert","floor":31.0},{"not_picked":["theMarked:Challenge","theMarked:ChannelForce"],"picked":"theMarked:SuspiciousRaven","floor":33.0},{"not_picked":["theMarked:Reabsorb+1","theMarked:GodGivenPower+1","theMarked:Electrocute"],"picked":"SKIP","floor":35.0},{"not_picked":["theMarked:Polarize+1","theMarked:GodGivenPower+1"],"picked":"theMarked:HeightenedSenses+1","floor":36.0},{"not_picked":["theMarked:BanishingStrike","theMarked:Improvise+1"],"picked":"theMarked:WastefulDefense+1","floor":39.0},{"not_picked":["theMarked:Electrocute","theMarked:PowerFlow","theMarked:Panic"],"picked":"SKIP","floor":40.0},{"not_picked":["theMarked:Defy","theMarked:ResourceFulStrike+1"],"picked":"theMarked:StartUp+1","floor":42.0},{"not_picked":["theMarked:HeightenedSenses","theMarked:ChainLightning"],"picked":"theMarked:Levitate","floor":47.0},{"not_picked":["theMarked:SwordAndMagic","theMarked:SelfDefenseTraining+1","theMarked:WastefulAttack"],"picked":"SKIP","floor":48.0},{"not_picked":["theMarked:TakeCover+1","theMarked:ResourceFulStrike","theMarked:TwofoldDefense+1"],"picked":"SKIP","floor":54}],"player_experience":958302,"relics_obtained":[{"floor":9.0,"key":"WingedGreaves"},{"floor":11.0,"key":"Frozen Egg 2"},{"floor":13.0,"key":"War Paint"},{"floor":24.0,"key":"Strawberry"},{"floor":27.0,"key":"Boot"},{"floor":29.0,"key":"Bird Faced Urn"},{"floor":29.0,"key":"Blue Candle"},{"floor":31.0,"key":"Akabeko"},{"floor":36.0,"key":"Calipers"},{"floor":40.0,"key":"MawBank"},{"floor":42.0,"key":"theMarked:DemonDagger"},{"floor":43.0,"key":"Smiling Mask"},{"floor":47.0,"key":"Mummified Hand"},{"floor":48.0,"key":"Potion Belt"},{"floor":54,"key":"Pantograph"}],"event_choices":[{"cards_removed":["theMarked:Defend"],"damage_healed":0.0,"max_hp_gain":0.0,"max_hp_loss":0.0,"gold_gain":0.0,"event_name":"Golden Wing","player_choice":"Card Removal","floor":2.0,"gold_loss":0.0,"damage_taken":7.0},{"damage_healed":0.0,"max_hp_gain":0.0,"max_hp_loss":0.0,"gold_gain":0.0,"event_name":"Scrap Ooze","player_choice":"Success","floor":3.0,"gold_loss":0.0,"damage_taken":3.0,"relics_obtained":["Nunchaku"]},{"damage_healed":0.0,"max_hp_gain":0.0,"max_hp_loss":0.0,"gold_gain":30.0,"event_name":"Dead Adventurer","player_choice":"Searched \u00273\u0027 times","floor":7.0,"gold_loss":0.0,"damage_taken":0.0,"relics_obtained":["Darkstone Periapt"]},{"damage_healed":0.0,"max_hp_gain":0.0,"max_hp_loss":0.0,"gold_gain":0.0,"event_name":"Shining Light","player_choice":"Entered Light","floor":14.0,"gold_loss":0.0,"damage_taken":13.0,"cards_upgraded":["theMarked:Strike","theMarked:Strike"]},{"damage_healed":0.0,"max_hp_gain":0.0,"max_hp_loss":0.0,"gold_gain":0.0,"event_name":"The Library","player_choice":"Read","floor":19.0,"gold_loss":0.0,"damage_taken":0.0,"cards_obtained":["theMarked:StartUp"]},{"damage_healed":0.0,"max_hp_gain":0.0,"max_hp_loss":0.0,"gold_gain":0.0,"event_name":"The Mausoleum","player_choice":"Ignored","floor":21.0,"gold_loss":0.0,"damage_taken":0.0},{"damage_healed":0.0,"max_hp_gain":0.0,"max_hp_loss":0.0,"gold_gain":0.0,"event_name":"Colosseum","player_choice":"Fight","floor":29.0,"gold_loss":0.0,"damage_taken":0.0},{"damage_healed":0.0,"max_hp_gain":0.0,"max_hp_loss":0.0,"gold_gain":0.0,"event_name":"Colosseum","player_choice":"Fought Nobs","floor":29.0,"gold_loss":0.0,"damage_taken":0.0},{"damage_healed":0.0,"max_hp_gain":0.0,"max_hp_loss":0.0,"gold_gain":0.0,"event_name":"Mysterious Sphere","player_choice":"Fight","floor":36.0,"gold_loss":0.0,"damage_taken":0.0},{"damage_healed":0.0,"max_hp_gain":0.0,"max_hp_loss":0.0,"gold_gain":0.0,"event_name":"The Woman in Blue","player_choice":"Bought 1 Potion","floor":37.0,"gold_loss":0.0,"damage_taken":0.0},{"cards_removed":["theMarked:SuspiciousRaven"],"damage_healed":9.0,"max_hp_gain":10.0,"max_hp_loss":0.0,"gold_gain":0.0,"event_name":"Bonfire Elementals","player_choice":"Offered Rare","floor":46.0,"gold_loss":0.0,"damage_taken":0.0}],"is_beta":false,"boss_relics":[{"not_picked":["Sozu","theMarked:Eyepatch"],"picked":"SlaversCollar"},{"not_picked":["Fusion Hammer","Black Star"],"picked":"Pandora\u0027s Box"}],"items_purged_floors":[5,20],"is_endless":false,"potions_floor_spawned":[1,6,7,13,18,22,29,31,36,39,47,48,54],"ascension_level":1}}