{"host":"wna8kqr6yweggo4i","time":1609231376,"event":{"mods":["BaseMod","Colored Powertips","Hubris","Marisa????????","Minty Spire (QoL Compilation)","StSLib"],"gold_per_floor":[118,131,185,185,199,215,170,170,195,212,212,240,256,272,272,368,368,385,300,50,65,82,82,101,101,127,154,167,167,181,200,200,297,297,316,0,0,0,0,30,30,30,30,41,41,41,61,75,75,25,25],"floor_reached":50,"playtime":1603,"items_purged":[],"score":496,"play_id":"b9e45e54-5d38-44de-aaa5-f16e5685eb12","local_time":"20201229024256","is_ascension_mode":false,"campfire_choices":[{"data":"Searing Blow+2","floor":15,"key":"SMITH"},{"data":"Juggernaut","floor":23,"key":"SMITH"},{"floor":29,"key":"RECALL"},{"floor":32,"key":"REST"},{"data":"Searing Blow+4","floor":42,"key":"SMITH"},{"floor":46,"key":"REST"},{"floor":49,"key":"REST"}],"circlet_count":0,"master_deck":["Strike_R+1","Strike_R","Strike_R","Strike_R","Strike_R+1","Defend_R","Defend_R","Defend_R","Defend_R","Bash","Searing Blow+5","Cleave","Pommel Strike","Twin Strike","Iron Wave","Flex","Immolate","Thunderclap","Juggernaut+1","Dropkick","Hemokinesis+1","Iron Wave","Inflame","Metallicize","Body Slam","Bloodletting+1","Offering","Metallicize"],"relics":["Burning Blood","Whetstone","Pen Nib","Bag of Marbles","HornCleat","Velvet Choker","Vajra","Self Forming Clay","Pear","SlaversCollar","Red Mask","hubris:Icosahedron","Bird Faced Urn","Girya"],"acts_visited":["TheCity","TheBeyond"],"potions_floor_usage":[16,16,33,50],"damage_taken":[{"damage":1.0,"enemies":"Cultist","floor":1.0,"turns":3.0},{"damage":6.0,"enemies":"Jaw Worm","floor":2.0,"turns":5.0},{"damage":2.0,"enemies":"2 Louse","floor":5.0,"turns":2.0},{"damage":10,"enemies":"Exordium Thugs","floor":6,"turns":4},{"damage":8,"enemies":"Red Slaver","floor":10,"turns":2},{"damage":6,"enemies":"Gremlin Nob","floor":12,"turns":3},{"damage":2,"enemies":"Blue Slaver","floor":13,"turns":3},{"damage":8,"enemies":"Exordium Thugs","floor":14,"turns":2},{"damage":48,"enemies":"The Guardian","floor":16,"turns":8},{"damage":17,"enemies":"Shell Parasite","floor":18,"turns":4},{"damage":0,"enemies":"Spheric Guardian","floor":21,"turns":3},{"damage":15,"enemies":"Shelled Parasite and Fungi","floor":22,"turns":2},{"damage":7,"enemies":"Cultist and Chosen","floor":24,"turns":3},{"damage":31,"enemies":"Book of Stabbing","floor":27,"turns":5},{"damage":13,"enemies":"Sentry and Sphere","floor":28,"turns":4},{"damage":17,"enemies":"Shelled Parasite and Fungi","floor":30,"turns":3},{"damage":4,"enemies":"Snake Plant","floor":31,"turns":3},{"damage":43,"enemies":"Collector","floor":33,"turns":6},{"damage":9,"enemies":"3 Shapes","floor":35,"turns":1},{"damage":45,"enemies":"Giant Head","floor":40,"turns":7},{"damage":2,"enemies":"3 Darklings","floor":44,"turns":3},{"damage":28,"enemies":"Spire Growth","floor":47,"turns":4},{"damage":2,"enemies":"Jaw Worm Horde","floor":48,"turns":3},{"damage":105,"enemies":"hubris:GrandSnecko","floor":50,"turns":13}],"seed_played":"8177028981014902943","potions_obtained":[{"floor":6,"key":"Fire Potion"},{"floor":10,"key":"SmokeBomb"},{"floor":12,"key":"Fire Potion"},{"floor":22,"key":"LiquidBronze"},{"floor":28,"key":"ElixirPotion"}],"is_trial":false,"path_per_floor":["M","M","?","?","M","M","$","T","T","M","?","E","M","M","R","B",null,"M","?","$","M","M","R","M","?","T","E","M","R","M","M","R","B",null,"M","?","?","?","$","E","?","R","T","M","$","R","M","M","R","B"],"character_chosen":"IRONCLAD","items_purchased":["Iron Wave","Self Forming Clay"],"campfire_rested":3,"item_purchase_floors":[7,20],"current_hp_per_floor":[80,80,80,80,80,76,76,76,76,74,74,74,78,76,76,34,80,69,69,69,75,66,66,65,65,65,50,43,43,32,34,61,24,90,87,87,87,87,87,48,48,48,48,58,58,85,69,77,90,0,0],"gold":25,"neow_bonus":"RANDOM_COMMON_RELIC","is_daily":false,"chose_seed":false,"campfire_upgraded":3,"win_rate":0.0,"timestamp":1609231376,"path_taken":["M","?","?","?","M","?","?","?","T","?","?","E","M","M","R","BOSS","M","?","$","M","M","R","M","?","T","E","M","R","M","M","R","BOSS","M","?","?","?","$","E","?","R","T","M","$","R","M","M","R","BOSS"],"items_purchased_type":["Card","Relic"],"build_version":"2020-12-22","purchased_purges":0,"victory":false,"max_hp_per_floor":[80,80,80,80,80,80,80,80,80,80,80,80,80,80,80,80,80,80,80,80,80,80,80,80,80,80,90,90,90,90,90,90,90,90,90,90,90,90,90,90,90,90,90,90,90,90,90,90,90,90,90],"card_choices":[{"not_picked":["Wild Strike","Shrug It Off"],"picked":"Searing Blow","floor":1.0},{"not_picked":["True Grit","Reckless Charge"],"picked":"Cleave","floor":2.0},{"not_picked":["Fire Breathing","Iron Wave"],"picked":"Pommel Strike","floor":5.0},{"not_picked":["Warcry","Dual Wield"],"picked":"Twin Strike","floor":6},{"not_picked":["Twin Strike","Intimidate"],"picked":"Flex","floor":10},{"not_picked":["Body Slam","Wild Strike"],"picked":"Pommel Strike","floor":12},{"not_picked":["Rupture","Havoc"],"picked":"Immolate","floor":13},{"not_picked":["Heavy Blade","Perfected Strike"],"picked":"Thunderclap","floor":14},{"not_picked":["Reaper","Fiend Fire"],"picked":"Juggernaut","floor":16},{"not_picked":["Uppercut","Clash"],"picked":"Dropkick","floor":18},{"not_picked":["Cleave","Disarm"],"picked":"Hemokinesis+1","floor":21},{"not_picked":["Combust","Sentinel"],"picked":"Iron Wave","floor":22},{"not_picked":["Evolve+1","Dropkick"],"picked":"Inflame","floor":24},{"not_picked":["Power Through","Clash"],"picked":"Metallicize","floor":27},{"not_picked":["hubris:ReadiedAction","Carnage+1"],"picked":"Body Slam","floor":28},{"not_picked":["Clash+1","Body Slam+1","Shrug It Off"],"picked":"SKIP","floor":30},{"not_picked":["Rage+1","Headbutt"],"picked":"Bloodletting+1","floor":31},{"not_picked":["Reaper","Barricade"],"picked":"Offering","floor":33},{"not_picked":["Warcry","Headbutt+1","Hemokinesis+1"],"picked":"SKIP","floor":35},{"not_picked":["Second Wind","Battle Trance","hubris:ReadiedAction+1"],"picked":"SKIP","floor":40},{"not_picked":["Carnage+1","Sever Soul+1"],"picked":"Metallicize","floor":44},{"not_picked":["Bloodletting","Anger+1","Dropkick+1"],"picked":"SKIP","floor":47},{"not_picked":["Clash+1","Seeing Red+1","Shrug It Off+1"],"picked":"SKIP","floor":48}],"player_experience":387809,"relics_obtained":[{"floor":8,"key":"Pen Nib"},{"floor":9,"key":"Bag of Marbles"},{"floor":12,"key":"HornCleat"},{"floor":27,"key":"Pear"},{"floor":40,"key":"Bird Faced Urn"},{"floor":43,"key":"Girya"}],"event_choices":[{"damage_healed":0.0,"max_hp_gain":0.0,"max_hp_loss":0.0,"gold_gain":54.0,"event_name":"Golden Wing","player_choice":"Gained Gold","floor":3.0,"gold_loss":0.0,"damage_taken":0.0},{"damage_healed":0.0,"max_hp_gain":0.0,"max_hp_loss":0.0,"gold_gain":0.0,"event_name":"Upgrade Shrine","player_choice":"Upgraded","floor":4.0,"gold_loss":0.0,"damage_taken":0.0,"cards_upgraded":["Searing Blow"]},{"damage_healed":0,"gold_gain":0,"player_choice":"Grow","damage_taken":0,"max_hp_gain":0,"max_hp_loss":0,"event_name":"Living Wall","floor":11,"gold_loss":0,"cards_upgraded":["Searing Blow"]},{"damage_healed":0,"gold_gain":0,"player_choice":"Obtained Relic","damage_taken":0,"relics_obtained":["Vajra"],"max_hp_gain":0,"max_hp_loss":0,"event_name":"Addict","floor":19,"gold_loss":85},{"damage_healed":0,"gold_gain":0,"player_choice":"Ignored","damage_taken":0,"max_hp_gain":0,"max_hp_loss":0,"event_name":"Beggar","floor":25,"gold_loss":0},{"damage_healed":0,"gold_gain":0,"player_choice":"Paid","damage_taken":0,"relics_obtained":["Red Mask"],"max_hp_gain":0,"max_hp_loss":0,"event_name":"Tomb of Lord Red Mask","floor":36,"gold_loss":316},{"cards_removed":["Pommel Strike"],"damage_healed":0,"gold_gain":0,"player_choice":"Removed Attack","damage_taken":0,"max_hp_gain":0,"max_hp_loss":0,"event_name":"Falling","floor":38,"gold_loss":0},{"damage_healed":0,"gold_gain":0,"player_choice":"Upgraded","damage_taken":0,"max_hp_gain":0,"max_hp_loss":0,"event_name":"Upgrade Shrine","floor":41,"gold_loss":0,"cards_upgraded":["Searing Blow"]}],"is_beta":false,"boss_relics":[{"not_picked":["Snecko Eye","Sozu"],"picked":"Velvet Choker"},{"not_picked":["Runic Pyramid","Astrolabe"],"picked":"SlaversCollar"}],"items_purged_floors":[],"is_endless":false,"potions_floor_spawned":[6,10,12,13,14,22,24,28,31,35,40],"killed_by":"hubris:GrandSnecko","ascension_level":0}}