{"host":"no0bdlpxzp7bzzks","time":1609220298,"event":{"mods":["BaseMod","Better Match","Block Reminder","Colored Map","Curses Come First","DeckTracker","Filter the Spire","Highlight Path","Key Reminder","Minty Spire (QoL Compilation)","Permanent Neow","Relic Sorter","Relic Stats","StSLib","The Saiyan"],"gold_per_floor":[93,93,111,111,111,142,142,172,172,71,71,98,115,133,133,232,232,242,242,242,252,252,280,300,332,380,405,405,421,336,336,336,436,436,449,14,32,46,66,91,103,103,128,155,155,174,206,217,217,217,217,217,6,35,35],"floor_reached":56,"playtime":5755,"items_purged":["Saiyan:SAIYA_Defend"],"score":1572,"play_id":"41a154f0-5552-4fa2-8fee-f5d0e3f6c2b3","local_time":"20201228233818","is_ascension_mode":true,"campfire_choices":[{"floor":7.0,"key":"RECALL"},{"data":"Saiyan:ThirstForFight","floor":11.0,"key":"SMITH"},{"data":"Saiyan:PowerUp","floor":15.0,"key":"SMITH"},{"floor":28.0,"key":"REST"},{"data":"Saiyan:Quickening","floor":32.0,"key":"SMITH"},{"data":"Saiyan:MindBoom","floor":42.0,"key":"SMITH"},{"data":"Saiyan:MindBoom","floor":49.0,"key":"SMITH"},{"data":"Saiyan:KiExplosion","floor":52.0,"key":"SMITH"}],"circlet_count":0,"master_deck":["Saiyan:SAIYA_Defend+1","Saiyan:EnergyBlast","Saiyan:KaioKen","Saiyan:RuthlessBlow","Saiyan:SuperSaiyanForm+1","Saiyan:Afterimage+1","Saiyan:ThirstForFight+1","Saiyan:Fly","Saiyan:DragonFist","Saiyan:PressOn","Saiyan:PowerUp+1","Saiyan:CCCapsule","Saiyan:PlotArmor+1","Saiyan:KameHameHa+1","Saiyan:Makankosappo+1","Saiyan:GhostAttack+1","Saiyan:UltraInstinct+1","Saiyan:Medicine","Saiyan:DragonFist+1","Saiyan:Quickening+1","Saiyan:SuperSaiyanThree+1","Saiyan:PowerUp+1","Saiyan:MindBoom+1","Saiyan:Honing+1","Saiyan:PlotArmor+1","Saiyan:ConcussiveBlow+1","Saiyan:MindBoom+1","Saiyan:ConcussiveBlow+1","Saiyan:Quickening+1","Saiyan:Planning+1","Saiyan:ExtremeSpeed+1","Saiyan:ExtremeSpeed+1","Saiyan:KameHameHa+1","Saiyan:SuperSaiyanForm+1","Saiyan:KiExplosion+1","Saiyan:Pacing+1","Saiyan:GhostAttack+1"],"relics":["SaiyanSoul","SaiyanHeart","Frozen Egg 2","Oddly Smooth Stone","Molten Egg 2","Black Star","Sundial","Dream Catcher","Ornamental Fan","Strawberry","Bag of Preparation","Bag of Marbles","FossilizedHelix","Orichalcum","Meat on the Bone","Sozu","PreservedInsect","Gambling Chip","MealTicket","White Beast Statue","Centennial Puzzle","War Paint","Pen Nib","Mercury Hourglass","Ginger","Vajra","Bottled Lightning"],"acts_visited":["Exordium","TheCity","TheBeyond","TheEnding"],"potions_floor_usage":[55,55],"damage_taken":[{"damage":11.0,"enemies":"Small Slimes","floor":1.0,"turns":3.0},{"damage":0.0,"enemies":"Cultist","floor":3.0,"turns":3.0},{"damage":0.0,"enemies":"Lagavulin","floor":6.0,"turns":7.0},{"damage":0.0,"enemies":"Gremlin Nob","floor":8.0,"turns":4.0},{"damage":4.0,"enemies":"3 Sentries","floor":12.0,"turns":7.0},{"damage":0.0,"enemies":"2 Louse","floor":13.0,"turns":4.0},{"damage":0.0,"enemies":"Looter","floor":14.0,"turns":3.0},{"damage":19.0,"enemies":"Hexaghost","floor":16.0,"turns":11.0},{"damage":0.0,"enemies":"Spheric Guardian","floor":18.0,"turns":1.0},{"damage":10.0,"enemies":"Shell Parasite","floor":21.0,"turns":5.0},{"damage":29.0,"enemies":"Book of Stabbing","floor":23.0,"turns":5.0},{"damage":0.0,"enemies":"Chosen and Byrds","floor":24.0,"turns":6.0},{"damage":25.0,"enemies":"Slavers","floor":25.0,"turns":5.0},{"damage":24.0,"enemies":"Book of Stabbing","floor":27.0,"turns":6.0},{"damage":0.0,"enemies":"3 Cultists","floor":29.0,"turns":4.0},{"damage":0.0,"enemies":"Colosseum Slavers","floor":31.0,"turns":3.0},{"damage":3.0,"enemies":"Champ","floor":33.0,"turns":13.0},{"damage":2.0,"enemies":"3 Shapes","floor":35.0,"turns":3.0},{"damage":16.0,"enemies":"3 Darklings","floor":37.0,"turns":4.0},{"damage":1.0,"enemies":"Spire Growth","floor":38.0,"turns":7.0},{"damage":0.0,"enemies":"Transient","floor":39.0,"turns":5.0},{"damage":0.0,"enemies":"Reptomancer","floor":40.0,"turns":4.0},{"damage":0.0,"enemies":"Jaw Worm Horde","floor":41.0,"turns":6.0},{"damage":0.0,"enemies":"Giant Head","floor":44.0,"turns":7.0},{"damage":0.0,"enemies":"Maw","floor":46.0,"turns":6.0},{"damage":0.0,"enemies":"Nemesis","floor":47.0,"turns":3.0},{"damage":0.0,"enemies":"Sphere and 2 Shapes","floor":48.0,"turns":7.0},{"damage":22.0,"enemies":"Awakened One","floor":50.0,"turns":10.0},{"damage":14.0,"enemies":"Shield and Spear","floor":54.0,"turns":5.0},{"damage":48,"enemies":"The Heart","floor":55,"turns":8}],"seed_played":"7374905534191024463","potions_obtained":[{"floor":1.0,"key":"ColorlessPotion"},{"floor":8.0,"key":"Fire Potion"},{"floor":12.0,"key":"SteroidPotion"},{"floor":23.0,"key":"Weak Potion"},{"floor":25.0,"key":"Explosive Potion"},{"floor":27.0,"key":"BlessingOfTheForge"},{"floor":29.0,"key":"ColorlessPotion"},{"floor":33.0,"key":"Dexterity Potion"}],"is_trial":false,"path_per_floor":["M","?","M","?","?","E","R","E","T","$","R","E","M","M","R","B",null,"M","?","?","M","T","E","M","E","T","E","R","M","?","?","R","B",null,"M","$","M","M","M","E","M","R","T","E","?","M","E","M","R","B",null,"R","$","E","B",null],"character_chosen":"SAIYAJIN","items_purchased":["Saiyan:PowerUp","Saiyan:CCCapsule","PreservedInsect","Gambling Chip","Saiyan:GhostAttack+1"],"campfire_rested":1,"item_purchase_floors":[10,10,36,36,53],"current_hp_per_floor":[33,33,34,34,34,35,35,36,36,36,36,34,36,37,37,19,71,71,71,71,63,63,35,39,23,23,2,27,29,29,44,44,56,90,89,89,73,73,75,79,82,82,82,86,86,88,89,92,92,73,101,101,101,88,54],"gold":35,"neow_bonus":"TRANSFORM_TWO_CARDS","is_daily":false,"chose_seed":false,"campfire_upgraded":6,"win_rate":0.0,"timestamp":1609220298,"path_taken":["M","?","?","?","?","E","R","E","T","$","R","E","M","?","R","BOSS","M","?","?","M","?","E","M","E","T","E","R","M","?","?","R","BOSS","M","$","M","M","M","E","M","R","T","E","?","M","E","M","R","BOSS","R","$","E","BOSS"],"items_purchased_type":["Card","Card","Relic","Relic","Card"],"build_version":"2020-12-22","purchased_purges":1,"victory":true,"max_hp_per_floor":[62,62,63,63,63,64,64,65,65,65,65,67,69,70,70,71,71,71,71,71,73,73,74,75,84,84,85,85,87,87,90,90,90,90,91,91,91,92,94,96,97,97,97,98,98,100,101,101,101,101,101,101,101,102,104],"relic_stats":{"counters":[30,165],"PreservedInsect":298,"Pen Nib":[4],"Bag of Preparation":[34],"Ginger":[4],"Orichalcum":[108],"War Paint":["Saiyan:SAIYA_Defend","Saiyan:Afterimage"],"Mercury Hourglass":[127],"Sozu":8,"Dream Catcher":1,"Centennial Puzzle":[9],"Sundial":[14],"Ornamental Fan":[48],"Gambling Chip":[39],"MealTicket":0,"Black Star":7,"obtain_stats":[{"Vajra":54,"Bag of Preparation":25,"Ginger":47,"Sozu":34,"Dream Catcher":23,"Centennial Puzzle":43,"Sundial":22,"Strawberry":25,"Gambling Chip":36,"MealTicket":40,"Oddly Smooth Stone":8,"PreservedInsect":36,"Pen Nib":44,"SaiyanHeart":0,"Frozen Egg 2":6,"Orichalcum":27,"War Paint":44,"White Beast Statue":40,"Mercury Hourglass":47,"keyreminder:keyreminder":6,"Ornamental Fan":23,"SaiyanSoul":0,"Molten Egg 2":12,"Black Star":17,"Bag of Marbles":26,"Bottled Lightning":54,"FossilizedHelix":27,"Meat on the Bone":30},{"Vajra":29,"Bag of Preparation":13,"Ginger":26,"Sozu":17,"Dream Catcher":11,"Centennial Puzzle":23,"Sundial":10,"Strawberry":13,"Gambling Chip":18,"MealTicket":22,"Oddly Smooth Stone":4,"PreservedInsect":18,"Pen Nib":24,"SaiyanHeart":0,"Frozen Egg 2":3,"Orichalcum":14,"War Paint":24,"White Beast Statue":22,"Mercury Hourglass":26,"keyreminder:keyreminder":3,"Ornamental Fan":11,"SaiyanSoul":0,"Molten Egg 2":5,"Black Star":8,"Bag of Marbles":13,"Bottled Lightning":29,"FossilizedHelix":14,"Meat on the Bone":15},{"Vajra":157,"Bag of Preparation":64,"Ginger":135,"Sozu":90,"Dream Catcher":53,"Centennial Puzzle":119,"Sundial":48,"Strawberry":64,"Gambling Chip":93,"MealTicket":113,"Oddly Smooth Stone":17,"PreservedInsect":93,"Pen Nib":126,"SaiyanHeart":0,"Frozen Egg 2":13,"Orichalcum":70,"War Paint":126,"White Beast Statue":113,"Mercury Hourglass":135,"keyreminder:keyreminder":13,"Ornamental Fan":53,"SaiyanSoul":0,"Molten Egg 2":24,"Black Star":42,"Bag of Marbles":64,"Bottled Lightning":157,"FossilizedHelix":70,"Meat on the Bone":74}],"Meat on the Bone":36},"card_choices":[{"not_picked":["Saiyan:FingerParry","Saiyan:SaiyanHubris"],"picked":"Saiyan:ThirstForFight","floor":1.0},{"not_picked":["Saiyan:FingerParry","Saiyan:ExtremeSpeed"],"picked":"Saiyan:Fly","floor":3.0},{"not_picked":["Saiyan:PowerPole","Saiyan:KiStrike"],"picked":"Saiyan:DragonFist","floor":6.0},{"not_picked":["Saiyan:RemoveWeights","Saiyan:BackAttack"],"picked":"Saiyan:PressOn","floor":8.0},{"not_picked":["Saiyan:Expend","Saiyan:Scouter"],"picked":"Saiyan:PlotArmor+1","floor":12.0},{"not_picked":["Saiyan:BackAttack+1","Saiyan:ExpandingShockwave+1"],"picked":"Saiyan:KameHameHa+1","floor":13.0},{"not_picked":["Saiyan:Planning","Saiyan:Furor+1"],"picked":"Saiyan:Makankosappo+1","floor":14.0},{"not_picked":["Saiyan:MindBoom","Saiyan:Rekindle"],"picked":"Saiyan:GhostAttack+1","floor":16.0},{"not_picked":["Saiyan:KiExplosion","Saiyan:PlotArmor+1"],"picked":"Saiyan:UltraInstinct+1","floor":18.0},{"not_picked":["Saiyan:PowerUp","Saiyan:Planning+1"],"picked":"Saiyan:Quickening","floor":21.0},{"not_picked":["Saiyan:TurtleShell+1","Saiyan:Planning"],"picked":"Saiyan:SuperSaiyanThree+1","floor":23.0},{"not_picked":["Saiyan:KiStrike+1","Saiyan:KiExplosion+1"],"picked":"Saiyan:PowerUp+1","floor":24.0},{"not_picked":["Saiyan:BurningSoul+1","Saiyan:MeteorDash+1"],"picked":"Saiyan:MindBoom","floor":25.0},{"not_picked":["Saiyan:PowerUp+1","Saiyan:BigBangAttack+1"],"picked":"Saiyan:Honing+1","floor":27.0},{"not_picked":["Saiyan:ReverberatingForce+1","Saiyan:Expend"],"picked":"Saiyan:PlotArmor+1","floor":28.0},{"not_picked":["Saiyan:Scouter","Saiyan:BackAttack+1"],"picked":"Saiyan:ConcussiveBlow+1","floor":29.0},{"not_picked":["Saiyan:Momentum+1","Saiyan:SolarFlare"],"picked":"Saiyan:MindBoom","floor":33.0},{"not_picked":["Saiyan:KiExplosion","Saiyan:Kienzan+1"],"picked":"Saiyan:ConcussiveBlow+1","floor":35.0},{"not_picked":["Saiyan:PlotArmor+1","Saiyan:PowerStance+1"],"picked":"Saiyan:Quickening+1","floor":37.0},{"not_picked":["Saiyan:MeteorDash+1","Saiyan:Taunt+1"],"picked":"Saiyan:Planning+1","floor":38.0},{"not_picked":["Saiyan:KiStrike+1","Saiyan:BackAttack+1"],"picked":"Saiyan:ExtremeSpeed+1","floor":39.0},{"not_picked":["Saiyan:Planning+1","Saiyan:MeteorDash+1"],"picked":"Saiyan:ExtremeSpeed+1","floor":40.0},{"not_picked":["Saiyan:Medicine","Saiyan:PressOn+1"],"picked":"Saiyan:KameHameHa+1","floor":41.0},{"not_picked":["Saiyan:KameHameHa+1","Saiyan:SaiyanHubris"],"picked":"Saiyan:SuperSaiyanForm+1","floor":44.0},{"not_picked":["Saiyan:Quickening","Saiyan:Overexert+1"],"picked":"Saiyan:KiExplosion","floor":46.0},{"not_picked":["Saiyan:FinalFlash+1","Saiyan:AugmentedBlast+1"],"picked":"Saiyan:Pacing+1","floor":47.0},{"not_picked":["Saiyan:ExpandingShockwave+1","Saiyan:Flurry+1","Saiyan:BackAttack+1"],"picked":"SKIP","floor":48.0},{"not_picked":["Saiyan:SpiritSword+1","Saiyan:Makankosappo+1","Saiyan:SaiyanHubris"],"picked":"SKIP","floor":54.0}],"player_experience":90539,"relics_obtained":[{"floor":6.0,"key":"Frozen Egg 2"},{"floor":8.0,"key":"Oddly Smooth Stone"},{"floor":12.0,"key":"Molten Egg 2"},{"floor":22.0,"key":"Sundial"},{"floor":23.0,"key":"Dream Catcher"},{"floor":23.0,"key":"Ornamental Fan"},{"floor":25.0,"key":"Strawberry"},{"floor":25.0,"key":"Bag of Preparation"},{"floor":26.0,"key":"Bag of Marbles"},{"floor":27.0,"key":"FossilizedHelix"},{"floor":27.0,"key":"Orichalcum"},{"floor":40.0,"key":"MealTicket"},{"floor":40.0,"key":"White Beast Statue"},{"floor":43.0,"key":"Centennial Puzzle"},{"floor":44.0,"key":"War Paint"},{"floor":44.0,"key":"Pen Nib"},{"floor":47.0,"key":"Mercury Hourglass"},{"floor":47.0,"key":"Ginger"},{"floor":54.0,"key":"Vajra"},{"floor":54.0,"key":"Bottled Lightning"}],"event_choices":[{"damage_healed":0.0,"max_hp_gain":0.0,"max_hp_loss":0.0,"gold_gain":0.0,"event_name":"Upgrade Shrine","player_choice":"Upgraded","floor":2.0,"gold_loss":0.0,"damage_taken":0.0,"cards_upgraded":["Saiyan:SuperSaiyanForm"]},{"cards_removed":["Saiyan:SAIYA_Defend"],"damage_healed":0.0,"max_hp_gain":0.0,"max_hp_loss":0.0,"gold_gain":0.0,"event_name":"Living Wall","player_choice":"Forget","floor":4.0,"gold_loss":0.0,"damage_taken":0.0},{"cards_removed":["Saiyan:SAIYA_Strike"],"damage_healed":0.0,"max_hp_gain":0.0,"max_hp_loss":0.0,"gold_gain":0.0,"event_name":"Bonfire Elementals","player_choice":"Offered Basic","floor":5.0,"gold_loss":0.0,"damage_taken":0.0},{"damage_healed":0.0,"max_hp_gain":0.0,"max_hp_loss":0.0,"gold_gain":0.0,"cards_transformed":["Saiyan:SAIYA_Strike","Saiyan:SAIYA_Strike"],"event_name":"Drug Dealer","player_choice":"Became Test Subject","floor":19.0,"gold_loss":0.0,"damage_taken":0.0,"cards_obtained":["Saiyan:TransfigurationBeam","Saiyan:Medicine"]},{"damage_healed":0.0,"max_hp_gain":0.0,"max_hp_loss":0.0,"gold_gain":0.0,"event_name":"The Library","player_choice":"Read","floor":20.0,"gold_loss":0.0,"damage_taken":0.0,"cards_obtained":["Saiyan:DragonFist"]},{"damage_healed":0.0,"max_hp_gain":0.0,"max_hp_loss":0.0,"gold_gain":0.0,"event_name":"Addict","player_choice":"Obtained Relic","floor":30.0,"gold_loss":85.0,"damage_taken":0.0,"relics_obtained":["Meat on the Bone"]},{"damage_healed":0.0,"max_hp_gain":0.0,"max_hp_loss":0.0,"gold_gain":0.0,"event_name":"Colosseum","player_choice":"Fight","floor":31.0,"gold_loss":0.0,"damage_taken":0.0},{"damage_healed":0.0,"max_hp_gain":0.0,"max_hp_loss":0.0,"gold_gain":0.0,"event_name":"Colosseum","player_choice":"Fled From Nobs","floor":31.0,"gold_loss":0.0,"damage_taken":0.0},{"cards_removed":["Saiyan:TransfigurationBeam"],"damage_healed":0.0,"max_hp_gain":0.0,"max_hp_loss":0.0,"gold_gain":0.0,"event_name":"Falling","player_choice":"Removed Attack","floor":45.0,"gold_loss":0.0,"damage_taken":0.0}],"is_beta":false,"boss_relics":[{"not_picked":["SlaversCollar","Calling Bell"],"picked":"Black Star"},{"not_picked":["Runic Dome","Cursed Key"],"picked":"Sozu"}],"items_purged_floors":[53],"is_endless":false,"potions_floor_spawned":[1,8,12,23,25,27,29,33,37,40,41,44,46,47,48,54],"ascension_level":1}}