{"host":"cijwx898anu8dehj","time":1609281454,"event":{"mods":["AchievementEnabler","AlwaysNeverKeys","BaseMod","Colored Map","Colored Powertips","Highlight Path","Minty Spire (QoL Compilation)","Rare Cards Sparkle","Relic Stats","Slay-I"],"gold_per_floor":[109,125,139,139,155,155,190,190,190,200,211,211,240,165,165,165,165],"floor_reached":16,"playtime":535,"items_purged":["Strike_R"],"score":260,"play_id":"d2d100d9-7e16-4a4b-86ba-133b49508f3a","local_time":"20201229203734","is_ascension_mode":true,"campfire_choices":[{"floor":6,"key":"REST"},{"floor":8,"key":"DIG"},{"floor":12,"key":"REST"},{"floor":15,"key":"DIG"}],"circlet_count":0,"master_deck":["AscendersBane","Strike_R","Strike_R","Strike_R","Strike_R","Defend_R+1","Defend_R","Defend_R","Defend_R+1","Bash","True Grit","Cleave","Uppercut","Bash","Reckless Charge","Reckless Charge","Twin Strike","Immolate","Rampage"],"relics":["Mark of Pain","Shovel","HornCleat","Bird Faced Urn","PreservedInsect","War Paint"],"acts_visited":["Exordium"],"potions_floor_usage":[7,13],"damage_taken":[{"damage":7,"enemies":"Small Slimes","floor":1,"turns":3},{"damage":12,"enemies":"Cultist","floor":2,"turns":4},{"damage":4,"enemies":"2 Louse","floor":3,"turns":2},{"damage":13,"enemies":"Exordium Thugs","floor":5,"turns":4},{"damage":18,"enemies":"Lagavulin","floor":7,"turns":6},{"damage":0,"enemies":"Blue Slaver","floor":10,"turns":4},{"damage":6,"enemies":"Looter","floor":11,"turns":2},{"damage":0,"enemies":"Gremlin Nob","floor":13,"turns":3},{"damage":58,"enemies":"The Guardian","floor":16,"turns":9}],"seed_played":"-5673383049978651580","potions_obtained":[{"floor":2,"key":"GamblersBrew"},{"floor":3,"key":"SmokeBomb"},{"floor":5,"key":"Weak Potion"}],"is_trial":false,"path_per_floor":["M","M","M","?","M","R","E","R","T","M","M","R","E","$","R","B"],"character_chosen":"IRONCLAD","items_purchased":[],"campfire_rested":2,"item_purchase_floors":[],"current_hp_per_floor":[61,49,45,45,32,54,36,36,36,36,30,52,52,52,52,0,0],"gold":165,"neow_bonus":"BOSS_RELIC","is_daily":false,"chose_seed":false,"campfire_upgraded":0,"win_rate":0.0,"timestamp":1609281454,"path_taken":["M","M","M","?","M","R","E","R","T","M","M","R","E","?","R","BOSS"],"items_purchased_type":[],"build_version":"2020-12-22","purchased_purges":1,"victory":false,"max_hp_per_floor":[75,75,75,75,75,75,75,75,75,75,75,75,75,75,75,75,75],"relic_stats":{"Shovel":2,"counters":[9,37],"Bird Faced Urn":[0],"PreservedInsect":0,"War Paint":["Defend_R","Defend_R"],"obtain_stats":[{"Shovel":7,"HornCleat":8,"Bird Faced Urn":9,"Mark of Pain":0,"PreservedInsect":13,"War Paint":15,"Burning Blood":0},{"Shovel":5,"HornCleat":5,"Bird Faced Urn":5,"Mark of Pain":0,"PreservedInsect":8,"War Paint":8,"Burning Blood":0},{"Shovel":19,"HornCleat":19,"Bird Faced Urn":19,"Mark of Pain":0,"PreservedInsect":28,"War Paint":28,"Burning Blood":0}]},"card_choices":[{"not_picked":["Heavy Blade","Body Slam"],"picked":"True Grit","floor":1},{"not_picked":["Headbutt","Flex"],"picked":"Cleave","floor":2},{"not_picked":["Clothesline","Dark Embrace"],"picked":"Uppercut","floor":3},{"not_picked":["Burning Pact","Twin Strike"],"picked":"Reckless Charge","floor":5},{"not_picked":["True Grit","Fiend Fire"],"picked":"Reckless Charge","floor":7},{"not_picked":["Body Slam","Clash"],"picked":"Twin Strike","floor":10},{"not_picked":["Wild Strike","Whirlwind"],"picked":"Immolate","floor":11},{"not_picked":["True Grit","Thunderclap"],"picked":"Rampage","floor":13}],"player_experience":927405,"relics_obtained":[{"floor":7,"key":"Shovel"},{"floor":8,"key":"HornCleat"},{"floor":9,"key":"Bird Faced Urn"},{"floor":13,"key":"PreservedInsect"},{"floor":15,"key":"War Paint"}],"event_choices":[{"damage_healed":0,"gold_gain":0,"player_choice":"1 cards matched","damage_taken":0,"max_hp_gain":0,"max_hp_loss":0,"event_name":"Match and Keep!","floor":4,"gold_loss":0,"cards_obtained":["Bash"]}],"is_beta":false,"boss_relics":[],"items_purged_floors":[14],"is_endless":false,"potions_floor_spawned":[2,3,5],"killed_by":"The Guardian","ascension_level":18}}