{"host":"hfxp6ue4pvwo3fit","time":1609208820,"event":{"mods":["AchievementEnabler","BaseMod","Colored Map","Colored Powertips","Highlight Path","Minty Spire (QoL Compilation)","StSLib","SuperFastMode"],"gold_per_floor":[109,124,124,140,154,179,190,190,190,219,5,33,33,48,48,124,124,137,137,162,181,75,75,106,106,130,141,166,197,197,472,472,551,551,563,512,290,290,290,318,318,329,353,353,367,401,401,88,88,88,88],"floor_reached":52,"playtime":1820,"items_purged":["Strike_R","Strike_R","Strike_R"],"score":2028,"play_id":"f081dba3-222d-412b-8948-e0162f32b312","local_time":"20201228202700","is_ascension_mode":true,"campfire_choices":[{"floor":8,"key":"REST"},{"floor":13,"key":"REST"},{"data":"Spot Weakness","floor":15,"key":"SMITH"},{"floor":23,"key":"REST"},{"data":"Whirlwind","floor":25,"key":"SMITH"},{"data":"Dual Wield","floor":32,"key":"SMITH"},{"floor":41,"key":"REST"},{"data":"Limit Break","floor":44,"key":"SMITH"},{"floor":47,"key":"REST"},{"data":"Limit Break","floor":49,"key":"SMITH"}],"circlet_count":0,"master_deck":["AscendersBane","Strike_R","Strike_R+1","Defend_R","Defend_R","Defend_R","Defend_R","Bash+1","Clothesline","Dropkick","Spot Weakness+1","Disarm","Whirlwind+1","Cleave","Reaper+1","Warcry","Exhume","Shrug It Off","Disarm","Second Wind","Dual Wield+1","Limit Break+1","True Grit","Heavy Blade+1","Body Slam+1","Entrench+1","Finesse","Dropkick","Uppercut+1","Limit Break+1","Dropkick","Shrug It Off"],"relics":["Black Star","Gambling Chip","Oddly Smooth Stone","Mummified Hand","Du-Vu Doll","Regal Pillow","PreservedInsect","Art of War","Orichalcum","Runic Pyramid","Enchiridion","Smiling Mask","Boot","Omamori","Akabeko","Juzu Bracelet","Centennial Puzzle","Red Mask","MutagenicStrength","Philosopher\u0027s Stone","Red Skull","Orrery","Question Card","Whetstone","Toy Ornithopter","Blood Vial","Bronze Scales"],"acts_visited":["Exordium","TheCity","TheBeyond"],"potions_floor_usage":[6,10,12,24,33,33,42],"damage_taken":[{"damage":16,"enemies":"Jaw Worm","floor":1,"turns":4},{"damage":12,"enemies":"Cultist","floor":2,"turns":5},{"damage":4,"enemies":"Small Slimes","floor":4,"turns":4},{"damage":26,"enemies":"Exordium Wildlife","floor":5,"turns":5},{"damage":29,"enemies":"Gremlin Nob","floor":6,"turns":4},{"damage":13,"enemies":"Looter","floor":7,"turns":3},{"damage":32,"enemies":"3 Sentries","floor":10,"turns":6},{"damage":6,"enemies":"Lagavulin","floor":12,"turns":4},{"damage":8,"enemies":"Large Slime","floor":14,"turns":5},{"damage":34,"enemies":"The Guardian","floor":16,"turns":9},{"damage":21,"enemies":"2 Thieves","floor":18,"turns":3},{"damage":20,"enemies":"Chosen","floor":21,"turns":5},{"damage":13,"enemies":"Book of Stabbing","floor":24,"turns":4},{"damage":3,"enemies":"Snecko","floor":27,"turns":4},{"damage":3,"enemies":"Gremlin Leader","floor":28,"turns":6},{"damage":0,"enemies":"Masked Bandits","floor":29,"turns":1},{"damage":62,"enemies":"Collector","floor":33,"turns":9},{"damage":0,"enemies":"Orb Walker","floor":35,"turns":2},{"damage":43,"enemies":"Giant Head","floor":40,"turns":6},{"damage":0,"enemies":"3 Darklings","floor":42,"turns":2},{"damage":29,"enemies":"Maw","floor":45,"turns":7},{"damage":0,"enemies":"Nemesis","floor":46,"turns":3},{"damage":43,"enemies":"Awakened One","floor":50,"turns":8},{"damage":20,"enemies":"Time Eater","floor":51,"turns":5}],"seed_played":"-4433022351290468068","potions_obtained":[{"floor":2,"key":"ElixirPotion"},{"floor":4,"key":"FairyPotion"},{"floor":5,"key":"PowerPotion"},{"floor":7,"key":"BloodPotion"},{"floor":27,"key":"Weak Potion"},{"floor":29,"key":"Strength Potion"},{"floor":33,"key":"Fire Potion"},{"floor":42,"key":"PowerPotion"},{"floor":45,"key":"SkillPotion"}],"is_trial":false,"path_per_floor":["M","M","?","M","M","E","M","R","T","E","$","E","R","M","R","B",null,"M","?","T","M","$","R","E","R","T","M","E","?","?","?","R","B",null,"M","?","$","?","?","E","R","M","T","R","M","E","R","$","R","B","B",null],"character_chosen":"IRONCLAD","items_purchased":["PreservedInsect","Fire Potion","SkillPotion","Orrery","Limit Break","Dropkick","Shrug It Off"],"campfire_rested":5,"item_purchase_floors":[11,11,22,37,48,48,48],"current_hp_per_floor":[52,40,40,36,10,22,9,31,31,14,14,8,45,37,37,22,62,50,29,29,20,20,57,57,57,57,68,74,74,74,74,74,12,59,59,59,59,59,59,16,53,53,53,53,24,55,75,75,75,52,34],"gold":88,"neow_bonus":"BOSS_RELIC","is_daily":false,"chose_seed":false,"campfire_upgraded":5,"win_rate":0.0,"timestamp":1609208820,"path_taken":["M","M","?","?","M","E","M","R","T","E","$","E","R","M","R","BOSS","M","?","?","M","?","R","E","R","T","M","E","?","?","?","R","BOSS","M","?","$","?","?","E","R","M","T","R","M","E","R","?","R","BOSS","BOSS"],"items_purchased_type":["Relic","Potion","Potion","Relic","Card","Card","Card"],"build_version":"2020-12-22","purchased_purges":3,"victory":true,"max_hp_per_floor":[75,75,75,75,75,75,75,75,75,75,75,75,75,75,75,75,75,75,75,75,75,75,75,75,75,75,75,75,75,75,75,75,75,75,75,75,75,75,75,75,75,75,75,75,75,75,75,75,75,75,75],"card_choices":[{"not_picked":["Shrug It Off","Havoc"],"picked":"Clothesline","floor":1},{"not_picked":["Sever Soul","Cleave"],"picked":"Dropkick","floor":2},{"not_picked":["Body Slam","Sword Boomerang"],"picked":"Spot Weakness","floor":4},{"not_picked":["Sword Boomerang","Body Slam"],"picked":"Disarm","floor":5},{"not_picked":["Pommel Strike","Armaments"],"picked":"Whirlwind","floor":6},{"not_picked":["Bloodletting","Armaments"],"picked":"Cleave","floor":7},{"not_picked":["Dark Embrace","Limit Break"],"picked":"Reaper","floor":10},{"not_picked":["Wild Strike","Second Wind"],"picked":"Warcry","floor":12},{"not_picked":["Seeing Red","Flex","Hemokinesis"],"picked":"SKIP","floor":14},{"not_picked":["Juggernaut","Barricade"],"picked":"Exhume","floor":16},{"not_picked":["Ghostly Armor","Infernal Blade"],"picked":"Shrug It Off","floor":18},{"not_picked":["Twin Strike","Clash+1"],"picked":"Disarm","floor":21},{"not_picked":["Headbutt","Ghostly Armor"],"picked":"Second Wind","floor":24},{"not_picked":["Headbutt","Perfected Strike+1","Anger"],"picked":"SKIP","floor":27},{"not_picked":["Whirlwind","Rupture","Body Slam"],"picked":"SKIP","floor":28},{"not_picked":["Carnage","Clash"],"picked":"Dual Wield","floor":29},{"not_picked":["Exhume","Double Tap"],"picked":"Limit Break","floor":33},{"not_picked":["Intimidate","Iron Wave+1"],"picked":"True Grit","floor":35},{"not_picked":["Whirlwind","Flex"],"picked":"Heavy Blade+1","floor":37},{"not_picked":["Twin Strike","Power Through"],"picked":"Body Slam+1","floor":37},{"not_picked":["Battle Trance+1","Iron Wave"],"picked":"Entrench+1","floor":37},{"not_picked":["Anger+1","Pummel+1"],"picked":"Warcry+1","floor":37},{"not_picked":["Trip","Secret Technique"],"picked":"Finesse","floor":39},{"not_picked":["Seeing Red","Reckless Charge","Body Slam+1"],"picked":"SKIP","floor":40},{"not_picked":["Warcry","Anger+1","Searing Blow","Pummel"],"picked":"SKIP","floor":42},{"not_picked":["Shrug It Off","True Grit","Thunderclap"],"picked":"Dropkick","floor":45},{"not_picked":["Clash+1","Flame Barrier+1","Warcry"],"picked":"Uppercut+1","floor":46}],"player_experience":448013,"relics_obtained":[{"floor":6,"key":"Gambling Chip"},{"floor":6,"key":"Oddly Smooth Stone"},{"floor":9,"key":"Mummified Hand"},{"floor":10,"key":"Du-Vu Doll"},{"floor":10,"key":"Regal Pillow"},{"floor":12,"key":"Art of War"},{"floor":12,"key":"Orichalcum"},{"floor":19,"key":"Enchiridion"},{"floor":20,"key":"Smiling Mask"},{"floor":24,"key":"Boot"},{"floor":24,"key":"Omamori"},{"floor":26,"key":"Akabeko"},{"floor":28,"key":"Juzu Bracelet"},{"floor":28,"key":"Centennial Puzzle"},{"floor":29,"key":"Red Mask"},{"floor":40,"key":"Question Card"},{"floor":40,"key":"Whetstone"},{"floor":43,"key":"Toy Ornithopter"},{"floor":46,"key":"Blood Vial"},{"floor":46,"key":"Bronze Scales"}],"event_choices":[{"damage_healed":0,"gold_gain":0,"player_choice":"Forge","damage_taken":0,"max_hp_gain":0,"max_hp_loss":0,"event_name":"Accursed Blacksmith","floor":3,"gold_loss":0,"cards_upgraded":["Bash"]},{"damage_healed":0,"gold_gain":0,"player_choice":"Obtained Book","damage_taken":21,"max_hp_gain":0,"max_hp_loss":0,"event_name":"Cursed Tome","floor":19,"gold_loss":0},{"damage_healed":0,"gold_gain":0,"player_choice":"Fought Bandits","damage_taken":0,"max_hp_gain":0,"max_hp_loss":0,"event_name":"Masked Bandits","floor":29,"gold_loss":0},{"damage_healed":0,"gold_gain":0,"player_choice":"Inject Mutagens","damage_taken":0,"relics_obtained":["MutagenicStrength"],"max_hp_gain":0,"max_hp_loss":0,"event_name":"Drug Dealer","floor":30,"gold_loss":0},{"damage_healed":0,"gold_gain":275,"player_choice":"Desecrate","damage_taken":0,"max_hp_gain":0,"max_hp_loss":0,"event_name":"Golden Shrine","floor":31,"gold_loss":0,"cards_obtained":["Regret"]},{"damage_healed":0,"gold_gain":0,"player_choice":"Paid Gold","damage_taken":0,"relics_obtained":["Red Skull"],"max_hp_gain":0,"max_hp_loss":0,"event_name":"WeMeetAgain","floor":36,"gold_loss":51},{"cards_removed":["Warcry"],"damage_healed":0,"gold_gain":0,"player_choice":"Removed Skill","damage_taken":0,"max_hp_gain":0,"max_hp_loss":0,"event_name":"Falling","floor":38,"gold_loss":0},{"damage_healed":0,"gold_gain":0,"player_choice":"Memory 1","damage_taken":0,"max_hp_gain":0,"max_hp_loss":0,"event_name":"SensoryStone","floor":39,"gold_loss":0}],"is_beta":false,"boss_relics":[{"not_picked":["Astrolabe","Empty Cage"],"picked":"Runic Pyramid"},{"not_picked":["SlaversCollar","Runic Dome"],"picked":"Philosopher\u0027s Stone"}],"items_purged_floors":[22,37,48],"is_endless":false,"potions_floor_spawned":[2,4,5,7,27,29,33,42,45,46],"ascension_level":20}}