{"host":"owox7x4ngjt9htcc","time":1609227090,"event":{"mods":["BaseMod","Colored Map","DeckTracker","Keyboard Shortcuts","Minty Spire (QoL Compilation)","SuperFastMode"],"gold_per_floor":[114,114,62,137,137,167,121,121,121,151,216,231,306,321,321,421,421,436,396,87,72,137,137,167,167,192,222,10,25,40,55,55,155,155,170,55,105,105],"floor_reached":37,"playtime":1335,"items_purged":["Strike_P","Defend_P"],"score":467,"play_id":"bbd2f82c-276d-4a33-a1b3-afe59d5da069","local_time":"20201229163130","daily_mods":["Allstar","Red Cards","Night Terrors"],"is_ascension_mode":false,"campfire_choices":[{"floor":8.0,"key":"REST"},{"data":"Rampage","floor":15.0,"key":"SMITH"},{"data":"Armaments","floor":23.0,"key":"SMITH"},{"floor":25.0,"key":"REST"},{"floor":32.0,"key":"REST"}],"circlet_count":0,"master_deck":["Defend_P","Defend_P","Defend_P","Vigilance","Purity+1","Thinking Ahead","Mind Blast","Trip","Secret Weapon","FollowUp","FollowUp","Shrug It Off","PathToVictory","Perseverance","Shrug It Off","Rampage+1","MentalFortress","Double Tap","EmptyFist+1","Armaments+1","Dropkick","Iron Wave+1","Flame Barrier","Iron Wave","Juggernaut","Iron Wave","Devotion","Prostrate+1","MentalFortress"],"relics":["PureWater","SsserpentHead","Pocketwatch","Dream Catcher","Happy Flower","Odd Mushroom","Empty Cage","Oddly Smooth Stone","TeardropLocket","Damaru","Omamori","Membership Card","Black Star","TheAbacus"],"acts_visited":["Exordium","TheCity","TheBeyond"],"potions_floor_usage":[37],"damage_taken":[{"damage":6.0,"enemies":"Jaw Worm","floor":1.0,"turns":3.0},{"damage":23.0,"enemies":"Lagavulin","floor":6.0,"turns":6.0},{"damage":20.0,"enemies":"Gremlin Nob","floor":10.0,"turns":4.0},{"damage":0.0,"enemies":"2 Louse","floor":11.0,"turns":2.0},{"damage":0.0,"enemies":"Cultist","floor":12.0,"turns":2.0},{"damage":3.0,"enemies":"The Mushroom Lair","floor":13.0,"turns":5.0},{"damage":11.0,"enemies":"Large Slime","floor":14.0,"turns":5.0},{"damage":0.0,"enemies":"Slime Boss","floor":16.0,"turns":6.0},{"damage":10.0,"enemies":"Shell Parasite","floor":18.0,"turns":8.0},{"damage":6.0,"enemies":"2 Thieves","floor":21.0,"turns":4.0},{"damage":14.0,"enemies":"Centurion and Healer","floor":22.0,"turns":6.0},{"damage":33.0,"enemies":"Gremlin Leader","floor":24.0,"turns":9.0},{"damage":29.0,"enemies":"Slavers","floor":27.0,"turns":6.0},{"damage":8.0,"enemies":"Shelled Parasite and Fungi","floor":29.0,"turns":8.0},{"damage":17.0,"enemies":"Snake Plant","floor":30.0,"turns":5.0},{"damage":0.0,"enemies":"Cultist and Chosen","floor":31.0,"turns":5.0},{"damage":24.0,"enemies":"Champ","floor":33.0,"turns":11.0},{"damage":5,"enemies":"3 Shapes","floor":35,"turns":5},{"damage":62,"enemies":"2 Orb Walkers","floor":37,"turns":4}],"seed_played":"6838610760785432018","potions_obtained":[{"floor":1.0,"key":"ColorlessPotion"},{"floor":10.0,"key":"Dexterity Potion"},{"floor":12.0,"key":"Ancient Potion"},{"floor":18.0,"key":"ColorlessPotion"},{"floor":21.0,"key":"Dexterity Potion"},{"floor":29.0,"key":"Fire Potion"},{"floor":30.0,"key":"SkillPotion"}],"is_trial":false,"path_per_floor":["M","?","$","?","?","E","$","R","T","E","M","M","?","M","R","B",null,"M","?","$","M","M","R","E","R","T","E","$","M","M","M","R","B",null,"M","$","?"],"character_chosen":"WATCHER","items_purchased":["FollowUp","PathToVictory","Armaments","Oddly Smooth Stone","Dropkick","Membership Card","Flame Barrier","Iron Wave","MentalFortress","TheAbacus"],"campfire_rested":3,"item_purchase_floors":[3,7,20,20,20,28,28,28,36,36],"current_hp_per_floor":[66,59,59,48,48,25,25,67,67,47,47,47,44,33,33,33,67,57,57,57,51,37,37,4,62,62,33,33,25,8,8,57,33,57,52,52,0,0],"gold":105,"neow_bonus":"","is_daily":true,"chose_seed":false,"campfire_upgraded":2,"win_rate":0.0,"timestamp":1609227090,"path_taken":["M","?","$","?","?","E","$","R","T","E","?","M","?","M","R","BOSS","M","?","$","M","?","R","E","R","T","E","$","M","M","M","R","BOSS","M","?","?"],"items_purchased_type":["Card","Card","Card","Relic","Card","Relic","Card","Card","Card","Relic"],"build_version":"2020-12-22","purchased_purges":2,"victory":false,"max_hp_per_floor":[72,72,72,72,72,72,72,67,67,67,67,67,67,67,67,67,67,67,67,67,67,67,67,67,62,62,62,62,62,62,62,57,57,57,57,57,57,57],"card_choices":[{"not_picked":["Anger","SashWhip"],"picked":"FollowUp","floor":1.0},{"not_picked":["Consecrate","Judgement"],"picked":"Shrug It Off","floor":6.0},{"not_picked":["FlyingSleeves","Rupture","Perseverance"],"picked":"SKIP","floor":10.0},{"not_picked":["FlyingSleeves","Rupture"],"picked":"Perseverance","floor":10.0},{"not_picked":["Cleave","Sentinel"],"picked":"Shrug It Off","floor":11.0},{"not_picked":["EmptyBody","Flex","Perseverance"],"picked":"SKIP","floor":12.0},{"not_picked":["Rupture","Halt"],"picked":"Rampage","floor":13.0},{"not_picked":["Battle Trance","Twin Strike"],"picked":"MentalFortress","floor":14.0},{"not_picked":["Corruption","Limit Break"],"picked":"Double Tap","floor":16.0},{"not_picked":["WindmillStrike","PathToVictory"],"picked":"EmptyFist+1","floor":18.0},{"not_picked":["EmptyFist+1","SignatureMove"],"picked":"Iron Wave+1","floor":21.0},{"not_picked":["Heavy Blade","Iron Wave","Ghostly Armor"],"picked":"SKIP","floor":22.0},{"not_picked":["Hemokinesis","Berserk","Anger"],"picked":"SKIP","floor":24.0},{"not_picked":["Evaluate","Perfected Strike+1","Fasting2+1"],"picked":"SKIP","floor":27.0},{"not_picked":["Halt","ClearTheMind+1","Armaments"],"picked":"SKIP","floor":29.0},{"not_picked":["Conclude","Crescendo"],"picked":"Juggernaut","floor":30.0},{"not_picked":["CrushJoints","BattleHymn","Perfected Strike"],"picked":"SKIP","floor":31.0},{"not_picked":["EmptyBody","Weave"],"picked":"Iron Wave","floor":32.0},{"not_picked":["MasterReality","Blasphemy"],"picked":"Devotion","floor":33.0},{"not_picked":["BowlingBash+1","Flex+1"],"picked":"Prostrate+1","floor":35}],"player_experience":859338,"relics_obtained":[{"floor":6.0,"key":"Pocketwatch"},{"floor":9.0,"key":"Dream Catcher"},{"floor":10.0,"key":"Happy Flower"},{"floor":13.0,"key":"Odd Mushroom"},{"floor":24.0,"key":"TeardropLocket"},{"floor":26.0,"key":"Damaru"},{"floor":27.0,"key":"Omamori"}],"event_choices":[{"cards_removed":["Strike_P"],"damage_healed":0.0,"max_hp_gain":0.0,"max_hp_loss":0.0,"gold_gain":0.0,"event_name":"Golden Wing","player_choice":"Card Removal","floor":2.0,"gold_loss":0.0,"damage_taken":7.0},{"damage_healed":0.0,"max_hp_gain":0.0,"max_hp_loss":0.0,"gold_gain":75.0,"event_name":"World of Goop","player_choice":"Gather Gold","floor":4.0,"gold_loss":0.0,"damage_taken":11.0},{"damage_healed":0.0,"max_hp_gain":0.0,"max_hp_loss":0.0,"gold_gain":0.0,"event_name":"FaceTrader","player_choice":"Trade","floor":5.0,"gold_loss":0.0,"damage_taken":0.0,"relics_obtained":["SsserpentHead"]},{"damage_healed":0.0,"max_hp_gain":0.0,"max_hp_loss":0.0,"gold_gain":0.0,"event_name":"Mushrooms","player_choice":"Fought Mushrooms","floor":13.0,"gold_loss":0.0,"damage_taken":0.0},{"cards_removed":["Strike_P"],"damage_healed":0.0,"max_hp_gain":0.0,"max_hp_loss":0.0,"gold_gain":0.0,"event_name":"Designer","player_choice":"Upgrade and Remove","floor":19.0,"gold_loss":90.0,"damage_taken":0.0,"cards_upgraded":["Purity"]},{"damage_healed":0,"gold_gain":0,"player_choice":"Fight","damage_taken":0,"max_hp_gain":0,"max_hp_loss":0,"event_name":"Mysterious Sphere","floor":37,"gold_loss":0}],"is_beta":false,"boss_relics":[{"not_picked":["SlaversCollar","Astrolabe"],"picked":"Empty Cage"},{"not_picked":["Coffee Dripper","HolyWater"],"picked":"Black Star"}],"items_purged_floors":[20,36],"is_endless":false,"potions_floor_spawned":[1,10,12,18,21,29,30],"killed_by":"2 Orb Walkers","ascension_level":0}}