{"host":"Qube","time":1609264541,"event":{"mods":["AchievementEnabler","BaseMod","Colored Powertips","Minty Spire (QoL Compilation)","Quick Restart","Random Character Button"],"gold_per_floor":[115,126,136,149,162,162,162,190,263,276,288,316,316,373,373,450,450,462,512,528,528,371,371,399,399,399,35,47,47,47,47,47,47,47],"floor_reached":33,"playtime":1258,"items_purged":["Strike_B"],"score":536,"play_id":"cfe5a4da-1238-4e4c-a00e-7d21ea00c912","local_time":"20201229095541","is_ascension_mode":true,"campfire_choices":[{"data":"Zap","floor":6.0,"key":"SMITH"},{"floor":13.0,"key":"REST"},{"data":"Darkness","floor":15.0,"key":"SMITH"},{"data":"Fission","floor":23.0,"key":"SMITH"},{"floor":25,"key":"REST"},{"data":"Sunder","floor":30,"key":"SMITH"},{"floor":32,"key":"REST"}],"circlet_count":0,"master_deck":["AscendersBane","Strike_B","Strike_B","Strike_B","Defend_B","Defend_B","Defend_B","Defend_B","Zap+1","Dualcast","Go for the Eyes","Beam Cell","Sweeping Beam","Doom and Gloom","Lockon","Leap","Sunder+1","Darkness+1","Redo","Self Repair","Fission+1","Conserve Battery+1","Glacier","Sunder"],"relics":["Cracked Core","NeowsBlessing","Bottled Flame","Cables","Thread and Needle","Snecko Eye","Nilry\u0027s Codex","Orrery","Oddly Smooth Stone","Bag of Preparation","Chemical X","Bottled Tornado"],"acts_visited":["Exordium","TheCity"],"potions_floor_usage":[24,33,33],"damage_taken":[{"damage":0.0,"enemies":"Small Slimes","floor":1.0,"turns":1.0},{"damage":0.0,"enemies":"Jaw Worm","floor":2.0,"turns":1.0},{"damage":0.0,"enemies":"2 Louse","floor":3.0,"turns":1.0},{"damage":10.0,"enemies":"Large Slime","floor":4.0,"turns":6.0},{"damage":22.0,"enemies":"Exordium Wildlife","floor":5.0,"turns":3.0},{"damage":10.0,"enemies":"Lagavulin","floor":8.0,"turns":4.0},{"damage":4.0,"enemies":"Blue Slaver","floor":10.0,"turns":3.0},{"damage":0.0,"enemies":"2 Fungi Beasts","floor":11.0,"turns":2.0},{"damage":6.0,"enemies":"Gremlin Nob","floor":12.0,"turns":3.0},{"damage":9.0,"enemies":"Hexaghost","floor":16.0,"turns":7.0},{"damage":5.0,"enemies":"2 Thieves","floor":18.0,"turns":2.0},{"damage":9.0,"enemies":"Chosen","floor":20.0,"turns":4.0},{"damage":12,"enemies":"Slavers","floor":24,"turns":3},{"damage":9,"enemies":"Shelled Parasite and Fungi","floor":28,"turns":4},{"damage":108,"enemies":"Automaton","floor":33,"turns":16}],"seed_played":"5848304070944460217","potions_obtained":[{"floor":2.0,"key":"PowerPotion"},{"floor":5.0,"key":"EntropicBrew"},{"floor":10.0,"key":"Fire Potion"},{"floor":11.0,"key":"Regen Potion"},{"floor":16.0,"key":"Strength Potion"},{"floor":24,"key":"Regen Potion"}],"is_trial":false,"path_per_floor":["M","M","M","M","M","R","?","E","T","M","M","E","R","?","R","B",null,"M","?","M","?","$","R","E","R","T","$","M","T","R","$","R","B"],"character_chosen":"DEFECT","items_purchased":["Orrery","Glacier","Sunder","Chemical X"],"campfire_rested":3,"item_purchase_floors":[22,27,27,27],"current_hp_per_floor":[64,64,64,54,32,32,37,27,27,23,23,17,39,39,39,30,65,60,60,51,30,30,30,25,47,47,47,38,38,38,38,60,0,0],"gold":47,"neow_bonus":"THREE_ENEMY_KILL","is_daily":false,"chose_seed":false,"campfire_upgraded":4,"win_rate":0.0,"timestamp":1609264541,"path_taken":["M","M","M","M","M","R","?","E","T","M","M","E","R","?","R","BOSS","M","?","M","?","$","R","E","R","T","$","M","?","R","?","R","BOSS"],"items_purchased_type":["Relic","Card","Card","Relic"],"build_version":"2020-12-18","purchased_purges":1,"victory":false,"max_hp_per_floor":[71,71,71,71,71,71,76,76,76,76,76,76,76,76,76,76,76,76,76,76,76,76,76,76,76,76,76,76,76,76,76,76,76,76],"card_choices":[{"not_picked":["Hologram","Aggregate"],"picked":"Go for the Eyes","floor":1.0},{"not_picked":["Leap","Defragment"],"picked":"Beam Cell","floor":2.0},{"not_picked":["Barrage","Redo"],"picked":"Sweeping Beam","floor":3.0},{"not_picked":["Steam Power","Compile Driver"],"picked":"Doom and Gloom","floor":4.0},{"not_picked":["Chill","Go for the Eyes"],"picked":"Lockon","floor":5.0},{"not_picked":["White Noise","Barrage"],"picked":"Leap","floor":8.0},{"not_picked":["Lockon","Compile Driver"],"picked":"Sunder","floor":10.0},{"not_picked":["Coolheaded","Rip and Tear","Capacitor"],"picked":"SKIP","floor":11.0},{"not_picked":["Gash","Compile Driver"],"picked":"Darkness","floor":12.0},{"not_picked":["Darkness","Leap","Stack"],"picked":"SKIP","floor":18.0},{"not_picked":["Streamline","Sweeping Beam","Cold Snap"],"picked":"SKIP","floor":20.0},{"not_picked":["Streamline","Beam Cell"],"picked":"Redo","floor":22.0},{"not_picked":["Force Field","Fusion"],"picked":"Self Repair","floor":22.0},{"not_picked":["Barrage","Heatsinks"],"picked":"Fission","floor":22.0},{"not_picked":["Streamline","Hologram"],"picked":"Conserve Battery+1","floor":22.0},{"not_picked":["Streamline","Hologram","Ball Lightning"],"picked":"SKIP","floor":24},{"not_picked":["Stack","Cold Snap","Defragment"],"picked":"SKIP","floor":28}],"player_experience":724174,"relics_obtained":[{"floor":8.0,"key":"Bottled Flame"},{"floor":9.0,"key":"Cables"},{"floor":12.0,"key":"Thread and Needle"},{"floor":21.0,"key":"Nilry\u0027s Codex"},{"floor":24,"key":"Oddly Smooth Stone"},{"floor":26,"key":"Bag of Preparation"},{"floor":29,"key":"Bottled Tornado"}],"event_choices":[{"damage_healed":0.0,"max_hp_gain":5.0,"max_hp_loss":0.0,"gold_gain":0.0,"event_name":"Big Fish","player_choice":"Donut","floor":7.0,"gold_loss":0.0,"damage_taken":0.0},{"damage_healed":0.0,"max_hp_gain":0.0,"max_hp_loss":0.0,"gold_gain":57.0,"event_name":"Golden Wing","player_choice":"Gained Gold","floor":14.0,"gold_loss":0.0,"damage_taken":0.0},{"damage_healed":0.0,"max_hp_gain":0.0,"max_hp_loss":0.0,"gold_gain":50.0,"event_name":"Nest","player_choice":"Stole From Cult","floor":19.0,"gold_loss":0.0,"damage_taken":0.0},{"damage_healed":0.0,"max_hp_gain":0.0,"max_hp_loss":0.0,"gold_gain":0.0,"event_name":"Cursed Tome","player_choice":"Obtained Book","floor":21.0,"gold_loss":0.0,"damage_taken":21.0}],"is_beta":true,"boss_relics":[{"not_picked":["Velvet Choker","Busted Crown"],"picked":"Snecko Eye"}],"items_purged_floors":[27],"is_endless":false,"potions_floor_spawned":[2,5,10,11,16,24,28],"killed_by":"Automaton","ascension_level":19}}