{"host":"idmgg8r816nmas40","time":1609237811,"event":{"mods":["AchievementEnabler","AlwaysNeverKeys","BaseMod","BetterRewards","Block Reminder","Colored Map","Colored Powertips","DeckTracker","Googly Eyes","Highlight Path","Hubris","Infinite Spire","Minty Spire (QoL Compilation)","Quick Restart","Relic Stats","Replay The Spire","Shop Mod","StSLib","SuperFastMode","Synergy Search","Transform Curses"],"gold_per_floor":[110,129,143,158,158,158,187,187,187,187,224,253,296,315,315,397,397,360,57,83,101,21,21,42,51,131,44,44,44,44,44,44],"floor_reached":31,"playtime":1168,"items_purged":[],"score":657,"play_id":"82a2772a-ffd1-42be-bbde-a869b72d87c9","local_time":"20201229033011","is_ascension_mode":true,"campfire_choices":[{"floor":6,"key":"REST"},{"floor":8,"key":"REST"},{"data":"Poison Darts","floor":10,"key":"SMITH"},{"floor":15,"key":"REST"},{"floor":23,"key":"REST"},{"floor":30,"key":"REST"}],"circlet_count":0,"master_deck":["AscendersBane","Strike_G+1","Strike_G+1","Strike_G+1","Strike_G+1","Defend_G+1","Defend_G+1","Defend_G+1","Defend_G+1","Defend_G+1","Survivor","Neutralize","Footwork+1","Poison Darts+1","Quick Slash","Dagger Spray","Accuracy+1","ReplayTheSpireMod:Shiv Toss","Hidden Blade","Slice","Slice","Tools of the Trade+1","Cloak And Dagger+1","Infinite Blades+1","Infinite Blades+1","Replay:BasicMightCard+1","Poisoned Stab+1","Accuracy+1","Outmaneuver+1","Necronomicurse","Dramatic Entrance"],"relics":["Ring of the Snake","Frozen Egg 2","hubris:SlimyHat","hubris:Potato","TwistedFunnel","hubris:ToyBattleship","hubris:CrystalStatue","Bottled Tornado","CeramicFish","infinitespire:Beetle Shell","Fusion Hammer","hubris:EmptyBottle","Necronomicon","Paper Crane"],"acts_visited":["Exordium","TheCity"],"potions_floor_usage":[4,13,16,18,20,20,24,24],"damage_taken":[{"damage":1,"enemies":"Cultist","floor":1,"turns":3},{"damage":0,"enemies":"2 Louse","floor":2,"turns":3},{"damage":12,"enemies":"Jaw Worm","floor":3,"turns":2},{"damage":17,"enemies":"Exordium Thugs","floor":4,"turns":4},{"damage":18,"enemies":"Gremlin Nob","floor":7,"turns":4},{"damage":2,"enemies":"3 Sentries","floor":11,"turns":7},{"damage":0,"enemies":"2 Fungi Beasts","floor":12,"turns":2},{"damage":16,"enemies":"Gremlin Nob","floor":13,"turns":4},{"damage":0,"enemies":"Large Slime","floor":14,"turns":4},{"damage":18,"enemies":"Hexaghost","floor":16,"turns":7},{"damage":8,"enemies":"2 Thieves","floor":18,"turns":5},{"damage":15,"enemies":"Shell Parasite","floor":20,"turns":4},{"damage":29,"enemies":"Snecko","floor":21,"turns":6},{"damage":2,"enemies":"Snake Plant","floor":24,"turns":4},{"damage":21,"enemies":"Shelled Parasite and Fungi","floor":31,"turns":1}],"seed_played":"-8950954033900919695","potions_obtained":[{"floor":2,"key":"Explosive Potion"},{"floor":4,"key":"Elixir"},{"floor":12,"key":"Energy Potion"},{"floor":14,"key":"Venom Potion"},{"floor":16,"key":"CunningPotion"},{"floor":18,"key":"Flashbang"},{"floor":21,"key":"Adrenaline Potion"}],"is_trial":false,"path_per_floor":["M","M","M","M","?","R","E","R","T","R","E","M","E","M","R","B",null,"M","$","M","M","$","R","M","?","T","$","?","?","R","M"],"character_chosen":"THE_SILENT","items_purchased":["Frozen Egg 2","hubris:SlimyHat","Footwork+1","Poison Darts","TwistedFunnel","Infinite Blades+1","hubris:EmptyBottle","Replay:BasicMightCard+1","Accuracy+1","Dramatic Entrance"],"campfire_rested":5,"item_purchase_floors":[0,0,0,0,0,19,19,19,22,27],"current_hp_per_floor":[58,58,46,29,29,48,30,49,49,49,47,47,31,31,50,32,58,50,50,35,6,6,25,23,2,2,2,2,2,21,0,0],"gold":44,"neow_bonus":"","is_daily":false,"chose_seed":false,"campfire_upgraded":1,"win_rate":0.0,"timestamp":1609237811,"path_taken":["M","?","M","M","?","R","E","R","T","R","E","?","E","M","R","BOSS","M","$","M","M","$","R","M","?","T","?","?","?","R","M"],"items_purchased_type":["Relic","Relic","Card","Card","Relic","Card","Relic","Card","Card","Card"],"build_version":"2020-12-22","purchased_purges":0,"victory":false,"max_hp_per_floor":[66,66,66,66,66,66,66,66,66,66,66,66,66,66,66,66,66,66,66,66,66,66,66,66,66,66,66,66,66,66,66,66],"relic_stats":{"counters":[54,302],"CeramicFish":126,"Necronomicon":[0],"obtain_stats":[{"Ice Cream":7,"TwistedFunnel":0,"Calipers":0,"hubris:CrystalStatue":7,"CeramicFish":11,"Vajra":5,"Whetstone":10,"hubris:MysteriousPyramids":20,"Bottled Tornado":9,"Blood Vial":11,"HornCleat":41,"Sundial":27,"Replay:Bronze Core":34,"MealTicket":11,"Fusion Hammer":17,"Necronomicon":25,"infinitespire:Beetle Shell":13,"Paper Crane":26,"OrangePellets":0,"Shuriken":0,"Simple Rune":22,"hubris:ToyBattleship":0,"Meat on the Bone":9,"Pocketwatch":29,"ReplayFunnel":36,"Regal Pillow":13,"hubris:Metronome":43,"SacredBark":17,"GremlinMask":4,"hubris:SlimyHat":0,"hubris:EmptyBottle":19,"Ancient Tea Set":9,"Tough Bandages":0,"Replay:Bandana":47,"Pantograph":12,"Ring of the Snake":0,"BargainBundle":48,"Golden Idol":2,"PreservedInsect":14,"Replay:WaspNest":0,"Omamori":48,"Frozen Egg 2":9,"MawBank":1,"Replay:Arrowhead":8,"CaptainsWheel":0,"Anchor":25,"Busted Crown":0,"Orrery":0,"Garlic":26,"Toy Ornithopter":13,"hubris:Potato":0},{"Ice Cream":3,"TwistedFunnel":39,"Calipers":0,"hubris:CrystalStatue":44,"CeramicFish":45,"Vajra":2,"Whetstone":4,"hubris:MysteriousPyramids":25,"Bottled Tornado":44,"Blood Vial":4,"HornCleat":35,"Sundial":28,"Replay:Bronze Core":32,"MealTicket":4,"Fusion Hammer":49,"Necronomicon":53,"infinitespire:Beetle Shell":47,"Paper Crane":53,"OrangePellets":14,"Shuriken":8,"Simple Rune":26,"hubris:ToyBattleship":39,"Meat on the Bone":19,"Pocketwatch":29,"ReplayFunnel":33,"Regal Pillow":6,"hubris:Metronome":36,"SacredBark":23,"GremlinMask":9,"hubris:SlimyHat":39,"hubris:EmptyBottle":50,"Ancient Tea Set":12,"Tough Bandages":8,"Replay:Bandana":38,"Pantograph":5,"Ring of the Snake":0,"BargainBundle":38,"Golden Idol":1,"PreservedInsect":7,"Replay:WaspNest":14,"Omamori":38,"Frozen Egg 2":3,"MawBank":1,"Replay:Arrowhead":19,"CaptainsWheel":14,"Anchor":27,"Busted Crown":0,"Orrery":8,"Garlic":27,"Toy Ornithopter":21,"hubris:Potato":39},{"Ice Cream":11,"TwistedFunnel":242,"Calipers":0,"hubris:CrystalStatue":258,"CeramicFish":265,"Vajra":5,"Whetstone":16,"hubris:MysteriousPyramids":146,"Bottled Tornado":258,"Blood Vial":16,"HornCleat":216,"Sundial":165,"Replay:Bronze Core":196,"MealTicket":16,"Fusion Hammer":282,"Necronomicon":301,"infinitespire:Beetle Shell":271,"Paper Crane":301,"OrangePellets":87,"Shuriken":55,"Simple Rune":152,"hubris:ToyBattleship":242,"Meat on the Bone":115,"Pocketwatch":172,"ReplayFunnel":201,"Regal Pillow":38,"hubris:Metronome":223,"SacredBark":136,"GremlinMask":60,"hubris:SlimyHat":242,"hubris:EmptyBottle":287,"Ancient Tea Set":75,"Tough Bandages":55,"Replay:Bandana":234,"Pantograph":23,"Ring of the Snake":0,"BargainBundle":234,"Golden Idol":2,"PreservedInsect":41,"Replay:WaspNest":87,"Omamori":234,"Frozen Egg 2":11,"MawBank":2,"Replay:Arrowhead":115,"CaptainsWheel":87,"Anchor":158,"Busted Crown":0,"Orrery":55,"Garlic":158,"Toy Ornithopter":124,"hubris:Potato":242}],"Ring of the Snake":[108]},"card_choices":[{"not_picked":["Acrobatics","Sneak Up","hubris:TrickCloak"],"picked":"SKIP","floor":1},{"not_picked":["Deflect","Dodge and Roll"],"picked":"Quick Slash","floor":2},{"not_picked":["Choke","Flechettes"],"picked":"Dagger Spray","floor":3},{"not_picked":["PiercingWail","hubris:SlightOfHand"],"picked":"Accuracy+1","floor":4},{"not_picked":["Outmaneuver","hubris:Counter","Dagger Spray"],"picked":"SKIP","floor":7},{"not_picked":["Dodge and Roll","Hidden Blade"],"picked":"ReplayTheSpireMod:Shiv Toss","floor":11},{"not_picked":["Eviscerate","Dodge and Roll"],"picked":"Hidden Blade","floor":12},{"not_picked":["Catalyst","ReplayTheSpireMod:Necrosis"],"picked":"Slice","floor":13},{"not_picked":["Dodge and Roll","Reflex"],"picked":"Slice","floor":14},{"not_picked":["Unload","ReplayTheSpireMod:Necrosis"],"picked":"Tools of the Trade+1","floor":16},{"not_picked":["Slice","Flying Knee"],"picked":"Cloak And Dagger+1","floor":18},{"not_picked":["Dagger Spray","Deadly Poison"],"picked":"Poisoned Stab+1","floor":20},{"not_picked":["Catalyst","Sucker Punch","ReplayTheSpireMod:Exploit Weakness"],"picked":"SKIP","floor":21},{"not_picked":["Deadly Poison+1","Dagger Spray"],"picked":"Outmaneuver+1","floor":24}],"player_experience":1005826,"relics_obtained":[{"floor":7,"key":"hubris:CrystalStatue"},{"floor":9,"key":"Bottled Tornado"},{"floor":11,"key":"CeramicFish"},{"floor":13,"key":"infinitespire:Beetle Shell"},{"floor":25,"key":"Necronomicon"},{"floor":26,"key":"Paper Crane"}],"event_choices":[{"cards_removed":["Strike_G"],"damage_healed":0,"gold_gain":0,"player_choice":"Card Removal","damage_taken":0,"max_hp_gain":0,"max_hp_loss":0,"event_name":"Wheel of Change","floor":5,"gold_loss":0},{"damage_healed":0,"gold_gain":0,"player_choice":"Obtained Book","damage_taken":21,"max_hp_gain":0,"max_hp_loss":0,"event_name":"Cursed Tome","floor":25,"gold_loss":0},{"damage_healed":0,"gold_gain":0,"player_choice":"Simplicity","damage_taken":0,"max_hp_gain":0,"max_hp_loss":0,"event_name":"Back to Basics","floor":29,"gold_loss":0,"cards_upgraded":["Strike_G","Strike_G","Strike_G","Strike_G","Defend_G","Defend_G","Defend_G","Defend_G","Defend_G"]}],"is_beta":false,"boss_relics":[{"not_picked":["Snecko Eye","ReplayTheSpireMod:DimensionalGlitch"],"picked":"Fusion Hammer"}],"items_purged_floors":[],"is_endless":false,"potions_floor_spawned":[2,4,12,14,16,18,21],"killed_by":"Shelled Parasite and Fungi","ascension_level":17}}