{"host":"cz3p2o9n3b1gdmkz","time":1609258243,"event":{"mods":["AchievementEnabler","BaseMod","CapriCore","GungeonMod","Hermit","Lobotomy","Minty Spire (QoL Compilation)","Replay The Spire","Shop Mod","StSLib","SuperFastMode","The Cursed","The Dragon Tamer","The Gatherer","The Jungle","The Poker Player","The Runesmith"],"gold_per_floor":[115,126,51,64,64,164,178,228,228,248,28,42,42,66,66,164,164,180,180,195,220,75,75,90,90,116,140,164,187,187,208,208,298,298,318,318,342,257,273,273,273,273,318,181,131,211,2,145,145,295,615,615],"floor_reached":53,"playtime":2697,"items_purged":["Strike_G","TheCursedMod:Dregs"],"score":1335,"play_id":"9fde5a01-7d20-4a47-b315-8ff85fe8ed15","local_time":"20201230011043","is_ascension_mode":true,"campfire_choices":[{"floor":13.0,"key":"REST"},{"floor":15.0,"key":"REST"},{"floor":23.0,"key":"REST"},{"floor":25.0,"key":"REST"},{"floor":32.0,"key":"REST"},{"data":"Storm of Steel","floor":40.0,"key":"SMITH"},{"data":"Madness","floor":42.0,"key":"SMITH"},{"data":"Accuracy","floor":49.0,"key":"SMITH"}],"circlet_count":0,"master_deck":["AscendersBane","Strike_G","Strike_G","Strike_G","Defend_G","Defend_G","Defend_G","Defend_G","Defend_G","Survivor","Neutralize","Infinite Blades","Cloak And Dagger","Deflect","PiercingWail","PiercingWail","Infinite Blades","Storm of Steel+1","Accuracy+1","PiercingWail","Blade Dance","Footwork+1","Slice","ReplayTheSpireMod:From All Sides","Draining Mist+1","Madness+1","Madness+1","Flash of Steel"],"relics":["Ring of the Snake","Dead Branch","Golden Idol","DemoMod:OrangeGuonStone","Membership Card","WristBlade","ReplayTheSpireMod:TigerMarble","Snake Skull","Cursed Key","Anchor","Replay:Bandana","Pen Nib","DemoMod:ClearGuonStone","ClockworkSouvenir"],"acts_visited":["Exordium","TheCity","TheBeyond"],"potions_floor_usage":[51,51],"damage_taken":[{"damage":0.0,"enemies":"Cultist","floor":1.0,"turns":3.0},{"damage":1.0,"enemies":"Jaw Worm","floor":2.0,"turns":5.0},{"damage":0.0,"enemies":"Small Slimes","floor":4.0,"turns":4.0},{"damage":22.0,"enemies":"Exordium Thugs","floor":7.0,"turns":6.0},{"damage":0.0,"enemies":"2 Fungi Beasts","floor":10.0,"turns":3.0},{"damage":0.0,"enemies":"3 Louse","floor":12.0,"turns":3.0},{"damage":4.0,"enemies":"Exordium Wildlife","floor":14.0,"turns":4.0},{"damage":35.0,"enemies":"The Guardian","floor":16.0,"turns":10.0},{"damage":18.0,"enemies":"2 Thieves","floor":18.0,"turns":5.0},{"damage":0.0,"enemies":"3 Byrds","floor":20.0,"turns":4.0},{"damage":12.0,"enemies":"Snake Plant","floor":21.0,"turns":4.0},{"damage":9.0,"enemies":"Shelled Parasite and Fungi","floor":24.0,"turns":4.0},{"damage":0.0,"enemies":"Snecko","floor":27.0,"turns":6.0},{"damage":11.0,"enemies":"Snake Plant","floor":28.0,"turns":4.0},{"damage":0.0,"enemies":"Shelled Parasite and Fungi","floor":29.0,"turns":2.0},{"damage":0.0,"enemies":"Chosen and Byrds","floor":31.0,"turns":2.0},{"damage":10.0,"enemies":"Champ","floor":33.0,"turns":8.0},{"damage":0.0,"enemies":"Orb Walker","floor":35.0,"turns":3.0},{"damage":0.0,"enemies":"3 Shapes","floor":37.0,"turns":7.0},{"damage":0.0,"enemies":"Jaw Worm Horde","floor":39.0,"turns":2.0},{"damage":0.0,"enemies":"Sphere and 2 Shapes","floor":46.0,"turns":3.0},{"damage":0.0,"enemies":"Transient","floor":48.0,"turns":6.0},{"damage":0,"enemies":"Replay:Hell Engine","floor":50,"turns":6},{"damage":35,"enemies":"Awakened One","floor":51,"turns":9}],"seed_played":"-6249451716617827972","potions_obtained":[{"floor":1.0,"key":"Energy Potion"},{"floor":2.0,"key":"LifebloodPotion"},{"floor":7.0,"key":"Energy Potion"},{"floor":16.0,"key":"Languid Potion"},{"floor":21.0,"key":"BlessingOfTheForge"},{"floor":27.0,"key":"AttackPotion"},{"floor":28.0,"key":"EssenceOfSteel"},{"floor":31.0,"key":"AttackPotion"}],"is_trial":false,"path_per_floor":["M","M","$","M","?","?","M","?","T","M","$","M","R","M","R","B",null,"M","?","M","M","$","R","M","R","T","M","M","M","?","M","R","B",null,"M","?","M","$","M","R","?","R","T","$","?","M","$","M","R","B","B",null,null],"character_chosen":"THE_SILENT","items_purchased":["Membership Card","PowerPotion","PiercingWail","ReplayTheSpireMod:TigerMarble","Blade Dance","Footwork+1","Anchor","Pen Nib","DemoMod:ClearGuonStone","Flash of Steel","ClockworkSouvenir"],"campfire_rested":5,"item_purchase_floors":[11,11,11,22,22,22,38,44,47,47,47],"current_hp_per_floor":[59,58,58,58,37,37,15,15,15,15,15,15,33,29,47,12,48,30,30,30,18,18,36,27,45,45,45,34,34,34,34,52,42,56,56,56,56,56,56,56,45,45,45,45,45,45,45,45,45,45,10,10],"gold":615,"neow_bonus":"ONE_RARE_RELIC","is_daily":false,"chose_seed":false,"campfire_upgraded":3,"win_rate":0.0,"timestamp":1609258243,"path_taken":["M","?","?","M","?","?","?","?","T","M","?","M","R","M","R","BOSS","M","?","M","M","$","R","M","R","T","M","M","M","?","M","R","BOSS","M","?","M","$","M","R","?","R","T","$","?","M","$","M","R","BOSS","BOSS"],"items_purchased_type":["Relic","Potion","Card","Relic","Card","Card","Relic","Relic","Relic","Card","Relic"],"build_version":"2020-12-22","purchased_purges":2,"victory":true,"max_hp_per_floor":[60,60,60,60,60,60,60,60,60,60,60,60,60,60,60,60,60,60,60,60,60,60,60,60,60,60,60,60,60,60,60,60,60,60,60,60,60,60,60,60,60,60,60,60,60,60,60,60,60,60,60,60],"card_choices":[{"not_picked":["Slice","ReplayTheSpireMod:Tripwire"],"picked":"Infinite Blades","floor":1.0},{"not_picked":["Eviscerate","Slice"],"picked":"Cloak And Dagger","floor":2.0},{"not_picked":["Dodge and Roll","Skewer","Prepared"],"picked":"SKIP","floor":4.0},{"not_picked":["ReplayTheSpireMod:The Works","Underhanded Strike"],"picked":"Deflect","floor":7.0},{"not_picked":["Outmaneuver","Eviscerate","Flying Knee"],"picked":"SKIP","floor":10.0},{"not_picked":["Bane","Grand Finale"],"picked":"PiercingWail","floor":12.0},{"not_picked":["Deflect","Backflip"],"picked":"Infinite Blades","floor":14.0},{"not_picked":["Grand Finale","Unload"],"picked":"Storm of Steel","floor":16.0},{"not_picked":["Outmaneuver","Hidden Blade+1"],"picked":"Accuracy","floor":18.0},{"not_picked":["Deadly Poison+1","Dagger Throw","Riddle With Holes"],"picked":"SKIP","floor":20.0},{"not_picked":["Blur","Well Laid Plans+1"],"picked":"PiercingWail","floor":21.0},{"not_picked":["Masterful Stab+1","ReplayTheSpireMod:Speed Training","Dagger Spray"],"picked":"SKIP","floor":24.0},{"not_picked":["Poisoned Stab","Deflect"],"picked":"Slice","floor":27.0},{"not_picked":["Masterful Stab","Catalyst","Acrobatics"],"picked":"SKIP","floor":28.0},{"not_picked":["Prepared","Bane"],"picked":"ReplayTheSpireMod:From All Sides","floor":29.0},{"not_picked":["Blur","Predator","Outmaneuver"],"picked":"SKIP","floor":31.0},{"not_picked":["Flechettes","Backflip","Flying Knee+1"],"picked":"SKIP","floor":35.0},{"not_picked":["Burst","Outmaneuver"],"picked":"Draining Mist+1","floor":37.0},{"not_picked":["Outmaneuver","Leg Sweep","Acrobatics"],"picked":"SKIP","floor":39.0},{"not_picked":["Noxious Fumes","ReplayTheSpireMod:Speed Training+1","Burst"],"picked":"SKIP","floor":46.0},{"not_picked":["Crippling Poison","Quick Slash","Eviscerate"],"picked":"SKIP","floor":48.0}],"player_experience":1054674,"relics_obtained":[{"floor":9.0,"key":"DemoMod:OrangeGuonStone"},{"floor":26.0,"key":"Snake Skull"},{"floor":43.0,"key":"Replay:Bandana"}],"event_choices":[{"damage_healed":0.0,"max_hp_gain":0.0,"max_hp_loss":0.0,"gold_gain":0.0,"event_name":"Golden Idol","player_choice":"Take Damage","floor":5.0,"gold_loss":0.0,"damage_taken":21.0,"relics_obtained":["Golden Idol"]},{"damage_healed":0.0,"max_hp_gain":0.0,"max_hp_loss":0.0,"gold_gain":100.0,"event_name":"Wheel of Change","player_choice":"Gold","floor":6.0,"gold_loss":0.0,"damage_taken":0.0},{"damage_healed":0.0,"max_hp_gain":0.0,"max_hp_loss":0.0,"gold_gain":50.0,"event_name":"Golden Shrine","player_choice":"Pray","floor":8.0,"gold_loss":0.0,"damage_taken":0.0},{"damage_healed":0.0,"max_hp_gain":0.0,"max_hp_loss":0.0,"gold_gain":0.0,"event_name":"Cursed Tome","player_choice":"Ignored","floor":19.0,"gold_loss":0.0,"damage_taken":0.0},{"damage_healed":0.0,"max_hp_gain":0.0,"max_hp_loss":0.0,"gold_gain":0.0,"event_name":"Vampires","player_choice":"Ignored","floor":30.0,"gold_loss":0.0,"damage_taken":0.0},{"cards_removed":["Strike_G"],"damage_healed":0.0,"max_hp_gain":0.0,"max_hp_loss":0.0,"gold_gain":0.0,"event_name":"Falling","player_choice":"Removed Attack","floor":36.0,"gold_loss":0.0,"damage_taken":0.0},{"damage_healed":0.0,"max_hp_gain":0.0,"max_hp_loss":0.0,"gold_gain":0.0,"event_name":"Winding Halls","player_choice":"Embrace Madness","floor":41.0,"gold_loss":0.0,"damage_taken":11.0,"cards_obtained":["Madness","Madness"]},{"damage_healed":0.0,"max_hp_gain":0.0,"max_hp_loss":0.0,"gold_gain":0.0,"event_name":"Designer","player_choice":"Upgrade","floor":45.0,"gold_loss":50.0,"damage_taken":0.0,"cards_upgraded":["Madness"]}],"is_beta":false,"boss_relics":[{"not_picked":["SlaversCollar","Replay:Wanted Poster"],"picked":"WristBlade"},{"not_picked":["Ring of Chaos","Replay:Fungal Core"],"picked":"Cursed Key"}],"items_purged_floors":[3,44],"is_endless":false,"potions_floor_spawned":[1,2,4,7,16,21,27,28,31,46,48],"ascension_level":20}}