{"host":"sav7uxregyirlf69","time":1609223702,"event":{"mods":["AchievementEnabler","BaseMod","Colored Map","DeckTracker","Keyboard Shortcuts","Minty Spire (QoL Compilation)","READ ME - Guardian Mod","StSLib","SuperFastMode"],"gold_per_floor":[115,115,115,40,94,94,106,120,120,120,137,137,137,157,157,157,157],"floor_reached":16,"playtime":142,"items_purged":["Strike_G"],"score":180,"play_id":"38b00f4b-b73f-42e7-9853-d87f629e7444","local_time":"20201229153502","is_ascension_mode":true,"campfire_choices":[{"data":"Neutralize","floor":6,"key":"SMITH"},{"data":"Concentrate","floor":15,"key":"SMITH"}],"circlet_count":0,"master_deck":["AscendersBane","Strike_G+1","Strike_G","Strike_G+1","Strike_G","Defend_G","Defend_G","Defend_G","Defend_G","Defend_G","Survivor","Neutralize+1","Heel Hook","Masterful Stab","Reflex","Concentrate+1"],"relics":["Ring of the Snake","Tiny Chest","Calipers","Torii"],"acts_visited":["Exordium"],"potions_floor_usage":[11],"damage_taken":[{"damage":11,"enemies":"Small Slimes","floor":1,"turns":5},{"damage":3,"enemies":"2 Louse","floor":7,"turns":3},{"damage":4,"enemies":"Jaw Worm","floor":8,"turns":3},{"damage":11,"enemies":"2 Fungi Beasts","floor":11,"turns":3},{"damage":1,"enemies":"Blue Slaver","floor":14,"turns":3},{"damage":36,"enemies":"The Guardian","floor":16,"turns":2}],"seed_played":"-3313695432516310088","potions_obtained":[{"floor":1,"key":"BlessingOfTheForge"},{"floor":8,"key":"AttackPotion"}],"is_trial":false,"path_per_floor":["M","?","?","$","T","R","M","M","T","?","M","?","T","M","R","B"],"character_chosen":"THE_SILENT","items_purchased":[],"campfire_rested":0,"item_purchase_floors":[],"current_hp_per_floor":[54,59,36,36,36,36,33,29,29,29,18,18,18,17,17,0,0],"gold":157,"neow_bonus":"TEN_PERCENT_HP_BONUS","is_daily":false,"chose_seed":false,"campfire_upgraded":2,"win_rate":0.0,"timestamp":1609223702,"path_taken":["M","?","?","$","?","R","M","M","T","?","?","?","?","M","R","BOSS"],"items_purchased_type":[],"build_version":"2020-12-22","purchased_purges":1,"victory":false,"max_hp_per_floor":[72,77,77,77,77,77,77,77,77,77,77,77,77,77,77,77,77],"card_choices":[{"not_picked":["Acrobatics","Cloak And Dagger"],"picked":"Heel Hook","floor":1},{"not_picked":["Backflip","Slice"],"picked":"Masterful Stab","floor":7},{"not_picked":["Endless Agony","Cloak And Dagger","Bane"],"picked":"SKIP","floor":8},{"not_picked":["Flying Knee","Dash"],"picked":"Reflex","floor":11},{"not_picked":["Flechettes","Flying Knee"],"picked":"Concentrate","floor":14}],"player_experience":1040646,"relics_obtained":[{"floor":5,"key":"Tiny Chest"},{"floor":9,"key":"Calipers"},{"floor":13,"key":"Torii"}],"event_choices":[{"damage_healed":0,"gold_gain":0,"player_choice":"Donut","damage_taken":0,"max_hp_gain":5,"max_hp_loss":0,"event_name":"Big Fish","floor":2,"gold_loss":0},{"damage_healed":0,"gold_gain":0,"player_choice":"Entered Light","damage_taken":23,"max_hp_gain":0,"max_hp_loss":0,"event_name":"Shining Light","floor":3,"gold_loss":0,"cards_upgraded":["Strike_G","Strike_G"]},{"damage_healed":0,"gold_gain":0,"player_choice":"Ignored","damage_taken":0,"max_hp_gain":0,"max_hp_loss":0,"event_name":"Liars Game","floor":10,"gold_loss":0},{"damage_healed":0,"gold_gain":0,"player_choice":"Searched \u00270\u0027 times","damage_taken":0,"max_hp_gain":0,"max_hp_loss":0,"event_name":"Dead Adventurer","floor":12,"gold_loss":0}],"is_beta":false,"boss_relics":[],"items_purged_floors":[4],"is_endless":false,"potions_floor_spawned":[1,8],"killed_by":"The Guardian","ascension_level":20}}