{"host":"2yqfi47fogfu1ic4","time":1609202601,"event":{"mods":["AchievementEnabler","BaseMod","Colored Map","Colored Powertips","Highlight Path","Minty Spire (QoL Compilation)","Permanent Neow","Relic Stats","StSLib"],"gold_per_floor":[114,114,126,146,156,156,183,202,202,222,147,147,161,180,180,251,251,266,280,280,330,63,63,83,83,83,94,111,161,177,177,177,254,254,268,279,279,279,204,204,222,242,242,256,256,289,1,19,19,19,19],"floor_reached":50,"playtime":6743,"items_purged":["Strike_G","Parasite","Setup"],"score":960,"play_id":"cab8e425-39b3-48a3-a92d-6d3a4002d20e","local_time":"20201229014321","is_ascension_mode":true,"campfire_choices":[{"data":"Backstab","floor":6.0,"key":"SMITH"},{"data":"Crippling Poison","floor":12.0,"key":"SMITH"},{"data":"Malaise","floor":15.0,"key":"SMITH"},{"data":"Burst","floor":23.0,"key":"SMITH"},{"data":"Terror","floor":25.0,"key":"SMITH"},{"floor":32.0,"key":"REST"},{"data":"Well Laid Plans","floor":40.0,"key":"SMITH"},{"floor":49,"key":"RECALL"}],"circlet_count":0,"master_deck":["AscendersBane","Survivor","Neutralize","Dagger Spray","Malaise+1","Backstab+1","Blade Dance","Crippling Poison+1","Dash","Heel Hook","Dagger Spray","Burst+1","Outmaneuver","Blur","Terror+1","Backflip","Venomology","Bane+1","PiercingWail","Predator","Blur+1","Acrobatics","Eviscerate+1","Malaise","Backflip+1","Doppelganger","Well Laid Plans+1","Catalyst","Dodge and Roll+1","Catalyst+1","Wraith Form v2","Footwork"],"relics":["Cursed Key","Unceasing Top","Pandora\u0027s Box","Frozen Eye","Coffee Dripper","Omamori"],"acts_visited":["Exordium","TheCity","TheBeyond"],"potions_floor_usage":[50,50],"damage_taken":[{"damage":4.0,"enemies":"Small Slimes","floor":1.0,"turns":5.0},{"damage":2.0,"enemies":"Cultist","floor":3.0,"turns":5.0},{"damage":0.0,"enemies":"Jaw Worm","floor":4.0,"turns":6.0},{"damage":0.0,"enemies":"Looter","floor":5.0,"turns":4.0},{"damage":23.0,"enemies":"Lagavulin","floor":7.0,"turns":11.0},{"damage":0.0,"enemies":"3 Louse","floor":8.0,"turns":3.0},{"damage":4.0,"enemies":"Blue Slaver","floor":10.0,"turns":3.0},{"damage":0.0,"enemies":"Red Slaver","floor":13.0,"turns":2.0},{"damage":0.0,"enemies":"3 Louse","floor":14.0,"turns":2.0},{"damage":13.0,"enemies":"The Guardian","floor":16.0,"turns":15.0},{"damage":0.0,"enemies":"Chosen","floor":18.0,"turns":2.0},{"damage":0.0,"enemies":"3 Byrds","floor":19.0,"turns":3.0},{"damage":14.0,"enemies":"Snecko","floor":24.0,"turns":5.0},{"damage":35.0,"enemies":"Shelled Parasite and Fungi","floor":27.0,"turns":6.0},{"damage":0.0,"enemies":"3 Cultists","floor":28.0,"turns":5.0},{"damage":6.0,"enemies":"Snake Plant","floor":30.0,"turns":5.0},{"damage":1.0,"enemies":"Champ","floor":33.0,"turns":21.0},{"damage":0.0,"enemies":"3 Shapes","floor":35.0,"turns":3.0},{"damage":0.0,"enemies":"Orb Walker","floor":36.0,"turns":3.0},{"damage":15.0,"enemies":"Maw","floor":41.0,"turns":8.0},{"damage":20.0,"enemies":"4 Shapes","floor":42.0,"turns":9.0},{"damage":9.0,"enemies":"Transient","floor":44.0,"turns":6.0},{"damage":24.0,"enemies":"Reptomancer","floor":46.0,"turns":12.0},{"damage":0,"enemies":"Sphere and 2 Shapes","floor":48,"turns":4},{"damage":24,"enemies":"Time Eater","floor":50,"turns":10}],"seed_played":"4951566721195780311","potions_obtained":[{"floor":2.0,"key":"SkillPotion"},{"floor":2.0,"key":"LiquidBronze"},{"floor":3.0,"key":"Swift Potion"},{"floor":4.0,"key":"Weak Potion"},{"floor":13.0,"key":"Strength Potion"},{"floor":16.0,"key":"Regen Potion"},{"floor":27.0,"key":"EntropicBrew"},{"floor":41.0,"key":"BlessingOfTheForge"},{"floor":44.0,"key":"Swift Potion"},{"floor":46.0,"key":"Strength Potion"}],"is_trial":false,"path_per_floor":["M","?","M","M","M","R","E","M","T","M","$","R","M","M","R","B",null,"M","M","T","?","$","R","M","R","T","M","M","?","M","?","R","B",null,"M","M","?","?","?","R","M","M","T","M","?","E","$","M","R","B"],"character_chosen":"THE_SILENT","items_purchased":["Frozen Eye","Wraith Form v2"],"campfire_rested":1,"item_purchase_floors":[22,47],"current_hp_per_floor":[55,55,53,53,53,53,30,30,30,26,26,26,26,26,26,13,53,53,53,53,47,47,47,47,47,47,12,12,12,6,19,37,36,56,56,56,56,56,56,56,41,21,21,12,12,18,18,18,18,0,0],"gold":19,"neow_bonus":"BOSS_RELIC","is_daily":false,"chose_seed":false,"campfire_upgraded":6,"win_rate":0.0,"timestamp":1609202601,"path_taken":["M","?","M","?","M","R","E","M","T","M","?","R","M","M","R","BOSS","M","M","?","?","$","R","?","R","T","M","M","?","M","?","R","BOSS","M","M","?","?","?","R","M","M","T","?","?","E","$","M","R","BOSS"],"items_purchased_type":["Relic","Card"],"build_version":"2020-12-22","purchased_purges":3,"victory":false,"max_hp_per_floor":[66,66,66,66,66,66,66,66,66,66,66,66,66,66,66,66,66,66,66,66,66,63,63,63,63,63,63,63,63,63,63,63,63,63,63,63,60,60,60,60,60,60,60,60,60,60,60,60,60,60,60],"relic_stats":{"counters":[25,158],"Pandora\u0027s Box":["Accuracy","Riddle With Holes","Outmaneuver","Doppelganger","Blur","Terror","Setup","Backflip","Venomology"],"Cursed Key":1,"obtain_stats":[{"Frozen Eye":22,"Pandora\u0027s Box":17,"Coffee Dripper":34,"Omamori":46,"Cursed Key":0,"Unceasing Top":7,"Ring of the Snake":0},{"Frozen Eye":12,"Pandora\u0027s Box":10,"Coffee Dripper":17,"Omamori":23,"Cursed Key":0,"Unceasing Top":5,"Ring of the Snake":0},{"Frozen Eye":61,"Pandora\u0027s Box":56,"Coffee Dripper":103,"Omamori":144,"Cursed Key":0,"Unceasing Top":31,"Ring of the Snake":0}],"Unceasing Top":[34]},"card_choices":[{"not_picked":["Dodge and Roll","Acrobatics"],"picked":"Dagger Spray","floor":1.0},{"not_picked":["Reflex","Quick Slash"],"picked":"Malaise","floor":3.0},{"not_picked":["Underhanded Strike","Dagger Throw"],"picked":"Backstab","floor":4.0},{"not_picked":["Expertise","Accuracy"],"picked":"Blade Dance","floor":5.0},{"not_picked":["Calculated Gamble","Dagger Throw"],"picked":"Crippling Poison","floor":7.0},{"not_picked":["Bane","Quick Slash"],"picked":"Dash","floor":8.0},{"not_picked":["Acrobatics","Outmaneuver"],"picked":"Heel Hook","floor":10.0},{"not_picked":["Endless Agony","Reflex","Sucker Punch"],"picked":"SKIP","floor":13.0},{"not_picked":["Endless Agony","Reflex","Sucker Punch"],"picked":"SKIP","floor":13.0},{"not_picked":["Unload","Skewer"],"picked":"Dagger Spray","floor":14.0},{"not_picked":["Grand Finale","Adrenaline"],"picked":"Burst","floor":16.0},{"not_picked":["Deflect","Dodge and Roll"],"picked":"Bane+1","floor":18.0},{"not_picked":["Bane","Cloak And Dagger"],"picked":"PiercingWail","floor":19.0},{"not_picked":["Quick Slash","Bane"],"picked":"Predator","floor":24.0},{"not_picked":["Dagger Throw","Setup"],"picked":"Blur+1","floor":27.0},{"not_picked":["Deflect","Reflex"],"picked":"Acrobatics","floor":28.0},{"not_picked":["Slice","Cloak And Dagger"],"picked":"Eviscerate+1","floor":30.0},{"not_picked":["Storm of Steel","Die Die Die"],"picked":"Malaise","floor":33.0},{"not_picked":["Underhanded Strike","Sucker Punch","Terror"],"picked":"SKIP","floor":35.0},{"not_picked":["Deadly Poison","Expertise+1"],"picked":"Backflip+1","floor":36.0},{"not_picked":["Slice","Underhanded Strike+1"],"picked":"Catalyst","floor":41.0},{"not_picked":["Dagger Spray","Concentrate","Sucker Punch"],"picked":"SKIP","floor":42.0},{"not_picked":["Finisher","Cloak And Dagger"],"picked":"Dodge and Roll+1","floor":44.0},{"not_picked":["All Out Attack","Deadly Poison"],"picked":"Catalyst+1","floor":46.0},{"not_picked":["Venomology","Quick Slash+1"],"picked":"Footwork","floor":48}],"player_experience":1921527,"relics_obtained":[{"floor":7.0,"key":"Unceasing Top"},{"floor":46.0,"key":"Omamori"}],"event_choices":[{"damage_healed":0.0,"max_hp_gain":0.0,"max_hp_loss":0.0,"gold_gain":0.0,"event_name":"Lab","player_choice":"Got Potions","floor":2.0,"gold_loss":0.0,"damage_taken":0.0},{"damage_healed":0.0,"max_hp_gain":0.0,"max_hp_loss":0.0,"gold_gain":50.0,"event_name":"FaceTrader","player_choice":"Touch","floor":21.0,"gold_loss":0.0,"damage_taken":6.0},{"damage_healed":0.0,"max_hp_gain":0.0,"max_hp_loss":0.0,"gold_gain":50.0,"event_name":"Nest","player_choice":"Stole From Cult","floor":29.0,"gold_loss":0.0,"damage_taken":0.0},{"damage_healed":13.0,"max_hp_gain":0.0,"max_hp_loss":0.0,"gold_gain":0.0,"event_name":"The Library","player_choice":"Heal","floor":31.0,"gold_loss":0.0,"damage_taken":0.0},{"damage_healed":0.0,"max_hp_gain":0.0,"max_hp_loss":3.0,"gold_gain":0.0,"event_name":"Winding Halls","player_choice":"Max HP","floor":37.0,"gold_loss":0.0,"damage_taken":0.0},{"cards_removed":["Accuracy"],"damage_healed":0.0,"max_hp_gain":0.0,"max_hp_loss":0.0,"gold_gain":0.0,"event_name":"Falling","player_choice":"Removed Power","floor":38.0,"gold_loss":0.0,"damage_taken":0.0},{"damage_healed":0.0,"max_hp_gain":0.0,"max_hp_loss":0.0,"gold_gain":0.0,"cards_transformed":["Riddle With Holes","Doppelganger"],"event_name":"Designer","player_choice":"Transformed Cards","floor":39.0,"gold_loss":75.0,"damage_taken":0.0,"cards_obtained":["Doppelganger","Well Laid Plans"]},{"damage_healed":0.0,"max_hp_gain":0.0,"max_hp_loss":0.0,"gold_gain":0.0,"event_name":"Mysterious Sphere","player_choice":"Ignored","floor":45.0,"gold_loss":0.0,"damage_taken":0.0}],"is_beta":false,"boss_relics":[{"not_picked":["Ectoplasm","Fusion Hammer"],"picked":"Pandora\u0027s Box"},{"not_picked":["Runic Dome","Snecko Eye"],"picked":"Coffee Dripper"}],"items_purged_floors":[11,22,47],"is_endless":false,"potions_floor_spawned":[3,4,5,13,14,16,18,19,27,41,44,46],"killed_by":"Time Eater","ascension_level":20}}