{"host":"girf3bnli6r7x4ah","time":1609200636,"event":{"mods":["2.2 Compatiblity","AchievementEnabler","BaseMod","Colored Map","DeckTracker","Highlight Path","Minty Spire (QoL Compilation)","Random Character Button","Rare Cards Sparkle"],"gold_per_floor":[119,119,139,149,169,197,197,211,262,262,276,291,325,14,14,14,14,29,29,39,49,67,102,102,102,125,125,142,174,174,89,89,185,185,198,1197,1197,1246,1264,1264,1264,1264],"floor_reached":41,"playtime":2718,"items_purged":[],"score":490,"play_id":"fabf34f6-b22b-4746-8e92-3eb167ab5b18","local_time":"20201229011036","is_ascension_mode":true,"campfire_choices":[{"floor":10,"key":"REST"},{"floor":15,"key":"REST"},{"floor":24,"key":"REST"},{"floor":30,"key":"REST"},{"floor":32,"key":"REST"},{"floor":40,"key":"REST"}],"circlet_count":0,"master_deck":["Strike_B","Strike_B","Strike_B","Strike_B","Defend_B","Defend_B","Defend_B","Defend_B","Zap","Dualcast","CurseOfTheBell","Loop","Lockon","Conserve Battery","Turbo","Double Energy","Ball Lightning","Beam Cell","Turbo","Loop","Metamorphosis","Biased Cognition","Static Discharge+1","Static Discharge+1","Static Discharge+1","Chill","Thunder Strike","Consume","Loop","Turbo+1","Apotheosis","Stack+1"],"relics":["Calling Bell","Pen Nib","Darkstone Periapt","Ginger","Meat on the Bone","HornCleat","Vajra","InkBottle","HandDrill","Sozu","Kunai","Smiling Mask","Ornamental Fan","Omamori","Nuclear Battery","Calipers"],"acts_visited":["Exordium","TheCity","TheBeyond"],"potions_floor_usage":[6,11,13,13,16],"damage_taken":[{"damage":10,"enemies":"Jaw Worm","floor":1,"turns":5},{"damage":1,"enemies":"Cultist","floor":3,"turns":3},{"damage":7,"enemies":"2 Louse","floor":4,"turns":2},{"damage":13,"enemies":"Looter","floor":5,"turns":3},{"damage":51,"enemies":"Gremlin Nob","floor":6,"turns":5},{"damage":2,"enemies":"Blue Slaver","floor":8,"turns":4},{"damage":16,"enemies":"Gremlin Gang","floor":11,"turns":4},{"damage":5,"enemies":"Looter","floor":12,"turns":2},{"damage":20,"enemies":"3 Sentries","floor":13,"turns":7},{"damage":18,"enemies":"Hexaghost","floor":16,"turns":9},{"damage":22,"enemies":"3 Byrds","floor":18,"turns":6},{"damage":15,"enemies":"Chosen","floor":20,"turns":3},{"damage":20,"enemies":"Sentry and Sphere","floor":21,"turns":4},{"damage":22,"enemies":"3 Cultists","floor":22,"turns":4},{"damage":12,"enemies":"Book of Stabbing","floor":23,"turns":3},{"damage":13,"enemies":"Centurion and Healer","floor":28,"turns":6},{"damage":39,"enemies":"Gremlin Leader","floor":29,"turns":4},{"damage":40,"enemies":"Automaton","floor":33,"turns":7},{"damage":17,"enemies":"Orb Walker","floor":35,"turns":4},{"damage":34,"enemies":"2 Orb Walkers","floor":38,"turns":4},{"damage":31,"enemies":"3 Shapes","floor":39,"turns":4},{"damage":42,"enemies":"Giant Head","floor":41,"turns":6}],"seed_played":"5198868031589292474","potions_obtained":[{"floor":4,"key":"CultistPotion"},{"floor":8,"key":"FocusPotion"},{"floor":11,"key":"Swift Potion"},{"floor":12,"key":"Ancient Potion"},{"floor":13,"key":"ColorlessPotion"}],"is_trial":false,"path_per_floor":["M","?","M","M","M","E","T","M","T","R","M","M","E","$","R","B",null,"M","T","M","M","M","E","R","$","T","$","M","E","R","?","R","B",null,"M","?","?","?","M","R","E"],"character_chosen":"DEFECT","items_purchased":["HandDrill","Metamorphosis"],"campfire_rested":6,"item_purchase_floors":[14,14],"current_hp_per_floor":[65,75,74,67,54,3,3,13,13,35,31,38,30,30,52,46,75,53,53,38,30,20,20,42,42,42,42,41,14,36,36,58,30,75,58,58,58,36,17,39,0,0],"gold":1264,"neow_bonus":"BOSS_RELIC","is_daily":false,"chose_seed":false,"campfire_upgraded":0,"win_rate":0.0,"timestamp":1609200636,"path_taken":["M","?","?","M","?","E","?","M","T","R","M","M","E","$","R","BOSS","M","?","M","?","M","E","R","?","T","$","M","E","R","?","R","BOSS","M","?","?","?","M","R","E"],"items_purchased_type":["Relic","Card"],"build_version":"2020-12-22","purchased_purges":0,"victory":false,"max_hp_per_floor":[75,75,75,75,75,75,75,75,75,75,75,75,75,75,75,75,75,75,75,75,75,75,75,75,75,75,75,75,75,75,75,75,75,75,75,75,75,75,75,75,75,75],"card_choices":[{"not_picked":["Redo","Rebound"],"picked":"Loop","floor":1},{"not_picked":["Meteor Strike","FTL"],"picked":"Lockon","floor":3},{"not_picked":["Gash","Glacier"],"picked":"Conserve Battery","floor":4},{"not_picked":["Cold Snap","Steam"],"picked":"Turbo","floor":5},{"not_picked":["Multi-Cast","Blizzard"],"picked":"Double Energy","floor":6},{"not_picked":["Turbo","Double Energy"],"picked":"Ball Lightning","floor":8},{"not_picked":["Rebound","Static Discharge"],"picked":"Beam Cell","floor":11},{"not_picked":["Compile Driver","Ball Lightning"],"picked":"Turbo","floor":12},{"not_picked":["BootSequence","Capacitor"],"picked":"Loop","floor":13},{"not_picked":["Multi-Cast","Seek"],"picked":"Biased Cognition","floor":16},{"not_picked":["Steam","Rebound"],"picked":"Static Discharge+1","floor":18},{"not_picked":["Turbo","Go for the Eyes"],"picked":"Static Discharge+1","floor":20},{"not_picked":["Hello World","Barrage"],"picked":"Static Discharge+1","floor":21},{"not_picked":["Stack+1","Tempest+1"],"picked":"Chill","floor":22},{"not_picked":["Hologram","Compile Driver"],"picked":"Thunder Strike","floor":23},{"not_picked":["Go for the Eyes+1","FTL"],"picked":"Consume","floor":28},{"not_picked":["Force Field","Beam Cell"],"picked":"Loop","floor":29},{"not_picked":["Coolheaded","Ball Lightning+1"],"picked":"Turbo+1","floor":35},{"not_picked":["Jack Of All Trades","Deep Breath"],"picked":"Apotheosis","floor":37},{"not_picked":["Chaos","Gash+1"],"picked":"Stack+1","floor":38},{"not_picked":["Gash","Coolheaded+1","Sweeping Beam"],"picked":"SKIP","floor":39}],"player_experience":124905,"relics_obtained":[{"floor":0,"key":"Pen Nib"},{"floor":0,"key":"Darkstone Periapt"},{"floor":0,"key":"Ginger"},{"floor":6,"key":"Meat on the Bone"},{"floor":7,"key":"HornCleat"},{"floor":9,"key":"Vajra"},{"floor":13,"key":"InkBottle"},{"floor":23,"key":"Kunai"},{"floor":26,"key":"Smiling Mask"},{"floor":29,"key":"Ornamental Fan"},{"floor":38,"key":"Calipers"}],"event_choices":[{"damage_healed":10,"gold_gain":0,"player_choice":"Full Heal","damage_taken":0,"max_hp_gain":0,"max_hp_loss":0,"event_name":"Wheel of Change","floor":2,"gold_loss":0},{"damage_healed":0,"gold_gain":0,"player_choice":"Obtained Relic","damage_taken":0,"relics_obtained":["Omamori"],"max_hp_gain":0,"max_hp_loss":0,"event_name":"Addict","floor":31,"gold_loss":85},{"damage_healed":0,"gold_gain":999,"player_choice":"Gold","damage_taken":0,"max_hp_gain":0,"max_hp_loss":0,"event_name":"MindBloom","floor":36,"gold_loss":0,"cards_obtained":["Normality","Normality"]},{"damage_healed":0,"gold_gain":0,"player_choice":"Memory 1","damage_taken":0,"max_hp_gain":0,"max_hp_loss":0,"event_name":"SensoryStone","floor":37,"gold_loss":0},{"damage_healed":0,"gold_gain":0,"player_choice":"Fight","damage_taken":0,"max_hp_gain":0,"max_hp_loss":0,"event_name":"Mysterious Sphere","floor":38,"gold_loss":0}],"is_beta":false,"boss_relics":[{"not_picked":["SacredBark","Runic Dome"],"picked":"Sozu"},{"not_picked":["Astrolabe","Snecko Eye"],"picked":"Nuclear Battery"}],"items_purged_floors":[],"is_endless":false,"potions_floor_spawned":[4,8,11,12,13,20,21,33,38],"killed_by":"Giant Head","ascension_level":1}}