{"host":"xx5zt3jtdyh8iun7","time":1609245218,"event":{"mods":["AchievementEnabler","Act Like it!","BaseMod","Bestiary","Downfall","Minty Spire (QoL Compilation)","Replay The Spire","StSLib"],"gold_per_floor":[118,118,118,43,43,72,82,92,142,161,173,189,216,233,233,332,332,342,368,293,293,308,339,366,7,7,7,34,34,61,79,79,183,183,196,249,249,269,1,1,1,1,47,47,81,94,120,170,170,170,170,170,20,47,47],"floor_reached":56,"playtime":5752,"items_purged":["Defend_G","Poisoned Stab","Deflect","Hidden Blade"],"score":1608,"play_id":"894f526a-b51c-4888-ae50-0d706238c7fe","local_time":"20201229133338","is_ascension_mode":true,"campfire_choices":[{"data":"Blade Dance","floor":15,"key":"SMITH"},{"data":"Burst","floor":27,"key":"SMITH"},{"floor":32,"key":"RECALL"},{"floor":40,"key":"REST"},{"floor":42,"key":"REST"},{"data":"Concentrate","floor":44,"key":"SMITH"},{"data":"Acrobatics","floor":49,"key":"SMITH"},{"data":"Hidden Blade","floor":52,"key":"SMITH"}],"circlet_count":0,"master_deck":["Survivor","Neutralize+1","Dash","Sucker Punch","ReplayTheSpireMod:Tripwire","Dagger Spray","Acrobatics+1","Blade Dance+1","Burst+1","Unload","Heel Hook+1","Dagger Spray","ReplayTheSpireMod:Exploit Weakness","Storm of Steel","Hidden Blade+1","Fluid Movement","Choke","Choke","Dagger Throw+1","ReplayTheSpireMod:The Works","ReplayTheSpireMod:Scrap Shanks","Concentrate+1","Doppelganger","ReplayTheSpireMod:The Works+1","A Thousand Cuts","Backflip+1","Underhanded Strike","Blade Dance+1","ReplayTheSpireMod:The Works+1","Tactician+1","Acrobatics+1","Voices","Heel Hook+1"],"relics":["NeowsBlessing","Vajra","Sizzling Blood","Vampiric Spirits","Boot","Snack Pack","Pandora\u0027s Box","Red Mask","Matryoshka","Gremlin Food","Juzu Bracelet","Lantern","Replay:WaspNest","Blue Doll","InkBottle","SlaversCollar","Incense Burner","DollysMirror","Oddly Smooth Stone","ReplayTheSpireMod:Lightbulb","ReplayFunnel","Ring of Greed","MealTicket","ReplayTheSpireMod:Ring of Challenge","Replay:Wax Seal"],"acts_visited":["Exordium","TheCity","TheBeyond","TheEnding"],"potions_floor_usage":[16,19,28,33,33,33,33,36,36,50,55,55],"damage_taken":[{"damage":0,"enemies":"Small Slimes","floor":1,"turns":1},{"damage":0,"enemies":"Gremlin Nob","floor":6,"turns":1},{"damage":0,"enemies":"Jaw Worm","floor":7,"turns":1},{"damage":0,"enemies":"Cultist","floor":8,"turns":3},{"damage":0,"enemies":"Exordium Wildlife","floor":10,"turns":3},{"damage":0,"enemies":"Red Slaver","floor":11,"turns":3},{"damage":12,"enemies":"2 Fungi Beasts","floor":12,"turns":4},{"damage":22,"enemies":"3 Sentries","floor":13,"turns":6},{"damage":5,"enemies":"Blue Slaver","floor":14,"turns":3},{"damage":44,"enemies":"The Guardian","floor":16,"turns":14},{"damage":10,"enemies":"Spheric Guardian","floor":18,"turns":3},{"damage":0,"enemies":"Masked Bandits","floor":19,"turns":3},{"damage":6,"enemies":"Chosen","floor":22,"turns":3},{"damage":5,"enemies":"Replay:Snechameleon","floor":23,"turns":6},{"damage":32,"enemies":"Slavers","floor":28,"turns":4},{"damage":16,"enemies":"Book of Stabbing","floor":30,"turns":3},{"damage":5,"enemies":"Centurion and Healer","floor":31,"turns":2},{"damage":28,"enemies":"Pondfish","floor":33,"turns":6},{"damage":44,"enemies":"3 Shapes","floor":35,"turns":5},{"damage":22,"enemies":"2 Orb Walkers","floor":36,"turns":3},{"damage":16,"enemies":"Orb Walker","floor":38,"turns":4},{"damage":32,"enemies":"R_Hoarder","floor":45,"turns":6},{"damage":1,"enemies":"Transient","floor":46,"turns":5},{"damage":6,"enemies":"Giant Head","floor":47,"turns":3},{"damage":30,"enemies":"Donu and Deca","floor":50,"turns":4},{"damage":21,"enemies":"Shield and Spear","floor":54,"turns":2},{"damage":60,"enemies":"The Heart","floor":55,"turns":5}],"seed_played":"-1692129555596331822","potions_obtained":[{"floor":7,"key":"Doom Potion"},{"floor":11,"key":"sneckomod:MuddlingPotion"},{"floor":13,"key":"LiquidBronze"},{"floor":14,"key":"Adrenaline Potion"},{"floor":16,"key":"Toxic Potion"},{"floor":23,"key":"Reflective Coating"},{"floor":28,"key":"BlessingOfTheForge"},{"floor":30,"key":"EntropicBrew"},{"floor":31,"key":"Adrenaline Potion"},{"floor":35,"key":"LiquidBronze"},{"floor":45,"key":"Strength Potion"},{"floor":47,"key":"PowerPotion"}],"is_trial":false,"path_per_floor":["M","?","?","$","?","E","M","M","T","M","M","M","E","M","R","B",null,"M","?","?","?","M","E","T","$","T","R","E","?","E","M","R","B",null,"M","?","?","M","$","R","$","R","T","R","E","M","E","?","R","B",null,"R","$","E","B",null],"character_chosen":"THE_SILENT","items_purchased":["ReplayTheSpireMod:Scrap Shanks","Lantern","Concentrate","DollysMirror"],"campfire_rested":2,"item_purchase_floors":[25,25,25,39],"current_hp_per_floor":[70,67,67,67,71,74,74,74,74,74,74,66,52,58,58,40,74,70,74,74,67,74,74,74,74,74,74,50,50,59,74,74,70,74,36,40,40,33,33,55,55,74,74,74,57,74,74,74,74,62,74,74,74,67,39],"gold":47,"neow_bonus":"THREE_ENEMY_KILL","is_daily":false,"chose_seed":false,"campfire_upgraded":5,"win_rate":0.0,"timestamp":1609245218,"path_taken":["M","?","?","$","?","E","?","M","T","M","M","M","E","M","R","BOSS","M","?","?","?","?","E","?","?","T","R","E","?","E","M","R","BOSS","M","?","?","M","$","R","$","R","T","R","E","M","E","?","R","BOSS","R","$","E","BOSS"],"items_purchased_type":["Card","Relic","Card","Relic"],"build_version":"2020-12-22","purchased_purges":4,"victory":true,"max_hp_per_floor":[70,70,70,70,74,74,74,74,74,74,74,74,74,74,74,74,74,74,74,74,74,74,74,74,74,74,74,74,74,74,74,74,74,74,74,74,74,74,74,74,74,74,74,74,74,74,74,74,74,74,74,74,74,74,74],"card_choices":[{"not_picked":["Bane","Dagger Spray"],"picked":"Dash","floor":1},{"not_picked":["Outmaneuver","Dagger Spray"],"picked":"Hidden Blade","floor":6},{"not_picked":["Flechettes","Replay:Poison Smokescreen"],"picked":"Deflect","floor":7},{"not_picked":["Quick Slash","Reflex"],"picked":"Sucker Punch","floor":8},{"not_picked":["Accuracy","Sucker Punch"],"picked":"Poisoned Stab","floor":10},{"not_picked":["Quick Slash","Leg Sweep"],"picked":"ReplayTheSpireMod:Tripwire","floor":11},{"not_picked":["Blade Dance","Atom Bomb"],"picked":"Dagger Spray","floor":12},{"not_picked":["PiercingWail","Predator"],"picked":"Acrobatics","floor":13},{"not_picked":["Sucker Punch","Replay:Poison Smokescreen"],"picked":"Blade Dance","floor":14},{"not_picked":["Bullet Time","Grand Finale"],"picked":"Burst","floor":16},{"not_picked":["PiercingWail+1","Endless Agony"],"picked":"Choke","floor":18},{"not_picked":["Deadly Poison+1","Dagger Throw"],"picked":"Choke","floor":19},{"not_picked":["Sucker Punch","Choke+1"],"picked":"Dagger Throw+1","floor":22},{"not_picked":["Deadly Poison+1","Escape Plan"],"picked":"ReplayTheSpireMod:The Works","floor":23},{"not_picked":["Dodge and Roll","Slice+1"],"picked":"Flying Knee+1","floor":28},{"not_picked":["Deflect","ReplayTheSpireMod:Speed Training"],"picked":"Doppelganger","floor":30},{"not_picked":["Slice+1","Hidden Blade"],"picked":"ReplayTheSpireMod:The Works+1","floor":31},{"not_picked":["Night Terror","Burst"],"picked":"A Thousand Cuts","floor":33},{"not_picked":["Quick Slash","Blade Dance"],"picked":"Backflip+1","floor":35},{"not_picked":["Bane+1","Poison Darts"],"picked":"Underhanded Strike","floor":36},{"not_picked":["Poisoned Stab","Prepared"],"picked":"Blade Dance+1","floor":38},{"not_picked":["Die Die Die","Concentrate","Crippling Poison"],"picked":"SKIP","floor":45},{"not_picked":["Cloak And Dagger","Caltrops"],"picked":"Tactician+1","floor":46},{"not_picked":["ReplayTheSpireMod:Tripwire","Blade Dance"],"picked":"Acrobatics+1","floor":47},{"not_picked":["Fluid Movement+1","Catalyst"],"picked":"Heel Hook+1","floor":54}],"player_experience":763449,"relics_obtained":[{"floor":6,"key":"Vampiric Spirits"},{"floor":9,"key":"Boot"},{"floor":13,"key":"Snack Pack"},{"floor":19,"key":"Red Mask"},{"floor":23,"key":"Matryoshka"},{"floor":24,"key":"Gremlin Food"},{"floor":24,"key":"Juzu Bracelet"},{"floor":26,"key":"Replay:WaspNest"},{"floor":28,"key":"Blue Doll"},{"floor":30,"key":"InkBottle"},{"floor":36,"key":"Incense Burner"},{"floor":43,"key":"Oddly Smooth Stone"},{"floor":45,"key":"ReplayTheSpireMod:Lightbulb"},{"floor":47,"key":"ReplayFunnel"},{"floor":48,"key":"Ring of Greed"},{"floor":48,"key":"MealTicket"},{"floor":48,"key":"ReplayTheSpireMod:Ring of Challenge"},{"floor":54,"key":"Replay:Wax Seal"}],"event_choices":[{"damage_healed":0,"gold_gain":0,"player_choice":"Success","damage_taken":3,"relics_obtained":["Vajra"],"max_hp_gain":0,"max_hp_loss":0,"event_name":"Scrap Ooze","floor":2,"gold_loss":0},{"damage_healed":0,"gold_gain":0,"player_choice":"Fought Bandits","damage_taken":0,"max_hp_gain":0,"max_hp_loss":0,"event_name":"Masked Bandits","floor":19,"gold_loss":0},{"cards_removed":["Bane"],"damage_healed":0,"gold_gain":0,"player_choice":"Gave Gold","damage_taken":0,"max_hp_gain":0,"max_hp_loss":0,"event_name":"Beggar","floor":20,"gold_loss":75},{"damage_healed":0,"gold_gain":0,"player_choice":"Damaged","damage_taken":7,"max_hp_gain":0,"max_hp_loss":0,"event_name":"Wheel of Change","floor":21,"gold_loss":0},{"damage_healed":0,"gold_gain":0,"player_choice":"Fight","damage_taken":0,"max_hp_gain":0,"max_hp_loss":0,"event_name":"Mysterious Sphere","floor":36,"gold_loss":0},{"cards_removed":["Flying Knee"],"damage_healed":0,"gold_gain":0,"player_choice":"Removed Attack","damage_taken":0,"max_hp_gain":0,"max_hp_loss":0,"event_name":"Falling","floor":37,"gold_loss":0}],"is_beta":false,"boss_relics":[{"not_picked":["Busted Crown","WristBlade"],"picked":"Pandora\u0027s Box"},{"not_picked":["Snecko Eye","Philosopher\u0027s Stone"],"picked":"SlaversCollar"}],"items_purged_floors":[4,25,39,53],"is_endless":false,"potions_floor_spawned":[7,11,13,14,16,23,28,30,31,35,45,47],"ascension_level":1}}