{"host":"bk3gpzeffbx7m7po","time":1609260700,"event":{"mods":["A Magickal Journey","AchievementEnabler","Act Like it!","Aspiration","Astrologer","Bartender","BaseMod","Better Third Choice","Better Vampires","CapriCore","Conspire","Downfall","Duelist Mod","Elementarium","Energized Spire","Friendly Minions","Gensokyo","GungeonMod","Hermit","Hero for Fun","Highlight Path","Hubris","Infinite Spire","Jorbs\u0027s Wanderer Trilogy","Koishi","LagranYue(???·?)","Mad Scientist","Magitek Elite","Marisa????????","Melee Mod","Minty Spire (QoL Compilation)","Potionbrewer","Prisma Mod","Quick Restart","Random Character Button","Remilia??????","Replay The Spire","Shade Mod","Spicy Shops","StSLib","Synergy Search","The Administrix","The Animator","The Clintock","The Construct","The Cursed","The Disciple","The Exalted","The Hierophant","The Immortal","The Judge","The Mystic","The Necromancer","The Poker Player","The Runesmith","The Senshi","The Servant 0.9.4","The Spell Scribe","The Valiant","The Wild Card","TheArtist","TheFirefly"],"gold_per_floor":[110,125,125,125,7,7,40,114,114,114,127,139,158,158,158,158,158],"floor_reached":16,"playtime":1183,"items_purged":[],"score":125,"play_id":"ff005e45-b322-4cde-b79e-2a5402e08ed7","local_time":"20201229165140","is_ascension_mode":false,"campfire_choices":[{"data":"BestPractice","floor":6,"key":"SMITH"},{"floor":10,"key":"RECALL"},{"floor":15,"key":"REST"}],"circlet_count":0,"master_deck":["Strike_S","Strike_S","Strike_S","Strike_S","Defend_S","Defend_S","Defend_S","Defend_S","KidneyShot+1","Exchange","Read","ReturningBlade","Rewind+1","BestPractice+1","Snipe","Comet","Advance","Duplication","SilverBlades","hubris:NaturalOne"],"relics":["Uniform","LagranYue:RandomDrawCardRelic","NeowsBlessing","Ice Cream","Tiny Chest","Bottled Flame","hubris:Icosahedron"],"acts_visited":["Exordium"],"potions_floor_usage":[16,16],"damage_taken":[{"damage":0,"enemies":"Jaw Worm","floor":1,"turns":1},{"damage":5,"enemies":"2 Louse","floor":2,"turns":2},{"damage":0,"enemies":"3 Sentries","floor":7,"turns":2},{"damage":0,"enemies":"Small Slimes","floor":11,"turns":3},{"damage":10,"enemies":"2 Fungi Beasts","floor":12,"turns":4},{"damage":19,"enemies":"Large Slime","floor":13,"turns":6},{"damage":50,"enemies":"The Guardian","floor":16,"turns":6}],"seed_played":"-6151308460565000041","potions_obtained":[{"floor":7,"key":"Dexterity Potion"},{"floor":8,"key":"Energy Potion"},{"floor":8,"key":"potionbrewer:NoxiousPotion"},{"floor":13,"key":"Guardian:BlockOnCardUsePotion"}],"is_trial":false,"path_per_floor":["M","M","?","T","$","R","E","?","T","R","M","M","M","?","R","B"],"character_chosen":"THE_SERVANT","items_purchased":["Rewind+1","BestPractice"],"campfire_rested":1,"item_purchase_floors":[5,5],"current_hp_per_floor":[65,60,60,60,60,60,60,60,60,60,60,50,31,31,50,0,0],"gold":158,"neow_bonus":"THREE_ENEMY_KILL","is_daily":false,"chose_seed":false,"campfire_upgraded":1,"win_rate":0.0,"timestamp":1609260700,"path_taken":["M","M","?","?","?","R","E","?","T","R","M","M","M","?","R","BOSS"],"items_purchased_type":["Card","Card"],"build_version":"2020-12-22","purchased_purges":0,"victory":false,"max_hp_per_floor":[65,65,65,65,65,65,65,65,65,65,65,65,65,65,65,65,65],"card_choices":[{"not_picked":["FastForward","BottledTime"],"picked":"Read","floor":1},{"not_picked":["Rearm","Unruled"],"picked":"ReturningBlade","floor":2},{"not_picked":["Reset","Spin"],"picked":"Snipe","floor":7},{"not_picked":["Replace","FastForward"],"picked":"Comet","floor":8},{"not_picked":["GearUp","Revamp"],"picked":"Advance","floor":11},{"not_picked":["Defy","Replace"],"picked":"Duplication","floor":12},{"not_picked":["Replace","Potential"],"picked":"SilverBlades","floor":13}],"player_experience":296219,"relics_obtained":[{"floor":4,"key":"Ice Cream"},{"floor":7,"key":"Tiny Chest"},{"floor":9,"key":"Bottled Flame"}],"event_choices":[],"is_beta":false,"boss_relics":[],"items_purged_floors":[],"is_endless":false,"potions_floor_spawned":[7,13],"killed_by":"The Guardian","ascension_level":0}}