{"host":"t75twhtg6c476ygg","time":1609254819,"event":{"mods":["AchievementEnabler","BaseMod","Colored Powertips","Minty Spire (QoL Compilation)","Quick Restart","Relic Stats","StSLib","SuperFastMode"],"gold_per_floor":[114,114,189,204,219,219,249,264,264,264,37,52,52,67,67,167,167,182,232,14,29,4,4,34,34,59,89,89,104,119,134,134],"floor_reached":31,"playtime":1323,"items_purged":[],"score":302,"play_id":"41ed36f3-3888-4846-9009-d57bddabde36","local_time":"20201229151339","daily_mods":["Allstar","Red Cards","Night Terrors"],"is_ascension_mode":false,"campfire_choices":[{"data":"Anger","floor":6.0,"key":"SMITH"},{"data":"WreathOfFlame","floor":10.0,"key":"SMITH"},{"data":"Barricade","floor":15.0,"key":"SMITH"},{"data":"Inflame","floor":23.0,"key":"SMITH"},{"data":"Heavy Blade","floor":25.0,"key":"SMITH"}],"circlet_count":0,"master_deck":["Strike_P","Strike_P","Strike_P","Defend_P","Defend_P","Defend_P","Defend_P","Eruption","Vigilance","Thinking Ahead","Trip","Anger+1","WaveOfTheHand","Headbutt","WreathOfFlame+1","FearNoEvil","Inflame+1","Flex","Berserk+1","Limit Break+1","Master of Strategy+1","Blind+1","Battle Trance+1","Dropkick","EmptyFist+1","Heavy Blade+1","ClearTheMind","WreathOfFlame"],"relics":["PureWater","Pocketwatch","Dream Catcher","OrangePellets","SsserpentHead","Astrolabe","Happy Flower","Bag of Marbles","TeardropLocket","Damaru","Omamori"],"acts_visited":["Exordium","TheCity"],"potions_floor_usage":[31],"damage_taken":[{"damage":6.0,"enemies":"Jaw Worm","floor":1.0,"turns":3.0},{"damage":0.0,"enemies":"2 Louse","floor":4.0,"turns":2.0},{"damage":0.0,"enemies":"Cultist","floor":5.0,"turns":3.0},{"damage":10.0,"enemies":"Lagavulin","floor":7.0,"turns":4.0},{"damage":14.0,"enemies":"Large Slime","floor":8.0,"turns":4.0},{"damage":7.0,"enemies":"Exordium Thugs","floor":12.0,"turns":3.0},{"damage":44.0,"enemies":"Lots of Slimes","floor":14.0,"turns":5.0},{"damage":2.0,"enemies":"Slime Boss","floor":16.0,"turns":7.0},{"damage":13.0,"enemies":"Shell Parasite","floor":18.0,"turns":6.0},{"damage":15.0,"enemies":"2 Thieves","floor":21.0,"turns":2.0},{"damage":22.0,"enemies":"Gremlin Leader","floor":24.0,"turns":3.0},{"damage":30,"enemies":"Slavers","floor":27,"turns":4},{"damage":25,"enemies":"Centurion and Healer","floor":29,"turns":4},{"damage":16,"enemies":"Shelled Parasite and Fungi","floor":30,"turns":3},{"damage":16,"enemies":"Snake Plant","floor":31,"turns":2}],"seed_played":"6838610760785432018","potions_obtained":[{"floor":1.0,"key":"ColorlessPotion"},{"floor":5.0,"key":"FairyPotion"},{"floor":14.0,"key":"Ancient Potion"},{"floor":16.0,"key":"FearPotion"},{"floor":29,"key":"Fire Potion"}],"is_trial":false,"path_per_floor":["M","?","?","M","M","R","E","M","T","R","$","M","?","M","R","B",null,"M","?","$","M","?","R","E","R","T","E","$","M","M","M"],"character_chosen":"WATCHER","items_purchased":["Inflame","OrangePellets","Bag of Marbles","Dropkick"],"campfire_rested":0,"item_purchase_floors":[11,11,20,20],"current_hp_per_floor":[66,59,48,48,48,48,38,24,24,24,24,17,17,67,67,65,72,59,59,59,44,44,44,22,22,22,42,42,66,50,34,34],"gold":134,"neow_bonus":"","is_daily":true,"chose_seed":false,"campfire_upgraded":5,"win_rate":0.0,"timestamp":1609254819,"path_taken":["M","?","?","M","M","R","E","M","T","R","$","M","?","M","R","BOSS","M","?","$","M","?","R","E","R","T","E","$","M","M","M"],"items_purchased_type":["Card","Relic","Relic","Card"],"build_version":"2020-12-22","purchased_purges":0,"victory":false,"max_hp_per_floor":[72,72,72,72,72,72,72,72,72,72,72,72,72,72,72,72,72,72,72,72,72,72,72,72,72,72,72,72,72,72,72,72],"relic_stats":{"OrangePellets":[7],"SsserpentHead":100,"Dream Catcher":0,"Happy Flower":[6],"counters":[15,55],"Astrolabe":["Master of Strategy","Blind","Battle Trance"],"obtain_stats":[{"OrangePellets":11,"SsserpentHead":13,"Dream Catcher":9,"Happy Flower":19,"Astrolabe":17,"Damaru":26,"CultistMask":13,"Bag of Marbles":20,"Omamori":27,"TeardropLocket":24,"PureWater":0,"Pocketwatch":7},{"OrangePellets":5,"SsserpentHead":6,"Dream Catcher":5,"Happy Flower":9,"Astrolabe":8,"Damaru":11,"CultistMask":6,"Bag of Marbles":9,"Omamori":12,"TeardropLocket":11,"PureWater":0,"Pocketwatch":4},{"OrangePellets":16,"SsserpentHead":19,"Dream Catcher":16,"Happy Flower":37,"Astrolabe":31,"Damaru":42,"CultistMask":19,"Bag of Marbles":37,"Omamori":46,"TeardropLocket":42,"PureWater":0,"Pocketwatch":12}],"Pocketwatch":[12]},"card_choices":[{"not_picked":["FollowUp","SashWhip"],"picked":"Anger","floor":1.0},{"not_picked":["Havoc","CutThroughFate"],"picked":"WaveOfTheHand","floor":4.0},{"not_picked":["Rupture","Anger"],"picked":"Headbutt","floor":5.0},{"not_picked":["Nirvana","SashWhip"],"picked":"WreathOfFlame","floor":7.0},{"not_picked":["Wild Strike","Armaments"],"picked":"FearNoEvil","floor":8.0},{"not_picked":["ClearTheMind","EmptyBody"],"picked":"Flex","floor":12.0},{"not_picked":["Rupture","Halt"],"picked":"Barricade","floor":14.0},{"not_picked":["Berserk","Brutality"],"picked":"Limit Break","floor":16.0},{"not_picked":["WindmillStrike","EmptyFist+1","PathToVictory"],"picked":"SKIP","floor":18.0},{"not_picked":["SignatureMove","Iron Wave+1"],"picked":"EmptyFist+1","floor":21.0},{"not_picked":["Iron Wave","MasterReality"],"picked":"Heavy Blade","floor":24.0},{"not_picked":["Pray","Dark Embrace","Armaments"],"picked":"SKIP","floor":27},{"not_picked":["Blood for Blood+1","ThirdEye"],"picked":"ClearTheMind","floor":29},{"not_picked":["Clash","Anger"],"picked":"WreathOfFlame","floor":30}],"player_experience":202684,"relics_obtained":[{"floor":7.0,"key":"Pocketwatch"},{"floor":9.0,"key":"Dream Catcher"},{"floor":24.0,"key":"TeardropLocket"},{"floor":26.0,"key":"Damaru"},{"floor":27,"key":"Omamori"}],"event_choices":[{"cards_removed":["Mind Blast"],"damage_healed":0.0,"max_hp_gain":0.0,"max_hp_loss":0.0,"gold_gain":0.0,"event_name":"Golden Wing","player_choice":"Card Removal","floor":2.0,"gold_loss":0.0,"damage_taken":7.0},{"damage_healed":0.0,"max_hp_gain":0.0,"max_hp_loss":0.0,"gold_gain":75.0,"event_name":"World of Goop","player_choice":"Gather Gold","floor":3.0,"gold_loss":0.0,"damage_taken":11.0},{"damage_healed":0.0,"max_hp_gain":0.0,"max_hp_loss":0.0,"gold_gain":0.0,"event_name":"FaceTrader","player_choice":"Trade","floor":13.0,"gold_loss":0.0,"damage_taken":0.0,"relics_obtained":["CultistMask"]},{"damage_healed":0.0,"max_hp_gain":0.0,"max_hp_loss":0.0,"gold_gain":0.0,"event_name":"The Mausoleum","player_choice":"Opened","floor":19.0,"gold_loss":0.0,"damage_taken":0.0,"relics_obtained":["Happy Flower"]},{"cards_removed":["Barricade"],"damage_healed":0.0,"max_hp_gain":0.0,"max_hp_loss":0.0,"gold_gain":0.0,"event_name":"Beggar","player_choice":"Gave Gold","floor":22.0,"gold_loss":75.0,"damage_taken":0.0}],"is_beta":false,"boss_relics":[{"not_picked":["SlaversCollar","Empty Cage"],"picked":"Astrolabe"}],"items_purged_floors":[],"is_endless":false,"potions_floor_spawned":[1,5,14,16,18,29,30],"killed_by":"Snake Plant","ascension_level":0}}