{"host":"2b0fqapnd02ydmuo","time":1609259307,"event":{"mods":["AchievementEnabler","Aspiration","BaseMod","Better Altar","Better Match","Better Note","Better Sensory Stone","Better Skull","Better Third Choice","BetterRewards","CCEM","Clawfect","Colored Map","Conspire","GifTheSpireLib","Googly Eyes","Halation","Highlight Path","Hubris","Infinite Spire","Jedi Mod","Jorbs\u0027s Wanderer Trilogy","Marisa????????","Mimic Mod","Minty Spire (QoL Compilation)","Permanent Neow","Replay The Spire","Shade Mod","Shop Mod","Spicy Shops","StSLib","Stuff the Spire","The Blackbeard","The Bug Knight","The Elementalist","The Jungle","Unceasing Turn Reminder","everything is the same but u backflip on backflip","slay the spire mod where everything is the same but ironclad has a cowboy hat"],"gold_per_floor":[111,126,56,66,66,66,84,84,114,144,183,183,235,54,54,199,199,257,309,409,459,511,511,561,561,612,672,672,672,672,698,698,843,843,894,794,794,794,794,868,868,194,244,244,244,244,275,275,318,340,340,370],"floor_reached":53,"playtime":2153,"items_purged":["blackbeard:BuriedTreasure"],"score":762,"play_id":"e801ef5d-ac65-4f85-86c7-066a9bf4242d","local_time":"20201229172827","is_ascension_mode":false,"campfire_choices":[{"data":"blackbeard:Fencing","floor":6,"key":"SMITH"},{"floor":12,"key":"REST"},{"data":"blackbeard:WeaponProficiency","floor":15,"key":"SMITH"},{"floor":23,"key":"REST"},{"floor":25,"key":"REST"},{"data":"blackbeard:WeaponProficiency","floor":28,"key":"SMITH"},{"floor":32,"key":"REST"},{"data":"blackbeard:WeaponMastery","floor":41,"key":"SMITH"},{"data":"hubris:DuctTapeCard","floor":46,"key":"SMITH"},{"data":"blackbeard:BoostMorale","floor":48,"key":"SMITH"},{"data":"blackbeard:CaptainsHat","floor":51,"key":"SMITH"}],"circlet_count":0,"master_deck":["blackbeard:BlackbeardStrike","blackbeard:BlackbeardStrike","blackbeard:BlackbeardStrike","blackbeard:BlackbeardStrike","blackbeard:IntimidatingStrike","blackbeard:BlackbeardDefend","blackbeard:BlackbeardDefend","blackbeard:BlackbeardDefend","blackbeard:BlackbeardDefend","blackbeard:Cutlass","blackbeard:GoldenStrike","hubris:DuctTapeCard+2","blackbeard:PowderKeg","blackbeard:WeaponProficiency+1","blackbeard:WeaponProficiency+1","blackbeard:Salvager+1","blackbeard:SmithingHammer","blackbeard:RearmingStrike+1","blackbeard:Sword+1","blackbeard:WeaponMastery+1","blackbeard:CaptainsHat+1","blackbeard:Fencing+1","blackbeard:BoostMorale+1","blackbeard:GoldenCannonball+1"],"relics":["blackbeard:LoadTheCannons","aspiration:Nostalgia","Ring of the Snake","hubris:Towel","Nunchaku","hubris:OldNail","hubris:DuctTape","aspiration:HatOfInfinitePower","aspiration:SecretTechniqueScroll","Oddly Smooth Stone","Membership Card","Smiling Mask","aspiration:RitualDagger","elementalistmod:RedRibbon","jedi:Pinwheel","blackbeard:CrossedSwords","CCEMRelics:Pendulum","hubris:Metronome","infinitespire:Broken Mirror","Strange Spoon","aspiration:ChemicalBlood","Torii","Thread and Needle"],"acts_visited":["Exordium","Exordium","TheBeyond"],"potions_floor_usage":[10,13,21,52],"damage_taken":[{"damage":5,"enemies":"Small Slimes","floor":1,"turns":3},{"damage":0,"enemies":"2 Louse","floor":2,"turns":2},{"damage":12,"enemies":"infinitespire:Voidling","floor":4,"turns":3},{"damage":6,"enemies":"conspire:2 RoseBushes","floor":7,"turns":5},{"damage":3,"enemies":"Looter","floor":9,"turns":8},{"damage":0,"enemies":"Gremlin Nob","floor":10,"turns":2},{"damage":7,"enemies":"Looter","floor":11,"turns":4},{"damage":2,"enemies":"Red Slaver","floor":13,"turns":3},{"damage":69,"enemies":"Fading Forest","floor":16,"turns":11},{"damage":13,"enemies":"theJungle:MUSHROOMGANG","floor":18,"turns":4},{"damage":15,"enemies":"theJungle:GiantWrat","floor":19,"turns":4},{"damage":31,"enemies":"theJungle:Lyon","floor":21,"turns":6},{"damage":10,"enemies":"theJungle:SlimyTreeVines","floor":22,"turns":5},{"damage":12,"enemies":"Snake Plant","floor":24,"turns":4},{"damage":22,"enemies":"theJungle:2_Flameangoes","floor":27,"turns":4},{"damage":9,"enemies":"theJungle:QueenSpyder","floor":33,"turns":8},{"damage":35,"enemies":"Orb Walker","floor":35,"turns":4},{"damage":45,"enemies":"Reptomancer","floor":40,"turns":5},{"damage":9,"enemies":"3 Darklings","floor":43,"turns":3},{"damage":21,"enemies":"3 Darklings","floor":47,"turns":3},{"damage":16,"enemies":"4 Shapes","floor":49,"turns":2},{"damage":16,"enemies":"Sphere and 2 Shapes","floor":50,"turns":3},{"damage":37,"enemies":"hubris:GrandSnecko","floor":52,"turns":5}],"seed_played":"1688215165140938792","potions_obtained":[{"floor":1,"key":"Venom Potion"},{"floor":7,"key":"AttackPotion"},{"floor":8,"key":"PowerPotion"},{"floor":8,"key":"Milkshake"},{"floor":11,"key":"Fire Potion"},{"floor":16,"key":"Dexterity Potion"},{"floor":22,"key":"FearPotion"}],"is_trial":false,"path_per_floor":["M","M","$","M","?","R","M","?","MIM","E","M","R","M","$","R","B",null,"M","M","?","M","M","R","M","R","T","M","R","AVR","?","T","R","B",null,"M","NS","?","?","?","E","R","$","MIM","PTL","PTL","R","M","R","M","M","R","B",null],"character_chosen":"BLACKBEARD_CLASS","items_purchased":["blackbeard:GoldenStrike","blackbeard:WeaponProficiency","aspiration:HatOfInfinitePower","blackbeard:CrossedSwords","CCEMRelics:Pendulum","blackbeard:BoostMorale","hubris:Metronome","infinitespire:Broken Mirror","Strange Spoon","aspiration:ChemicalBlood"],"campfire_rested":4,"item_purchase_floors":[3,14,14,42,42,42,42,42,42,42],"current_hp_per_floor":[70,70,70,62,62,62,56,56,53,53,46,68,66,66,66,7,75,62,47,47,16,12,34,22,44,44,22,22,22,22,22,44,35,75,40,40,40,40,40,75,75,75,75,75,75,75,66,66,65,66,66,75],"gold":370,"neow_bonus":"NOSTALGIA","is_daily":false,"chose_seed":false,"campfire_upgraded":7,"win_rate":0.0,"timestamp":1609259307,"path_taken":["M","M","$","M","?","R","M","?","MIM","E","M","R","M","?","R","BOSS","M","M","?","M","?","R","?","R","T","M","R","AVR","?","?","R","BOSS","M","NS","?","?","?","E","R","$","MIM","PTL","PTL","R","M","R","M","?","R","BOSS"],"items_purchased_type":["Card","Card","Relic","Relic","Relic","Card","Relic","Relic","Relic","Relic"],"build_version":"2020-12-22","purchased_purges":1,"victory":true,"max_hp_per_floor":[75,75,75,75,75,75,75,75,75,75,75,75,75,75,75,75,75,75,75,75,75,75,75,75,75,75,75,75,75,75,75,75,75,75,75,75,75,75,75,75,75,75,75,75,75,75,75,75,75,75,75,75],"card_choices":[{"not_picked":["blackbeard:Toast","blackbeard:RearmingStrike"],"picked":"blackbeard:Fencing","floor":1},{"not_picked":["blackbeard:Boarding","blackbeard:FieryDefense","blackbeard:DelayedPain"],"picked":"SKIP","floor":2},{"not_picked":["blackbeard:TacticalRetreat","blackbeard:Provisioning"],"picked":"blackbeard:SwordDance","floor":4},{"not_picked":["blackbeard:ChaoticDefense","blackbeard:Revenge"],"picked":"blackbeard:Rum","floor":7},{"not_picked":["blackbeard:CaptainsCabin","blackbeard:CannonballSupply"],"picked":"blackbeard:Bandana","floor":10},{"not_picked":["blackbeard:DoubleCannonball","blackbeard:FieryDefense"],"picked":"blackbeard:BuriedTreasure","floor":11},{"not_picked":["blackbeard:WiseDefense","blackbeard:CloakAndCannonball"],"picked":"blackbeard:PowderKeg","floor":13},{"not_picked":["blackbeard:PowerHungry","blackbeard:FinalBarrage"],"picked":"blackbeard:Salvager","floor":16},{"not_picked":["blackbeard:CloakAndCannonball","blackbeard:Bandana","blackbeard:SwordDance"],"picked":"SKIP","floor":18},{"not_picked":["blackbeard:TacticalRetreat","blackbeard:Shrapnel+1"],"picked":"blackbeard:SmithingHammer","floor":19},{"not_picked":["blackbeard:SwordDance","blackbeard:DoubleBottom"],"picked":"blackbeard:RearmingStrike+1","floor":21},{"not_picked":["blackbeard:Fencing","blackbeard:SwordDance"],"picked":"blackbeard:Sword+1","floor":22},{"not_picked":["blackbeard:VengefulSpirit","blackbeard:RearmingStrike"],"picked":"blackbeard:SmithingHammer+1","floor":24},{"not_picked":["blackbeard:Provisioning","blackbeard:Fencing"],"picked":"blackbeard:WeaponMastery","floor":27},{"not_picked":["blackbeard:PowerHungry","blackbeard:Parrot"],"picked":"blackbeard:CaptainsHat","floor":33},{"not_picked":["blackbeard:Fencing","blackbeard:Shrapnel","blackbeard:TerrorOfTheSeas"],"picked":"SKIP","floor":35},{"not_picked":["blackbeard:CaptainsHat","blackbeard:CloakAndCannonball"],"picked":"blackbeard:Fencing+1","floor":40},{"not_picked":["blackbeard:Sharpening","blackbeard:FieryDefense","blackbeard:Fencing"],"picked":"SKIP","floor":47},{"not_picked":["blackbeard:CannonBarrage+1","blackbeard:Scrap"],"picked":"blackbeard:GoldenCannonball+1","floor":49},{"not_picked":["blackbeard:Upgrade","blackbeard:Dagger","blackbeard:InfiniteBarrage+1"],"picked":"SKIP","floor":50}],"player_experience":79593,"relics_obtained":[{"floor":9,"key":"Nunchaku"},{"floor":9,"key":"hubris:OldNail"},{"floor":10,"key":"hubris:DuctTape"},{"floor":26,"key":"Oddly Smooth Stone"},{"floor":31,"key":"Smiling Mask"},{"floor":40,"key":"jedi:Pinwheel"},{"floor":43,"key":"Torii"},{"floor":43,"key":"Thread and Needle"}],"event_choices":[{"damage_healed":0,"gold_gain":0,"player_choice":"Got Potions","damage_taken":0,"max_hp_gain":0,"max_hp_loss":0,"event_name":"Lab","floor":8,"gold_loss":0},{"damage_healed":0,"gold_gain":100,"player_choice":"Pray","damage_taken":0,"max_hp_gain":0,"max_hp_loss":0,"event_name":"Golden Shrine","floor":20,"gold_loss":0},{"cards_removed":["blackbeard:SwordDance"],"damage_healed":0,"gold_gain":0,"player_choice":"Purged","damage_taken":0,"max_hp_gain":0,"max_hp_loss":0,"event_name":"Purifier","floor":30,"gold_loss":0},{"damage_healed":0,"gold_gain":3,"player_choice":"1","damage_taken":0,"max_hp_gain":0,"max_hp_loss":0,"event_name":"betterStone:BetterStone","floor":37,"gold_loss":0},{"damage_healed":0,"gold_gain":0,"player_choice":"Upgraded","damage_taken":0,"max_hp_gain":0,"max_hp_loss":0,"event_name":"Upgrade Shrine","floor":39,"gold_loss":0,"cards_upgraded":["blackbeard:Salvager"]}],"is_beta":false,"boss_relics":[{"not_picked":["halation:LoveArrow","Abe\u0027s Treasure"],"picked":"aspiration:SecretTechniqueScroll"},{"not_picked":["Replay:Ancient Bell","StuffTheSpire:RunicConfusion"],"picked":"aspiration:RitualDagger"}],"items_purged_floors":[42],"is_endless":false,"potions_floor_spawned":[1,7,11,16,18,22,24,27,35,47,49,50],"ascension_level":0}}