{"host":"xgnmnr8f8w1a0eo3","time":1609271781,"event":{"mods":["BaseMod","Downfall","Highlight Path","Minty Spire (QoL Compilation)","Permanent Neow","Relic Stats","StSLib","everything is the same but u backflip on backflip"],"gold_per_floor":[99,110,121,133,153,178,178,178,198,233,408,94,113,113,133,133,133,133],"floor_reached":16,"playtime":924,"items_purged":["Doubt"],"score":143,"play_id":"db1c3094-028c-44fd-baec-c064ea4bdffe","local_time":"20201229145621","is_ascension_mode":true,"campfire_choices":[{"data":"Guardian:TwinSlam","floor":1,"key":"SMITH"}],"circlet_count":0,"master_deck":["Guardian:Strike_Guardian","Guardian:Strike_Guardian","Guardian:Strike_Guardian","Guardian:Strike_Guardian","Guardian:Defend_Guardian","Guardian:Defend_Guardian","Guardian:Defend_Guardian","Guardian:Defend_Guardian","Guardian:CurlUp","Guardian:TwinSlam+1","Guardian:DecasProtection","Guardian:Gem_Blue","Guardian:SpikerProtocol+1","Guardian:RollAttack","Guardian:Harden","Guardian:Planning","Guardian:StasisEngine","Guardian:SpikerProtocol","Guardian:PiercingHide"],"relics":["Guardian:ModeShifter","Kunai","Blue Candle","Gremlin Horn","Toy Ornithopter"],"acts_visited":["Exordium"],"potions_floor_usage":[6,9,10],"damage_taken":[{"damage":12,"enemies":"Jaw Worm","floor":2,"turns":4},{"damage":0,"enemies":"Small Slimes","floor":3,"turns":4},{"damage":8,"enemies":"2 Louse","floor":4,"turns":4},{"damage":7,"enemies":"2 Fungi Beasts","floor":5,"turns":4},{"damage":12,"enemies":"Lagavulin","floor":6,"turns":8},{"damage":2,"enemies":"Large Slime","floor":9,"turns":5},{"damage":13,"enemies":"3 Sentries","floor":10,"turns":4},{"damage":0,"enemies":"downfall:FleeingMerchant","floor":12,"turns":4},{"damage":11,"enemies":"Exordium Wildlife","floor":13,"turns":6},{"damage":21,"enemies":"Gremlin Gang","floor":15,"turns":5},{"damage":47,"enemies":"downfall:Ironclad","floor":16,"turns":9}],"seed_played":"2092491739799212398","potions_obtained":[{"floor":0,"key":"SmokeBomb"},{"floor":0,"key":"SneckoOil"},{"floor":0,"key":"DistilledChaos"},{"floor":4,"key":"Ancient Potion"},{"floor":6,"key":"AttackPotion"},{"floor":9,"key":"BlessingOfTheForge"}],"is_trial":false,"path_per_floor":["R","M","M","M","M","E","T","?","M","E","?","$","M","?","M","B"],"character_chosen":"GUARDIAN","items_purchased":["Guardian:SpikerProtocol","Toy Ornithopter"],"campfire_rested":0,"item_purchase_floors":[12,12],"current_hp_per_floor":[80,68,68,60,53,41,41,41,39,26,26,26,15,41,20,0,0,0],"gold":133,"neow_bonus":"THREE_SMALL_POTIONS","is_daily":false,"chose_seed":false,"campfire_upgraded":1,"win_rate":0.0,"timestamp":1609271781,"path_taken":["R","M","M","M","M","E","T","?","M","E","?","$","M","?","M","BOSS"],"items_purchased_type":["Card","Relic"],"build_version":"2020-12-22","purchased_purges":1,"victory":false,"max_hp_per_floor":[80,80,80,80,80,80,80,80,80,80,80,80,80,80,80,80,80,80],"relic_stats":{"Gremlin Horn":[4,4],"counters":[11,57],"Blue Candle":[0],"Kunai":[3],"obtain_stats":[{"Gremlin Horn":10,"Blue Candle":7,"Guardian:ModeShifter":0,"Kunai":6,"Toy Ornithopter":12},{"Gremlin Horn":7,"Blue Candle":5,"Guardian:ModeShifter":0,"Kunai":5,"Toy Ornithopter":8},{"Gremlin Horn":33,"Blue Candle":24,"Guardian:ModeShifter":0,"Kunai":24,"Toy Ornithopter":37}],"Toy Ornithopter":0},"card_choices":[{"not_picked":["Guardian:CrystalBeam","Guardian:FuturePlans"],"picked":"Guardian:DecasProtection","floor":2},{"not_picked":["Guardian:Gem_Green","Guardian:VentSteam"],"picked":"Guardian:Gem_Blue","floor":3},{"not_picked":["Guardian:Gem_Fragmented","Guardian:DecasProtection"],"picked":"Guardian:SpikerProtocol","floor":4},{"not_picked":["Guardian:BronzeOrb","Guardian:Gem_Red"],"picked":"Guardian:RollAttack","floor":5},{"not_picked":["Guardian:WalkerClaw","Guardian:TemporalShield"],"picked":"Guardian:Harden","floor":6},{"not_picked":["Guardian:WalkerClaw","Guardian:ChargeCore","Guardian:Incinerate"],"picked":"SKIP","floor":9},{"not_picked":["Guardian:DonusPower","Guardian:TimeCapacitor"],"picked":"Guardian:Planning","floor":10},{"not_picked":["Guardian:TimeBomb","Guardian:Gem_Cyan"],"picked":"Guardian:StasisEngine","floor":12},{"not_picked":["Guardian:Gem_Cyan","Guardian:RollAttack"],"picked":"Guardian:PiercingHide","floor":13},{"not_picked":["Guardian:Gem_Fragmented","Guardian:Gem_Green","Guardian:Incinerate"],"picked":"SKIP","floor":15}],"player_experience":1175240,"relics_obtained":[{"floor":6,"key":"Kunai"},{"floor":7,"key":"Blue Candle"},{"floor":10,"key":"Gremlin Horn"}],"event_choices":[{"damage_healed":0,"gold_gain":0,"player_choice":"Grow","damage_taken":0,"max_hp_gain":0,"max_hp_loss":0,"event_name":"Living Wall","floor":8,"gold_loss":0,"cards_upgraded":["Guardian:SpikerProtocol"]},{"damage_healed":26,"gold_gain":0,"player_choice":"Banana","damage_taken":0,"max_hp_gain":0,"max_hp_loss":0,"event_name":"Big Fish","floor":14,"gold_loss":0}],"is_beta":false,"boss_relics":[],"items_purged_floors":[12],"is_endless":false,"potions_floor_spawned":[2,4,6,9],"killed_by":"downfall:Ironclad","ascension_level":5}}