{"host":"dhyczjm99amxd3qx","time":1609209785,"event":{"mods":["BaseMod","Colored Map","Googly Eyes","Highlight Path","Minty Spire (QoL Compilation)","Quick Restart","StSLib"],"gold_per_floor":[116,76,96,110,127,456,456,486,486,111,141,157,157,157,157,157,157],"floor_reached":16,"playtime":1333,"items_purged":["Strike_G"],"score":132,"play_id":"fc906d27-ebc8-4f23-90e1-9f6460c54992","local_time":"20201228214305","is_ascension_mode":true,"campfire_choices":[{"data":"Infinite Blades","floor":7,"key":"SMITH"},{"data":"Malaise","floor":13,"key":"SMITH"},{"data":"PiercingWail","floor":15,"key":"SMITH"}],"circlet_count":0,"master_deck":["Strike_G","Strike_G","Strike_G","Strike_G","Defend_G","Defend_G","Defend_G+1","Defend_G","Survivor","Neutralize","Cloak And Dagger+1","Flying Knee","Blade Dance","Infinite Blades+1","PiercingWail+1","Malaise+1"],"relics":["Ring of the Snake","Old Coin","Incense Burner","Bottled Flame","HandDrill","War Paint","Darkstone Periapt"],"acts_visited":["Exordium"],"potions_floor_usage":[5,6,8,11,16],"damage_taken":[{"damage":0.0,"enemies":"2 Louse","floor":1.0,"turns":5.0},{"damage":0.0,"enemies":"Cultist","floor":3.0,"turns":5.0},{"damage":1.0,"enemies":"Small Slimes","floor":4.0,"turns":4.0},{"damage":0,"enemies":"3 Louse","floor":5,"turns":3},{"damage":13,"enemies":"3 Sentries","floor":6,"turns":8},{"damage":26,"enemies":"Lagavulin","floor":8,"turns":7},{"damage":2,"enemies":"3 Sentries","floor":11,"turns":7},{"damage":8,"enemies":"Looter","floor":12,"turns":3},{"damage":21,"enemies":"Slime Boss","floor":16,"turns":10}],"seed_played":"347521575838406477","potions_obtained":[{"floor":2.0,"key":"LiquidBronze"},{"floor":2.0,"key":"LiquidMemories"},{"floor":2.0,"key":"Fire Potion"},{"floor":4.0,"key":"BlessingOfTheForge"},{"floor":8,"key":"LiquidBronze"},{"floor":12,"key":"Dexterity Potion"}],"is_trial":false,"path_per_floor":["M","?","M","M","M","E","R","E","T","$","E","M","R","?","R","B"],"character_chosen":"THE_SILENT","items_purchased":["HandDrill","War Paint"],"campfire_rested":0,"item_purchase_floors":[10,10],"current_hp_per_floor":[77,77,77,76,76,63,63,37,37,37,35,27,27,20,20,0,0],"gold":157,"neow_bonus":"TEN_PERCENT_HP_BONUS","is_daily":false,"chose_seed":false,"campfire_upgraded":3,"win_rate":0.0,"timestamp":1609209785,"path_taken":["M","?","M","M","?","E","R","E","T","$","E","M","R","?","R","BOSS"],"items_purchased_type":["Relic","Relic"],"build_version":"2020-12-22","purchased_purges":1,"victory":false,"max_hp_per_floor":[77,77,77,77,77,77,77,77,77,77,77,77,77,77,77,77,77],"card_choices":[{"not_picked":["Dagger Spray","Poisoned Stab"],"picked":"Cloak And Dagger","floor":1.0},{"not_picked":["Outmaneuver","Backflip"],"picked":"Flying Knee","floor":3.0},{"not_picked":["Bouncing Flask","Dash"],"picked":"Blade Dance","floor":4.0},{"not_picked":["Backflip","Accuracy"],"picked":"Infinite Blades","floor":5},{"not_picked":["Deflect","Dodge and Roll","Grand Finale"],"picked":"SKIP","floor":6},{"not_picked":["Underhanded Strike","Poisoned Stab"],"picked":"PiercingWail","floor":8},{"not_picked":["Choke","Slice"],"picked":"Malaise","floor":11},{"not_picked":["Deadly Poison","Underhanded Strike","Choke"],"picked":"SKIP","floor":12}],"player_experience":159010,"relics_obtained":[{"floor":6,"key":"Old Coin"},{"floor":8,"key":"Incense Burner"},{"floor":9,"key":"Bottled Flame"},{"floor":11,"key":"Darkstone Periapt"}],"event_choices":[{"damage_healed":0.0,"max_hp_gain":0.0,"max_hp_loss":0.0,"gold_gain":0.0,"event_name":"The Woman in Blue","player_choice":"Bought 3 Potions","floor":2.0,"gold_loss":0.0,"damage_taken":0.0},{"cards_removed":["Defend_G"],"damage_healed":0,"gold_gain":0,"player_choice":"Card Removal","damage_taken":7,"max_hp_gain":0,"max_hp_loss":0,"event_name":"Golden Wing","floor":14,"gold_loss":0}],"is_beta":false,"boss_relics":[],"items_purged_floors":[10],"is_endless":false,"potions_floor_spawned":[3,4,8,12],"killed_by":"Slime Boss","ascension_level":2}}