{"host":"gttgmv2wah99hzdm","time":1609276293,"event":{"mods":["AchievementEnabler","BaseMod","Bestiary","Block Reminder","Filter the Spire","Minty Spire (QoL Compilation)","Relic Stats","ojb\u0027s Better Paths Mod","ojb\u0027s Info Mod"],"gold_per_floor":[114,134,134,146,159,186,186,215,215,241,25,25,25,52,52,124,124,138,155,155,6,19,19,29,29,29,29,29,57,74,109,109,188,188,205,215,235,246,246,246,275,292,344,2,52,82,82,82,82,82,82,82,82,7,35,35],"floor_reached":57,"playtime":3391,"items_purged":["Strike_R"],"score":2981,"play_id":"a12bfbb7-0fe4-473f-86a6-99529f87e1c0","local_time":"20201229151133","is_ascension_mode":true,"campfire_choices":[{"floor":7.0,"key":"REST"},{"floor":12.0,"key":"REST"},{"floor":15.0,"key":"DIG"},{"floor":23.0,"key":"DIG"},{"floor":25.0,"key":"DIG"},{"floor":27.0,"key":"DIG"},{"floor":32.0,"key":"DIG"},{"floor":40.0,"key":"DIG"},{"floor":47.0,"key":"DIG"},{"floor":49,"key":"RECALL"},{"floor":53,"key":"DIG"}],"circlet_count":0,"master_deck":["AscendersBane","Strike_R","Strike_R","Strike_R","Defend_R","Defend_R","Defend_R","Defend_R","Bash","Iron Wave","Spot Weakness","Cleave","Metallicize","Spot Weakness","Apotheosis","Heavy Blade","Corruption","Feel No Pain","Ghostly","Ghostly","Ghostly","Reaper","Immolate","Disarm","Bash","Spot Weakness","Barricade","Dark Embrace","Sentinel","Shrug It Off","Limit Break","Sentinel+1"],"relics":["Fusion Hammer","Orichalcum","Self Forming Clay","Happy Flower","Shovel","Ginger","Snecko Eye","Kunai","Regal Pillow","Pear","Omamori","Strawberry","Nunchaku","Meat on the Bone","Cursed Key","Boot","Centennial Puzzle","MealTicket","Dead Branch","TungstenRod","InkBottle","Toxic Egg 2","StrikeDummy","Mummified Hand"],"acts_visited":["Exordium","TheCity","TheBeyond","TheEnding"],"potions_floor_usage":[50],"damage_taken":[{"damage":2.0,"enemies":"Jaw Worm","floor":1.0,"turns":3.0},{"damage":0.0,"enemies":"Cultist","floor":2.0,"turns":3.0},{"damage":0.0,"enemies":"Small Slimes","floor":4.0,"turns":3.0},{"damage":1.0,"enemies":"2 Fungi Beasts","floor":5.0,"turns":3.0},{"damage":13.0,"enemies":"Gremlin Nob","floor":6.0,"turns":3.0},{"damage":16.0,"enemies":"3 Sentries","floor":8.0,"turns":7.0},{"damage":15.0,"enemies":"Lagavulin","floor":10.0,"turns":7.0},{"damage":4.0,"enemies":"3 Sentries","floor":14.0,"turns":5.0},{"damage":24.0,"enemies":"Hexaghost","floor":16.0,"turns":6.0},{"damage":8.0,"enemies":"3 Byrds","floor":18.0,"turns":5.0},{"damage":7.0,"enemies":"Spheric Guardian","floor":19.0,"turns":4.0},{"damage":0.0,"enemies":"Centurion and Healer","floor":22.0,"turns":5.0},{"damage":0.0,"enemies":"Cultist and Chosen","floor":24.0,"turns":4.0},{"damage":0.0,"enemies":"Gremlin Leader","floor":29.0,"turns":3.0},{"damage":0.0,"enemies":"3 Cultists","floor":30.0,"turns":3.0},{"damage":0.0,"enemies":"Slavers","floor":31.0,"turns":5.0},{"damage":39.0,"enemies":"Champ","floor":33.0,"turns":13.0},{"damage":0.0,"enemies":"3 Darklings","floor":35.0,"turns":4.0},{"damage":22.0,"enemies":"Orb Walker","floor":36.0,"turns":4.0},{"damage":7.0,"enemies":"4 Shapes","floor":37.0,"turns":4.0},{"damage":0.0,"enemies":"Transient","floor":38.0,"turns":6.0},{"damage":6.0,"enemies":"Reptomancer","floor":41.0,"turns":4.0},{"damage":2.0,"enemies":"Writhing Mass","floor":42.0,"turns":5.0},{"damage":1.0,"enemies":"2 Orb Walkers","floor":45.0,"turns":3.0},{"damage":0.0,"enemies":"Nemesis","floor":46.0,"turns":3.0},{"damage":15,"enemies":"Awakened One","floor":50,"turns":7},{"damage":8,"enemies":"Donu and Deca","floor":51,"turns":3},{"damage":0,"enemies":"Shield and Spear","floor":55,"turns":5},{"damage":1,"enemies":"The Heart","floor":56,"turns":5}],"seed_played":"6366779860684816758","potions_obtained":[{"floor":2.0,"key":"Dexterity Potion"},{"floor":5.0,"key":"EntropicBrew"},{"floor":8.0,"key":"EssenceOfSteel"},{"floor":24.0,"key":"BlessingOfTheForge"},{"floor":33.0,"key":"Energy Potion"},{"floor":37.0,"key":"SpeedPotion"}],"is_trial":false,"path_per_floor":["M","M","?","M","M","E","R","E","T","E","$","R","$","E","R","B",null,"M","M","?","$","M","R","M","R","T","R","?","E","M","E","R","B",null,"M","M","M","M","?","R","E","M","T","$","?","E","R","?","R","B","B",null,"R","$","E","B",null],"character_chosen":"IRONCLAD","items_purchased":["Apotheosis","Reaper","Dead Branch"],"campfire_rested":2,"item_purchase_floors":[11,21,44],"current_hp_per_floor":[66,66,66,66,65,52,74,58,58,43,43,65,65,61,61,37,66,58,51,37,37,37,37,37,37,47,47,47,54,54,54,54,40,51,54,32,54,54,54,54,50,54,54,54,54,54,54,54,54,54,54,54,54,54,54,54],"gold":35,"neow_bonus":"BOSS_RELIC","is_daily":false,"chose_seed":false,"campfire_upgraded":0,"win_rate":0.0,"timestamp":1609276293,"path_taken":["M","M","?","M","M","E","R","E","T","E","$","R","?","E","R","BOSS","M","M","?","$","M","R","M","R","T","R","?","E","M","E","R","BOSS","M","M","?","M","?","R","E","M","T","$","?","E","R","?","R","BOSS","BOSS","R","$","E","BOSS"],"items_purchased_type":["Card","Card","Relic"],"build_version":"2020-12-22","purchased_purges":1,"victory":true,"max_hp_per_floor":[75,75,75,75,75,75,75,75,75,75,75,75,75,75,75,75,75,75,75,37,37,37,37,37,37,47,47,47,54,54,54,54,54,54,54,54,54,54,54,54,54,54,54,54,54,54,54,54,54,54,54,54,54,54,54,54],"relic_stats":{"Regal Pillow":0,"Happy Flower":[35],"counters":[29,135],"Self Forming Clay":[63],"Dead Branch":[182],"Ginger":[12],"Orichalcum":[192],"Cursed Key":1,"Boot":[4],"Nunchaku":[14],"Centennial Puzzle":[14],"Shovel":8,"Mummified Hand":[14],"Snecko Eye":[186,162,199,185],"MealTicket":0,"Kunai":[34],"obtain_stats":[{"Regal Pillow":25,"Ginger":15,"Cursed Key":34,"Boot":40,"Burning Blood":0,"Nunchaku":31,"Centennial Puzzle":41,"Shovel":14,"Mummified Hand":55,"Strawberry":29,"MealTicket":43,"Fusion Hammer":0,"Kunai":23,"Toxic Egg 2":47,"InkBottle":46,"Pear":26,"Happy Flower":10,"Self Forming Clay":8,"Dead Branch":44,"Omamori":27,"Orichalcum":6,"Snecko Eye":17,"StrikeDummy":53,"TungstenRod":45,"Meat on the Bone":32},{"Regal Pillow":13,"Ginger":8,"Cursed Key":17,"Boot":21,"Burning Blood":0,"Nunchaku":16,"Centennial Puzzle":22,"Shovel":8,"Mummified Hand":28,"Strawberry":14,"MealTicket":23,"Fusion Hammer":0,"Kunai":12,"Toxic Egg 2":25,"InkBottle":25,"Pear":13,"Happy Flower":7,"Self Forming Clay":6,"Dead Branch":23,"Omamori":13,"Orichalcum":5,"Snecko Eye":9,"StrikeDummy":27,"TungstenRod":24,"Meat on the Bone":16},{"Regal Pillow":58,"Ginger":34,"Cursed Key":82,"Boot":100,"Burning Blood":0,"Nunchaku":69,"Centennial Puzzle":104,"Shovel":34,"Mummified Hand":130,"Strawberry":61,"MealTicket":109,"Fusion Hammer":0,"Kunai":54,"Toxic Egg 2":115,"InkBottle":115,"Pear":58,"Happy Flower":29,"Self Forming Clay":22,"Dead Branch":109,"Omamori":58,"Orichalcum":15,"Snecko Eye":40,"StrikeDummy":125,"TungstenRod":112,"Meat on the Bone":69}],"TungstenRod":6,"InkBottle":[18],"Meat on the Bone":0},"card_choices":[{"not_picked":["Perfected Strike","Battle Trance"],"picked":"Iron Wave","floor":1.0},{"not_picked":["Havoc","Anger"],"picked":"Spot Weakness","floor":2.0},{"not_picked":["Anger","Second Wind"],"picked":"Cleave","floor":4.0},{"not_picked":["Body Slam","Cleave"],"picked":"Anger","floor":5.0},{"not_picked":["Brutality","Disarm"],"picked":"Metallicize","floor":6.0},{"not_picked":["Anger","Wild Strike","Bloodletting"],"picked":"SKIP","floor":8.0},{"not_picked":["Twin Strike","Body Slam"],"picked":"Spot Weakness","floor":10.0},{"not_picked":["Wild Strike","Clash"],"picked":"Heavy Blade","floor":14.0},{"not_picked":["Brutality","Double Tap"],"picked":"Corruption","floor":16.0},{"not_picked":["Anger","Flex","Pommel Strike"],"picked":"SKIP","floor":18.0},{"not_picked":["Armaments","Entrench"],"picked":"Feel No Pain","floor":19.0},{"not_picked":["Thunderclap+1","Pummel"],"picked":"Immolate","floor":22.0},{"not_picked":["Iron Wave","Clothesline+1"],"picked":"Disarm","floor":24.0},{"not_picked":["Hemokinesis","Fire Breathing","Perfected Strike"],"picked":"SKIP","floor":29.0},{"not_picked":["Sever Soul","Entrench"],"picked":"Spot Weakness","floor":30.0},{"not_picked":["Headbutt","Clothesline","Seeing Red+1"],"picked":"SKIP","floor":31.0},{"not_picked":["Bludgeon","Demon Form"],"picked":"Barricade","floor":33.0},{"not_picked":["Cleave","Anger+1","Sword Boomerang"],"picked":"SKIP","floor":35.0},{"not_picked":["Thunderclap","Headbutt","Bloodletting"],"picked":"SKIP","floor":36.0},{"not_picked":["Cleave","Searing Blow","Pommel Strike"],"picked":"SKIP","floor":37.0},{"not_picked":["Heavy Blade","Intimidate+1"],"picked":"Dark Embrace","floor":38.0},{"not_picked":["Clash+1","Perfected Strike"],"picked":"Sentinel","floor":41.0},{"not_picked":["Armaments","Flex","True Grit"],"picked":"SKIP","floor":42.0},{"not_picked":["Twin Strike","Heavy Blade"],"picked":"Shrug It Off","floor":45.0},{"not_picked":["Shrug It Off","Inflame"],"picked":"Limit Break","floor":46.0},{"not_picked":["Fire Breathing","Warcry+1"],"picked":"Sentinel+1","floor":55}],"player_experience":1029765,"relics_obtained":[{"floor":6.0,"key":"Orichalcum"},{"floor":8.0,"key":"Self Forming Clay"},{"floor":10.0,"key":"Happy Flower"},{"floor":14.0,"key":"Shovel"},{"floor":15.0,"key":"Ginger"},{"floor":23.0,"key":"Kunai"},{"floor":25.0,"key":"Regal Pillow"},{"floor":26.0,"key":"Pear"},{"floor":27.0,"key":"Omamori"},{"floor":29.0,"key":"Strawberry"},{"floor":31.0,"key":"Nunchaku"},{"floor":32.0,"key":"Meat on the Bone"},{"floor":40.0,"key":"Boot"},{"floor":41.0,"key":"Centennial Puzzle"},{"floor":43.0,"key":"MealTicket"},{"floor":45.0,"key":"TungstenRod"},{"floor":46.0,"key":"InkBottle"},{"floor":47.0,"key":"Toxic Egg 2"},{"floor":53,"key":"StrikeDummy"},{"floor":55,"key":"Mummified Hand"}],"event_choices":[{"cards_removed":["Strike_R"],"damage_healed":0.0,"max_hp_gain":0.0,"max_hp_loss":0.0,"gold_gain":0.0,"event_name":"Bonfire Elementals","player_choice":"Offered Basic","floor":3.0,"gold_loss":0.0,"damage_taken":0.0},{"damage_healed":0.0,"max_hp_gain":0.0,"max_hp_loss":38.0,"gold_gain":0.0,"event_name":"Ghosts","player_choice":"Became a Ghost","floor":20.0,"gold_loss":0.0,"damage_taken":0.0,"cards_obtained":["Ghostly","Ghostly","Ghostly"]},{"damage_healed":0.0,"max_hp_gain":0.0,"max_hp_loss":0.0,"gold_gain":0.0,"event_name":"Match and Keep!","player_choice":"1 cards matched","floor":28.0,"gold_loss":0.0,"damage_taken":0.0,"cards_obtained":["Bash"]},{"cards_removed":["Anger"],"damage_healed":0.0,"max_hp_gain":0.0,"max_hp_loss":0.0,"gold_gain":0.0,"event_name":"Falling","player_choice":"Removed Attack","floor":39.0,"gold_loss":0.0,"damage_taken":0.0},{"damage_healed":0.0,"max_hp_gain":0.0,"max_hp_loss":0.0,"gold_gain":0.0,"event_name":"Mysterious Sphere","player_choice":"Fight","floor":45.0,"gold_loss":0.0,"damage_taken":0.0},{"damage_healed":0.0,"max_hp_gain":0.0,"max_hp_loss":0.0,"gold_gain":0.0,"event_name":"SensoryStone","player_choice":"Memory 1","floor":48.0,"gold_loss":0.0,"damage_taken":0.0}],"is_beta":false,"boss_relics":[{"not_picked":["SacredBark","Empty Cage"],"picked":"Snecko Eye"},{"not_picked":["Runic Pyramid","Astrolabe"],"picked":"Cursed Key"}],"items_purged_floors":[54],"is_endless":false,"potions_floor_spawned":[2,5,8,24,31,33,37,45],"ascension_level":20}}