{"host":"j29osl8nelwi4hyu","time":1609217337,"event":{"mods":["BaseMod","Colored Powertips","Hubris","Infinite Spire","Minty Spire (QoL Compilation)","Replay The Spire","StSLib"],"gold_per_floor":[219,236,70,80,93,93,119,119,199,227,243,243,243,243,243],"floor_reached":14,"playtime":463,"items_purged":[],"score":125,"play_id":"1b146bb5-a71d-4d05-b832-7d97f810b873","local_time":"20201228204857","is_ascension_mode":true,"campfire_choices":[{"data":"All For One","floor":6,"key":"SMITH"},{"floor":8,"key":"REST"},{"floor":12,"key":"REST"}],"circlet_count":0,"master_deck":["Strike_B","Strike_B","Strike_B","Strike_B","Defend_B","Defend_B+1","Defend_B","Defend_B","Zap","Dualcast","Rebound","Ball Lightning","All For One+1","Ball Lightning","Conserve Battery+1","Beam Cell","Static Discharge","Compile Driver","All For One"],"relics":["Cracked Core","War Paint","InkBottle","Mirror","Blue Candle","hubris:Macrotransations"],"acts_visited":["Exordium"],"potions_floor_usage":[10,14],"damage_taken":[{"damage":0,"enemies":"Cultist","floor":1,"turns":3},{"damage":7,"enemies":"Jaw Worm","floor":2,"turns":3},{"damage":0,"enemies":"Small Slimes","floor":4,"turns":3},{"damage":11,"enemies":"Gremlin Gang","floor":5,"turns":4},{"damage":40,"enemies":"Lagavulin","floor":7,"turns":6},{"damage":14,"enemies":"3 Sentries","floor":10,"turns":5},{"damage":3,"enemies":"Blue Slaver","floor":11,"turns":3},{"damage":8,"enemies":"Gremlin Nob","floor":14,"turns":2}],"seed_played":"4542914664325956415","potions_obtained":[{"floor":2,"key":"Milkshake"},{"floor":7,"key":"Milkshake"},{"floor":10,"key":"AttackPotion"}],"is_trial":false,"path_per_floor":["M","M","$","M","M","R","E","R","T","E","M","R","$","E"],"character_chosen":"DEFECT","items_purchased":["All For One","Ball Lightning","Blue Candle","hubris:Macrotransations"],"campfire_rested":2,"item_purchase_floors":[3,3,13,13],"current_hp_per_floor":[75,68,68,68,57,57,17,39,39,25,22,44,8,0,0],"gold":243,"neow_bonus":"HUNDRED_GOLD","is_daily":false,"chose_seed":false,"campfire_upgraded":1,"win_rate":0.0,"timestamp":1609217337,"path_taken":["M","M","$","M","M","R","E","R","T","E","M","R","?","E"],"items_purchased_type":["Card","Card","Relic","Relic"],"build_version":"2020-12-22","purchased_purges":0,"victory":false,"max_hp_per_floor":[75,75,75,75,75,75,75,75,75,75,75,75,75,75,75],"card_choices":[{"not_picked":["Go for the Eyes","Barrage"],"picked":"Rebound","floor":1},{"not_picked":["hubris:PowerSurge","Go for the Eyes"],"picked":"Ball Lightning","floor":2},{"not_picked":["Cold Snap","BasicCrystalCard"],"picked":"Conserve Battery","floor":4},{"not_picked":["hubris:PowerSurge","Panic Button"],"picked":"Beam Cell","floor":5},{"not_picked":["Turbo","Barrage"],"picked":"Static Discharge","floor":7},{"not_picked":["Steam Power","Chill"],"picked":"Compile Driver","floor":10},{"not_picked":["Rebound","Storm"],"picked":"All For One","floor":11}],"player_experience":269487,"relics_obtained":[{"floor":7,"key":"War Paint"},{"floor":9,"key":"InkBottle"},{"floor":10,"key":"Mirror"}],"event_choices":[],"is_beta":false,"boss_relics":[],"items_purged_floors":[],"is_endless":false,"potions_floor_spawned":[2,7,10],"killed_by":"Gremlin Nob","ascension_level":5}}