{"host":"mwqnlghgfp5mgeui","time":1609267517,"event":{"mods":["2.2 Compatiblity","BaseMod","DeckTracker","Highlight Path","Minty Spire (QoL Compilation)","SuperFastMode","everything is the same but u backflip on backflip"],"gold_per_floor":[115,23,36,36,46,46,58,58,58,72,72,90,108,120,120,216,216,230,242,242,131,181,181,194,194,246,266,266,286,302,329,329,329,329],"floor_reached":33,"playtime":855,"items_purged":["Defend_B"],"score":263,"play_id":"b5b04636-40f4-480d-b964-2a9229ebe122","local_time":"20201230034517","is_ascension_mode":false,"campfire_choices":[{"data":"Dark Shackles","floor":6,"key":"SMITH"},{"data":"Sweeping Beam","floor":11,"key":"SMITH"},{"floor":15,"key":"REST"},{"floor":23,"key":"REST"},{"floor":25,"key":"REST"},{"floor":28,"key":"REST"},{"floor":32,"key":"REST"}],"circlet_count":0,"master_deck":["Strike_B","Strike_B","Strike_B","Strike_B","Defend_B","Defend_B","Defend_B","Zap+1","Dualcast","Sweeping Beam+1","Dark Shackles+1","Conserve Battery","Biased Cognition","Stack","Beam Cell","Streamline","Steam","Sunder","Conserve Battery","Core Surge","Sunder+1","Capacitor","Rip and Tear","Aggregate","Beam Cell","Streamline","Sweeping Beam","Lockon","Force Field","Turbo","Beam Cell","Ball Lightning+1","Steam"],"relics":["Cracked Core","Dream Catcher","Busted Crown","Potion Belt","Letter Opener"],"acts_visited":["Exordium","TheCity"],"potions_floor_usage":[16,33,33,33,33],"damage_taken":[{"damage":0,"enemies":"Cultist","floor":1,"turns":3},{"damage":0,"enemies":"Small Slimes","floor":3,"turns":2},{"damage":2,"enemies":"2 Louse","floor":5,"turns":3},{"damage":3,"enemies":"Looter","floor":7,"turns":3},{"damage":0,"enemies":"Large Slime","floor":10,"turns":4},{"damage":0,"enemies":"3 Louse","floor":12,"turns":3},{"damage":8,"enemies":"Red Slaver","floor":13,"turns":3},{"damage":0,"enemies":"Exordium Thugs","floor":14,"turns":4},{"damage":34,"enemies":"Slime Boss","floor":16,"turns":15},{"damage":1,"enemies":"Shell Parasite","floor":18,"turns":4},{"damage":5,"enemies":"Chosen","floor":19,"turns":4},{"damage":20,"enemies":"Centurion and Healer","floor":24,"turns":5},{"damage":15,"enemies":"3 Cultists","floor":27,"turns":5},{"damage":21,"enemies":"Snake Plant","floor":29,"turns":3},{"damage":3,"enemies":"Chosen and Byrds","floor":30,"turns":5},{"damage":26,"enemies":"Slavers","floor":31,"turns":4},{"damage":77,"enemies":"Collector","floor":33,"turns":6}],"seed_played":"-4159256659129864608","potions_obtained":[{"floor":5,"key":"Weak Potion"},{"floor":10,"key":"DuplicationPotion"},{"floor":13,"key":"Ancient Potion"},{"floor":18,"key":"BlessingOfTheForge"},{"floor":31,"key":"EssenceOfDarkness"}],"is_trial":false,"path_per_floor":["M","$","M","$","M","R","M","?","T","M","R","M","M","M","R","B",null,"M","M","?","$","?","R","M","R","T","M","R","M","M","E","R","B"],"character_chosen":"DEFECT","items_purchased":["Dark Shackles","Aggregate"],"campfire_rested":5,"item_purchase_floors":[2,21],"current_hp_per_floor":[75,75,75,75,73,73,70,70,70,70,70,70,62,62,75,41,75,74,69,69,69,69,75,55,75,75,60,75,54,51,25,47,0,0],"gold":329,"neow_bonus":"RANDOM_COLORLESS","is_daily":false,"chose_seed":false,"campfire_upgraded":2,"win_rate":0.0,"timestamp":1609267517,"path_taken":["M","$","?","$","M","R","M","?","T","M","R","M","M","M","R","BOSS","M","M","?","$","?","R","M","R","T","M","R","M","M","E","R","BOSS"],"items_purchased_type":["Card","Card"],"build_version":"2020-12-22","purchased_purges":1,"victory":false,"max_hp_per_floor":[75,75,75,75,75,75,75,75,75,75,75,75,75,75,75,75,75,75,75,75,75,75,75,75,75,75,75,75,75,75,75,75,75,75],"card_choices":[{"not_picked":["Blizzard","Cold Snap"],"picked":"Sweeping Beam","floor":1},{"not_picked":["Barrage","Recycle"],"picked":"Conserve Battery","floor":3},{"not_picked":["Barrage","Ball Lightning"],"picked":"Biased Cognition","floor":5},{"not_picked":["Conserve Battery","Sweeping Beam"],"picked":"Stack","floor":7},{"not_picked":["Glacier","Redo"],"picked":"Beam Cell","floor":10},{"not_picked":["Compile Driver","Barrage"],"picked":"Streamline","floor":12},{"not_picked":["Hologram","Echo Form"],"picked":"Steam","floor":13},{"not_picked":["Turbo","Streamline"],"picked":"Sunder","floor":14},{"not_picked":["Compile Driver","Stack"],"picked":"Conserve Battery","floor":15},{"not_picked":["Thunder Strike","Seek"],"picked":"Core Surge","floor":16},{"not_picked":[],"picked":"Sunder+1","floor":18},{"not_picked":[],"picked":"Capacitor","floor":19},{"not_picked":[],"picked":"Beam Cell","floor":23},{"not_picked":[],"picked":"Streamline","floor":24},{"not_picked":[],"picked":"Sweeping Beam","floor":25},{"not_picked":[],"picked":"Lockon","floor":27},{"not_picked":[],"picked":"Force Field","floor":28},{"not_picked":[],"picked":"Turbo","floor":29},{"not_picked":[],"picked":"Beam Cell","floor":30},{"not_picked":[],"picked":"Ball Lightning+1","floor":31},{"not_picked":[],"picked":"Steam","floor":32}],"player_experience":137404,"relics_obtained":[{"floor":9,"key":"Dream Catcher"},{"floor":26,"key":"Potion Belt"},{"floor":31,"key":"Letter Opener"}],"event_choices":[{"damage_healed":0,"gold_gain":0,"player_choice":"Upgraded","damage_taken":0,"max_hp_gain":0,"max_hp_loss":0,"event_name":"Upgrade Shrine","floor":8,"gold_loss":0,"cards_upgraded":["Zap"]},{"damage_healed":0,"gold_gain":0,"player_choice":"Read","damage_taken":0,"max_hp_gain":0,"max_hp_loss":0,"event_name":"The Library","floor":20,"gold_loss":0,"cards_obtained":["Rip and Tear"]},{"damage_healed":0,"gold_gain":100,"player_choice":"Bet on Murderer","damage_taken":0,"max_hp_gain":0,"max_hp_loss":0,"event_name":"The Joust","floor":22,"gold_loss":50}],"is_beta":false,"boss_relics":[{"not_picked":["Sozu","Fusion Hammer"],"picked":"Busted Crown"}],"items_purged_floors":[21],"is_endless":false,"potions_floor_spawned":[5,10,13,14,18,24,31],"killed_by":"Collector","ascension_level":0}}