{"host":"dhyczjm99amxd3qx","time":1609216093,"event":{"mods":["BaseMod","Colored Map","Googly Eyes","Highlight Path","Minty Spire (QoL Compilation)","Quick Restart","StSLib"],"gold_per_floor":[118,130,130,90,106,133,133,158,205,180,180,180,180],"floor_reached":12,"playtime":814,"items_purged":[],"score":124,"play_id":"1fde6cd0-24be-4ddc-aa52-b63cb99c07a3","local_time":"20201228232813","is_ascension_mode":true,"campfire_choices":[{"data":"Rage","floor":7.0,"key":"SMITH"}],"circlet_count":0,"master_deck":["Strike_R","Strike_R","Strike_R","Strike_R","Strike_R","Defend_R","Defend_R","Defend_R","Defend_R","Bash","Flex+1","Rage+1"],"relics":["Burning Blood","Pear","Bag of Preparation","Bottled Lightning","Dream Catcher"],"acts_visited":["Exordium"],"potions_floor_usage":[8,8],"damage_taken":[{"damage":12.0,"enemies":"Jaw Worm","floor":1.0,"turns":4.0},{"damage":0.0,"enemies":"2 Louse","floor":2.0,"turns":2.0},{"damage":6.0,"enemies":"Cultist","floor":5.0,"turns":3.0},{"damage":60.0,"enemies":"3 Sentries","floor":6.0,"turns":13.0},{"damage":25,"enemies":"Gremlin Nob","floor":8,"turns":4},{"damage":30,"enemies":"3 Sentries","floor":12,"turns":3}],"seed_played":"-5142498041303590482","potions_obtained":[{"floor":4.0,"key":"Fruit Juice"},{"floor":4.0,"key":"HeartOfIron"},{"floor":4.0,"key":"FearPotion"},{"floor":6.0,"key":"ColorlessPotion"}],"is_trial":false,"path_per_floor":["M","M","?","?","M","E","R","E","T","?","?","E"],"character_chosen":"IRONCLAD","items_purchased":[],"campfire_rested":0,"item_purchase_floors":[],"current_hp_per_floor":[82,88,95,100,100,46,46,27,27,27,27,0,0],"gold":180,"neow_bonus":"TEN_PERCENT_HP_BONUS","is_daily":false,"chose_seed":false,"campfire_upgraded":1,"win_rate":0.0,"timestamp":1609216093,"path_taken":["M","M","?","?","?","E","R","E","T","?","?","E"],"items_purchased_type":[],"build_version":"2020-12-22","purchased_purges":0,"victory":false,"max_hp_per_floor":[88,88,98,103,103,103,103,103,103,103,103,103,103],"card_choices":[{"not_picked":["Armaments","Sword Boomerang","Intimidate"],"picked":"SKIP","floor":1.0},{"not_picked":["Shrug It Off","Warcry","Twin Strike"],"picked":"SKIP","floor":2.0},{"not_picked":["Power Through","Iron Wave"],"picked":"Flex","floor":5.0},{"not_picked":["Rampage","Shrug It Off"],"picked":"Rage","floor":6.0},{"not_picked":["Twin Strike","Heavy Blade","Disarm"],"picked":"SKIP","floor":8}],"player_experience":167065,"relics_obtained":[{"floor":6.0,"key":"Bag of Preparation"},{"floor":8,"key":"Bottled Lightning"},{"floor":9,"key":"Dream Catcher"}],"event_choices":[{"damage_healed":0.0,"max_hp_gain":0.0,"max_hp_loss":0.0,"gold_gain":0.0,"event_name":"Scrap Ooze","player_choice":"Success","floor":3.0,"gold_loss":0.0,"damage_taken":3.0,"relics_obtained":["Pear"]},{"damage_healed":0.0,"max_hp_gain":0.0,"max_hp_loss":0.0,"gold_gain":0.0,"event_name":"The Woman in Blue","player_choice":"Bought 3 Potions","floor":4.0,"gold_loss":0.0,"damage_taken":0.0},{"damage_healed":0,"gold_gain":0,"player_choice":"Left Gold","damage_taken":0,"max_hp_gain":0,"max_hp_loss":0,"event_name":"World of Goop","floor":10,"gold_loss":25},{"damage_healed":0,"gold_gain":0,"player_choice":"Forge","damage_taken":0,"max_hp_gain":0,"max_hp_loss":0,"event_name":"Accursed Blacksmith","floor":11,"gold_loss":0,"cards_upgraded":["Flex"]}],"is_beta":false,"boss_relics":[],"items_purged_floors":[],"is_endless":false,"potions_floor_spawned":[6,8],"killed_by":"3 Sentries","ascension_level":3}}