{"host":"2461dio7vetlq1z3","time":1609229345,"event":{"mods":["2.2 Compatiblity","AchievementEnabler","Aspiration","BaseMod","Better Third Choice","Friendly Minions","Hermit","Marisa????????","Minty Spire (QoL Compilation)","Relic Stats","Spicy Shops","StSLib","Waifu the Spire"],"gold_per_floor":[119,89,101,120,134,134,147,172,172,205,205,218,228,228,228,302,302,322,116,66,77,90,123,123,123],"floor_reached":24,"playtime":1253,"items_purged":["Strike_B"],"score":460,"play_id":"ebe22c6a-3004-4b88-92eb-2385ed6b8d26","local_time":"20201229090905","is_ascension_mode":true,"campfire_choices":[{"data":"Melter","floor":6,"key":"SMITH"},{"floor":11,"key":"REST"},{"data":"Defragment","floor":15,"key":"SMITH"}],"circlet_count":0,"master_deck":["AscendersBane","Defend_B","Defend_B","Zap","Dualcast","Streamline","Melter+1","Reboot","White Noise","Compile Driver","Glacier","Defragment+1","Coolheaded","Blizzard","Neutralize","Heel Hook","Catalyst","Biased Cognition","Coolheaded","Darkness"],"relics":["Cracked Core","aspiration:Nostalgia","PureWater","Anchor","InkBottle","Shuriken","Empty Cage","Pocketwatch","Nunchaku"],"acts_visited":["Exordium","TheCity"],"potions_floor_usage":[8,10],"damage_taken":[{"damage":5,"enemies":"Small Slimes","floor":1,"turns":3},{"damage":1,"enemies":"Cultist","floor":3,"turns":3},{"damage":0,"enemies":"2 Louse","floor":4,"turns":2},{"damage":13,"enemies":"Lots of Slimes","floor":5,"turns":4},{"damage":11,"enemies":"Exordium Thugs","floor":7,"turns":2},{"damage":25,"enemies":"3 Sentries","floor":8,"turns":6},{"damage":8,"enemies":"Gremlin Nob","floor":10,"turns":3},{"damage":0,"enemies":"2 Fungi Beasts","floor":12,"turns":3},{"damage":0,"enemies":"3 Louse","floor":13,"turns":5},{"damage":2,"enemies":"The Guardian","floor":16,"turns":9},{"damage":0,"enemies":"Spheric Guardian","floor":18,"turns":3},{"damage":5,"enemies":"Chosen","floor":21,"turns":5},{"damage":12,"enemies":"Shelled Parasite and Fungi","floor":22,"turns":5},{"damage":37,"enemies":"Book of Stabbing","floor":23,"turns":9},{"damage":11,"enemies":"Centurion and Healer","floor":24,"turns":2}],"seed_played":"-5450448494995179226","potions_obtained":[{"floor":2,"key":"EssenceOfDarkness"},{"floor":2,"key":"Ancient Potion"},{"floor":8,"key":"DistilledChaos"},{"floor":16,"key":"Block Potion"}],"is_trial":false,"path_per_floor":["M","?","M","M","M","R","M","E","T","E","R","M","M","?","R","B",null,"M","$","?","M","M","E","M"],"character_chosen":"DEFECT","items_purchased":["Pocketwatch"],"campfire_rested":1,"item_purchase_floors":[19],"current_hp_per_floor":[59,59,58,58,45,45,34,9,9,1,22,22,22,22,22,20,58,58,58,58,53,41,4,0,0],"gold":123,"neow_bonus":"NOSTALGIA","is_daily":false,"chose_seed":false,"campfire_upgraded":2,"win_rate":0.0,"timestamp":1609229345,"path_taken":["M","?","M","?","M","R","M","E","T","E","R","M","M","?","R","BOSS","M","$","?","M","?","E","M"],"items_purchased_type":["Relic"],"build_version":"2020-12-22","purchased_purges":1,"victory":false,"max_hp_per_floor":[71,71,71,71,71,71,71,71,71,71,71,71,71,71,71,71,71,71,71,71,71,71,71,71,71],"relic_stats":{"Nunchaku":[0],"counters":[15,64],"Shuriken":[6],"obtain_stats":[{"Anchor":8,"Nunchaku":23,"aspiration:Nostalgia":0,"Shuriken":10,"PureWater":0,"Cracked Core":0,"Empty Cage":17,"InkBottle":9,"Pocketwatch":19},{"Anchor":6,"Nunchaku":14,"aspiration:Nostalgia":0,"Shuriken":7,"PureWater":0,"Cracked Core":0,"Empty Cage":10,"InkBottle":6,"Pocketwatch":11},{"Anchor":20,"Nunchaku":62,"aspiration:Nostalgia":0,"Shuriken":23,"PureWater":0,"Cracked Core":0,"Empty Cage":40,"InkBottle":20,"Pocketwatch":43}],"InkBottle":[16],"Pocketwatch":[24]},"card_choices":[{"not_picked":["Conserve Battery","Turbo"],"picked":"Streamline","floor":1},{"not_picked":["Skim","Conserve Battery"],"picked":"Melter","floor":3},{"not_picked":["Turbo","Coolheaded"],"picked":"Reboot","floor":4},{"not_picked":["Lockon","Beam Cell"],"picked":"White Noise","floor":5},{"not_picked":["Barrage","Leap"],"picked":"Compile Driver","floor":7},{"not_picked":["Rebound","Capacitor"],"picked":"Glacier","floor":8},{"not_picked":["Sweeping Beam","Self Repair"],"picked":"Defragment","floor":10},{"not_picked":["Beam Cell","Force Field"],"picked":"Coolheaded","floor":12},{"not_picked":["Gash","Scrape"],"picked":"Blizzard","floor":13},{"not_picked":["Meteor Strike","Seek"],"picked":"Biased Cognition","floor":16},{"not_picked":["Conserve Battery","Steam","Fusion"],"picked":"SKIP","floor":18},{"not_picked":["Gash","Go for the Eyes"],"picked":"Coolheaded","floor":21},{"not_picked":["Gash","Sweeping Beam+1","Rebound"],"picked":"SKIP","floor":22},{"not_picked":["Gash","Sweeping Beam+1","Rebound"],"picked":"SKIP","floor":22},{"not_picked":["Machine Learning","Cold Snap"],"picked":"Darkness","floor":23}],"player_experience":1087669,"relics_obtained":[{"floor":8,"key":"Anchor"},{"floor":9,"key":"InkBottle"},{"floor":10,"key":"Shuriken"},{"floor":23,"key":"Nunchaku"}],"event_choices":[{"damage_healed":0,"gold_gain":0,"player_choice":"Bought 2 Potions","damage_taken":0,"max_hp_gain":0,"max_hp_loss":0,"event_name":"The Woman in Blue","floor":2,"gold_loss":0},{"damage_healed":0,"gold_gain":0,"player_choice":"Bet on Murderer","damage_taken":0,"max_hp_gain":0,"max_hp_loss":0,"event_name":"The Joust","floor":20,"gold_loss":50}],"is_beta":false,"boss_relics":[{"not_picked":["SacredBark","aspiration:RitualDagger"],"picked":"Empty Cage"}],"items_purged_floors":[19],"is_endless":false,"potions_floor_spawned":[4,5,7,8,16,21],"killed_by":"Centurion and Healer","ascension_level":20}}