{"host":"Shugu","time":1609241528,"event":{"mods":["BaseMod","Colored Powertips","Marisa£®ÏF”Í°°ƒß¿Ì…≥£©","Minty Spire (QoL Compilation)"],"gold_per_floor":[119,3,16,26,26,26,26,26,26,41,116,146,162,12,12,12,12],"floor_reached":16,"playtime":935,"items_purged":["Strike_MRS"],"score":105,"play_id":"aff0d2d2-284b-4191-b23a-0467bc225905","local_time":"20201229193207","is_ascension_mode":true,"campfire_choices":[{"data":"AlicesGift","floor":6.0,"key":"SMITH"},{"data":"MasterSpark","floor":15,"key":"SMITH"}],"circlet_count":0,"master_deck":["Strike_MRS","Strike_MRS","Strike_MRS","Defend_MRS","Defend_MRS","Defend_MRS","Defend_MRS","MasterSpark+1","UpSweep","Acceleration","AlicesGift+1","AsteroidBelt","DragonMeteor","Parasite","Parasite"],"relics":["MiniHakkero","Vajra","Sundial","HandmadeGrimoire","ShroomBag"],"acts_visited":["Exordium"],"potions_floor_usage":[],"damage_taken":[{"damage":1.0,"enemies":"Cultist","floor":1.0,"turns":3.0},{"damage":3.0,"enemies":"Small Slimes","floor":3.0,"turns":3.0},{"damage":8.0,"enemies":"Jaw Worm","floor":4.0,"turns":3.0},{"damage":2,"enemies":"Looter","floor":10,"turns":2},{"damage":28,"enemies":"Gremlin Nob","floor":12,"turns":4},{"damage":0,"enemies":"2 Fungi Beasts","floor":13,"turns":2},{"damage":31,"enemies":"Hexaghost","floor":16,"turns":9}],"seed_played":"-271644976495446431","potions_obtained":[{"floor":3.0,"key":"Strength Potion"},{"floor":12,"key":"FearPotion"}],"is_trial":false,"path_per_floor":["M","$","M","M","?","R","$","?","T","M","?","E","M","$","R","B"],"character_chosen":"MARISA","items_purchased":["AlicesGift","ShroomBag"],"campfire_rested":0,"item_purchase_floors":[2,14],"current_hp_per_floor":[74,74,71,63,68,68,68,68,68,66,55,27,27,27,27,0,0],"gold":12,"neow_bonus":"RANDOM_COMMON_RELIC","is_daily":false,"chose_seed":false,"campfire_upgraded":2,"win_rate":0.0,"timestamp":1609241527,"path_taken":["M","?","M","M","?","R","$","?","T","M","?","E","?","$","R","BOSS"],"items_purchased_type":["Card","Relic"],"build_version":"2020-12-18","purchased_purges":1,"victory":false,"max_hp_per_floor":[75,75,75,75,80,80,80,80,80,80,80,80,80,80,80,80,80],"card_choices":[{"not_picked":["DarkSpark","UnstableBomb"],"picked":"Acceleration","floor":1.0},{"not_picked":["WitchOfGreed","MeteoricShower","DoubleSpark"],"picked":"SKIP","floor":3.0},{"not_picked":["LuminesStrike","MagicChant"],"picked":"AsteroidBelt","floor":4.0},{"not_picked":["DC","LuminesStrike"],"picked":"DragonMeteor","floor":10},{"not_picked":["MagicAbsorber","DC","NonDirectionalLaser"],"picked":"SKIP","floor":12},{"not_picked":["WitchOfGreed","LuminesStrike","UnstableBomb"],"picked":"SKIP","floor":13}],"player_experience":383364,"relics_obtained":[{"floor":9,"key":"Sundial"},{"floor":12,"key":"HandmadeGrimoire"}],"event_choices":[{"damage_healed":0.0,"max_hp_gain":5.0,"max_hp_loss":0.0,"gold_gain":0.0,"event_name":"Big Fish","player_choice":"Donut","floor":5.0,"gold_loss":0.0,"damage_taken":0.0},{"damage_healed":0,"gold_gain":0,"player_choice":"Ignored","damage_taken":0,"max_hp_gain":0,"max_hp_loss":0,"event_name":"Shining Light","floor":8,"gold_loss":0},{"damage_healed":0,"gold_gain":75,"player_choice":"Gather Gold","damage_taken":11,"max_hp_gain":0,"max_hp_loss":0,"event_name":"World of Goop","floor":11,"gold_loss":0}],"is_beta":true,"boss_relics":[],"items_purged_floors":[2],"is_endless":false,"potions_floor_spawned":[3,12],"killed_by":"Hexaghost","ascension_level":1}}