{"host":"71akxjf7cjo3bhmj","time":1609275857,"event":{"mods":["AchievementEnabler","BaseMod","Colored Powertips","Minty Spire (QoL Compilation)"],"gold_per_floor":[117,117,129,147,72,101,112,112,112,124,156,172,122,22,22,121,121,136,136,136,136,136],"floor_reached":21,"playtime":3113,"items_purged":["Strike_R","Strike_R"],"score":189,"play_id":"1e007ede-4471-41bb-905a-aa55465b95fe","local_time":"20201229220417","is_ascension_mode":false,"campfire_choices":[{"data":"Body Slam","floor":8,"key":"SMITH"},{"data":"Entrench","floor":15,"key":"SMITH"}],"circlet_count":0,"master_deck":["Strike_R","Defend_R","Defend_R","Defend_R","Defend_R","Bash","Metallicize","Iron Wave","Rampage","Body Slam","Body Slam+1","Fire Breathing","Entrench+1","Double Tap","Iron Wave"],"relics":["Burning Blood","NeowsBlessing","Shuriken","Paper Frog","Blood Vial","Runic Pyramid"],"acts_visited":["Exordium","TheCity"],"potions_floor_usage":[6,10,16,21],"damage_taken":[{"damage":0,"enemies":"Jaw Worm","floor":1,"turns":1},{"damage":0,"enemies":"Cultist","floor":3,"turns":1},{"damage":0,"enemies":"2 Louse","floor":4,"turns":1},{"damage":20,"enemies":"3 Sentries","floor":6,"turns":12},{"damage":2,"enemies":"2 Fungi Beasts","floor":7,"turns":5},{"damage":0,"enemies":"Looter","floor":10,"turns":3},{"damage":28,"enemies":"Lagavulin","floor":11,"turns":7},{"damage":0,"enemies":"Blue Slaver","floor":12,"turns":5},{"damage":22,"enemies":"Slime Boss","floor":16,"turns":10},{"damage":3,"enemies":"Chosen","floor":18,"turns":6},{"damage":72,"enemies":"Masked Bandits","floor":21,"turns":8}],"seed_played":"6103423218279832892","potions_obtained":[{"floor":1,"key":"Strength Potion"},{"floor":7,"key":"AttackPotion"},{"floor":11,"key":"FearPotion"},{"floor":12,"key":"Block Potion"}],"is_trial":false,"path_per_floor":["M","?","M","M","$","E","M","R","T","M","E","M","?","$","R","B",null,"M","?","?","?"],"character_chosen":"IRONCLAD","items_purchased":[],"campfire_rested":0,"item_purchase_floors":[],"current_hp_per_floor":[80,80,80,80,80,66,70,70,70,76,54,62,62,62,62,48,80,80,80,65,0,0],"gold":136,"neow_bonus":"THREE_ENEMY_KILL","is_daily":false,"chose_seed":false,"campfire_upgraded":2,"win_rate":0.0,"timestamp":1609275857,"path_taken":["M","?","M","?","$","E","M","R","T","M","E","M","?","$","R","BOSS","M","?","?","?"],"items_purchased_type":[],"build_version":"2020-12-22","purchased_purges":2,"victory":false,"max_hp_per_floor":[80,80,80,80,80,80,80,80,80,80,80,80,80,80,80,80,80,80,80,85,85,85],"card_choices":[{"not_picked":["Dual Wield","Heavy Blade"],"picked":"Metallicize","floor":1},{"not_picked":["Second Wind","Sever Soul"],"picked":"Iron Wave","floor":3},{"not_picked":["Headbutt","Wild Strike"],"picked":"Rampage","floor":4},{"not_picked":["Bloodletting","True Grit"],"picked":"Body Slam","floor":6},{"not_picked":["Clash","Cleave"],"picked":"Body Slam","floor":7},{"not_picked":["Limit Break","Havoc","Headbutt"],"picked":"SKIP","floor":10},{"not_picked":["Headbutt","Rupture"],"picked":"Fire Breathing","floor":11},{"not_picked":["Warcry","Hemokinesis"],"picked":"Entrench","floor":12},{"not_picked":["Corruption","Offering"],"picked":"Double Tap","floor":16},{"not_picked":["Wild Strike","Clothesline","Heavy Blade+1"],"picked":"SKIP","floor":18}],"player_experience":106075,"relics_obtained":[{"floor":6,"key":"Shuriken"},{"floor":9,"key":"Paper Frog"},{"floor":11,"key":"Blood Vial"}],"event_choices":[{"cards_removed":["Strike_R"],"damage_healed":0,"gold_gain":0,"player_choice":"Purged","damage_taken":0,"max_hp_gain":0,"max_hp_loss":0,"event_name":"Purifier","floor":2,"gold_loss":0},{"cards_removed":["Strike_R"],"damage_healed":0,"gold_gain":0,"player_choice":"Card Removal","damage_taken":0,"max_hp_gain":0,"max_hp_loss":0,"event_name":"The Cleric","floor":13,"gold_loss":50},{"damage_healed":0,"gold_gain":0,"player_choice":"Read","damage_taken":0,"max_hp_gain":0,"max_hp_loss":0,"event_name":"The Library","floor":19,"gold_loss":0,"cards_obtained":["Iron Wave"]},{"damage_healed":0,"gold_gain":0,"player_choice":"Shed Blood","damage_taken":20,"max_hp_gain":5,"max_hp_loss":0,"event_name":"Forgotten Altar","floor":20,"gold_loss":0},{"damage_healed":0,"gold_gain":0,"player_choice":"Fought Bandits","damage_taken":0,"max_hp_gain":0,"max_hp_loss":0,"event_name":"Masked Bandits","floor":21,"gold_loss":0}],"is_beta":false,"boss_relics":[{"not_picked":["Tiny House","Sozu"],"picked":"Runic Pyramid"}],"items_purged_floors":[5,14],"is_endless":false,"potions_floor_spawned":[1,7,11,12],"killed_by":"Masked Bandits","ascension_level":0}}