{"host":"j29osl8nelwi4hyu","time":1609224495,"event":{"mods":["BaseMod","Colored Powertips","Hubris","Infinite Spire","Minty Spire (QoL Compilation)","Replay The Spire","StSLib"],"gold_per_floor":[115,133,133,153,173,205,205,170,225,225,241,69,89,118,118,223,223,242,242,242,242,258,258,289,37,37,37,37,51,64,89,89,191,191,201,218,218,93,106,106,139,90,90,90,105,105,139,64,64,64,64,64,17,43,43,43],"floor_reached":55,"playtime":2915,"items_purged":[],"score":1363,"play_id":"29a096be-5bba-4488-bf6c-a401ae775aa3","local_time":"20201228224815","is_ascension_mode":true,"campfire_choices":[{"data":"Scrape","floor":10.0,"key":"SMITH"},{"floor":15.0,"key":"REST"},{"data":"infinitespire:SevenWalls","floor":23.0,"key":"SMITH"},{"floor":27.0,"key":"REST"},{"floor":32.0,"key":"RECALL"},{"data":"Go for the Eyes","floor":40.0,"key":"SMITH"},{"floor":49,"key":"REST"},{"data":"Inflame","floor":52,"key":"SMITH"}],"circlet_count":0,"master_deck":["Strike_B","Strike_B","Strike_B","Defend_B","Defend_B+1","Defend_B+1","Defend_B","Zap","Dualcast","Scrape+1","Gash","Auto Shields","Go for the Eyes+1","Sweeping Beam","Anger","Beam Cell","Anger","Necronomicurse","infinitespire:SevenWalls+1","Prostrate+1","ReplayGash+1","Sunder+1","Sunder+1","Beam Cell+1","Inflame+1","Gash+1","JustLucky+1"],"relics":["Iron Core","NeowsBlessing","Singing Bowl","infinitespire:Cubic Diamond","PreservedInsect","PrismaticShard","hubris:Spice","Busted Crown","Necronomicon","Pet Ghost","Simple Rune","Question Card","hubris:MysteriousPyramids","Molten Egg 2","SlaversCollar","hubris:Icosahedron","infinitespire:EvilPickle"],"acts_visited":["Exordium","TheCity","TheBeyond","TheEnding"],"potions_floor_usage":[47,47,50],"damage_taken":[{"damage":0.0,"enemies":"Small Slimes","floor":1.0,"turns":1.0},{"damage":0.0,"enemies":"Cultist","floor":2.0,"turns":1.0},{"damage":0.0,"enemies":"Jaw Worm","floor":4.0,"turns":1.0},{"damage":12.0,"enemies":"Large Slime","floor":5.0,"turns":5.0},{"damage":29.0,"enemies":"3 Sentries","floor":6.0,"turns":11.0},{"damage":15.0,"enemies":"Exordium Wildlife","floor":11.0,"turns":3.0},{"damage":0.0,"enemies":"Blue Slaver","floor":13.0,"turns":3.0},{"damage":20.0,"enemies":"Lagavulin","floor":14.0,"turns":4.0},{"damage":13.0,"enemies":"Slime Boss","floor":16.0,"turns":6.0},{"damage":0.0,"enemies":"Chosen","floor":18.0,"turns":3.0},{"damage":0.0,"enemies":"Shell Parasite","floor":20.0,"turns":1.0},{"damage":12.0,"enemies":"Snake Plant","floor":22.0,"turns":2.0},{"damage":20.0,"enemies":"Slavers","floor":24.0,"turns":4.0},{"damage":5.0,"enemies":"Shelled Parasite and Fungi","floor":29.0,"turns":3.0},{"damage":0.0,"enemies":"Sentry and Sphere","floor":30.0,"turns":3.0},{"damage":0.0,"enemies":"Book of Stabbing","floor":31.0,"turns":3.0},{"damage":0.0,"enemies":"Pondfish","floor":33.0,"turns":14.0},{"damage":0.0,"enemies":"Orb Walker","floor":35.0,"turns":2.0},{"damage":7.0,"enemies":"3 Shapes","floor":36.0,"turns":4.0},{"damage":0.0,"enemies":"Maw","floor":39.0,"turns":5.0},{"damage":1.0,"enemies":"Reptomancer","floor":41.0,"turns":4.0},{"damage":0.0,"enemies":"Spire Growth","floor":45.0,"turns":2.0},{"damage":68,"enemies":"Nightmare","floor":47,"turns":6},{"damage":26,"enemies":"infinitespire:MassOfShapes","floor":50,"turns":15},{"damage":31,"enemies":"Shield and Spear","floor":54,"turns":3},{"damage":69,"enemies":"The Heart","floor":55,"turns":3}],"seed_played":"-1232784252277304284","potions_obtained":[{"floor":1.0,"key":"EssenceOfSteel"},{"floor":5.0,"key":"SmokeBomb"},{"floor":11.0,"key":"DuplicationPotion"},{"floor":16.0,"key":"SpeedPotion"},{"floor":18.0,"key":"Death Potion"},{"floor":24.0,"key":"Toxic Potion"},{"floor":29.0,"key":"LifebloodPotion"},{"floor":35.0,"key":"AttackPotion"},{"floor":41.0,"key":"Strength Potion"},{"floor":47,"key":"Toxic Potion"}],"is_trial":false,"path_per_floor":["M","M","?","M","M","E","?","?","T","R","M","$","M","E","R","B",null,"M","?","M","AVR","M","R","E","$","T","R","?","M","M","E","R","B",null,"M","M","?","$","M","R","E","$","T","?","M","?","NM","$","R","B",null,"R","$","E","B"],"character_chosen":"DEFECT","items_purchased":["Beam Cell","PrismaticShard","Question Card","ReplayGash+1","Sunder+1","Strength Potion","Inflame","Gash+1"],"campfire_rested":3,"item_purchase_floors":[12,12,25,38,38,42,48,53],"current_hp_per_floor":[75,75,75,75,63,34,34,52,52,52,37,37,39,29,55,44,78,78,62,62,62,52,52,34,34,34,61,61,58,60,62,62,64,92,94,87,87,87,89,89,98,98,98,98,100,100,34,34,69,43,100,100,100,69,0,0],"gold":43,"neow_bonus":"THREE_ENEMY_KILL","is_daily":false,"chose_seed":false,"campfire_upgraded":4,"win_rate":0.0,"timestamp":1609224495,"path_taken":["M","M","?","M","?","E","?","?","T","R","M","?","M","E","R","BOSS","M","?","M","AVR","M","R","E","$","T","R","?","M","M","E","R","BOSS","M","M","?","$","M","R","E","$","T","?","M","?","NM","?","R","BOSS","R","$","E","BOSS"],"items_purchased_type":["Card","Relic","Relic","Card","Card","Potion","Card","Card"],"build_version":"2020-12-22","purchased_purges":0,"victory":false,"max_hp_per_floor":[75,75,75,75,75,75,75,75,75,75,75,75,77,87,87,89,89,89,89,89,89,91,91,93,93,93,93,93,95,97,99,99,101,101,103,103,103,103,105,105,115,115,115,115,117,117,119,119,119,119,119,119,119,119,119,119],"card_choices":[{"not_picked":["Turbo","Lockon"],"picked":"Scrape","floor":1.0},{"not_picked":["Storm","Beam Cell"],"picked":"Gash","floor":2.0},{"not_picked":["Fusion","Hello World","Time Bomb"],"picked":"SKIP","floor":4.0},{"not_picked":["Beam Cell","Streamline"],"picked":"Go for the Eyes","floor":5.0},{"not_picked":["Barrage","Blizzard"],"picked":"Sweeping Beam","floor":6.0},{"not_picked":["Flex","hubris:Prefetch"],"picked":"Anger","floor":11.0},{"not_picked":["Backflip","FlurryOfBlows","Purity"],"picked":"Singing Bowl","floor":13.0},{"not_picked":["LikeWater","Burning Pact","FIFO Queue"],"picked":"Singing Bowl","floor":14.0},{"not_picked":["Vault","Thinking Ahead","Magnetism"],"picked":"Singing Bowl","floor":16.0},{"not_picked":[],"picked":"Anger","floor":18.0},{"not_picked":["Quick Slash"],"picked":"Singing Bowl","floor":22.0},{"not_picked":["ReplayTheSpireMod:From All Sides"],"picked":"Singing Bowl","floor":24.0},{"not_picked":["Coolheaded","Leap"],"picked":"Singing Bowl","floor":29.0},{"not_picked":["Replay:Undeath\u0027s Touch+1","Prepared"],"picked":"Singing Bowl","floor":30.0},{"not_picked":["Prostrate+1","Dagger Throw+1"],"picked":"Singing Bowl","floor":31.0},{"not_picked":["hubris:StunningStrike+1","Ragnarok+1"],"picked":"Singing Bowl","floor":33.0},{"not_picked":["Good Instincts","Forethought+1"],"picked":"Singing Bowl","floor":35.0},{"not_picked":["CutThroughFate+1"],"picked":"Prostrate+1","floor":36.0},{"not_picked":["Evaluate+1","ClearTheMind+1"],"picked":"Singing Bowl","floor":39.0},{"not_picked":["hubris:ReadiedAction","EmptyFist+1"],"picked":"Singing Bowl","floor":41.0},{"not_picked":["Dramatic Entrance+1","Sentinel"],"picked":"Singing Bowl","floor":45.0},{"not_picked":["CrushJoints+1","Rupture+1"],"picked":"Singing Bowl","floor":47},{"not_picked":["Melter+1"],"picked":"JustLucky+1","floor":54}],"player_experience":274031,"relics_obtained":[{"floor":6.0,"key":"Singing Bowl"},{"floor":9.0,"key":"PreservedInsect"},{"floor":14.0,"key":"hubris:Spice"},{"floor":19.0,"key":"Necronomicon"},{"floor":24.0,"key":"Simple Rune"},{"floor":26.0,"key":"hubris:MysteriousPyramids"},{"floor":31.0,"key":"Molten Egg 2"},{"floor":41.0,"key":"hubris:Spice"}],"event_choices":[{"damage_healed":0.0,"max_hp_gain":0.0,"max_hp_loss":0.0,"gold_gain":0.0,"cards_transformed":["Strike_B"],"event_name":"Transmorgrifier","player_choice":"Transformed","floor":3.0,"gold_loss":0.0,"damage_taken":0.0,"cards_obtained":["Auto Shields"]},{"damage_healed":18.0,"max_hp_gain":0.0,"max_hp_loss":0.0,"gold_gain":0.0,"event_name":"The Cleric","player_choice":"Healed","floor":8.0,"gold_loss":35.0,"damage_taken":0.0},{"damage_healed":0.0,"max_hp_gain":0.0,"max_hp_loss":0.0,"gold_gain":0.0,"event_name":"Cursed Tome","player_choice":"Obtained Book","floor":19.0,"gold_loss":0.0,"damage_taken":16.0}],"is_beta":false,"boss_relics":[{"not_picked":["hubris:Spice","hubris:BlackHole"],"picked":"Busted Crown"},{"not_picked":["Kintsugi","hubris:Spice"],"picked":"SlaversCollar"}],"items_purged_floors":[],"is_endless":true,"potions_floor_spawned":[1,5,11,16,18,24,29,35,41,47],"killed_by":"The Heart","ascension_level":5}}