{"host":"38abhf7uonnoqlzr","time":1609263827,"event":{"mods":["Act Like it!","Aspiration","BaseMod","Better Note","Better Third Choice","Block Reminder","CapriCore","Colored Map","Conspire","Displayed Cursed Tome","Dota2Spire","Downfall","Energized Spire","Friendly Minions","Hallownest","Hubris","Minty Spire (QoL Compilation)","Pale of the Ancients","Rare Cards Sparkle","Relic Stats","Replay The Spire","Spicy Shops","StSLib","The Caster","Waifu the Spire"],"gold_per_floor":[116,116,116,135,137,137,137],"floor_reached":6,"playtime":525,"items_purged":[],"score":34,"play_id":"302e09f7-1554-489b-bc0a-9cd0c4b0d14b","local_time":"20201229184347","is_ascension_mode":false,"campfire_choices":[],"circlet_count":0,"master_deck":["caster:Meteor","caster:DivertFocus","caster:strike","caster:strike","caster:strike","caster:strike","caster:defend","caster:defend","caster:defend","caster:defend","caster:defend","caster:Unearth","caster:ShivasGrace","hubris:Wrath","caster:ShivasGrace"],"relics":["caster:MagicBook","hubris:Icosahedron","ReplayTheSpireMod:CursedCoin"],"acts_visited":["Exordium"],"potions_floor_usage":[6,6],"damage_taken":[{"damage":0.0,"enemies":"Small Slimes","floor":1.0,"turns":6.0},{"damage":0.0,"enemies":"conspire:RoseBush","floor":4.0,"turns":4.0},{"damage":78,"enemies":"Lagavulin","floor":6,"turns":13}],"seed_played":"101372168225875880","potions_obtained":[{"floor":1.0,"key":"LiquidMemories"}],"is_trial":false,"path_per_floor":["M","?","?","M","$","E"],"character_chosen":"THE_CASTER","items_purchased":["ReplayTheSpireMod:CursedCoin","caster:ShivasGrace"],"campfire_rested":0,"item_purchase_floors":[5,5],"current_hp_per_floor":[70,70,70,70,70,0,0],"gold":137,"neow_bonus":"TEN_PERCENT_HP_BONUS","is_daily":false,"chose_seed":false,"campfire_upgraded":0,"win_rate":0.0,"timestamp":1609263827,"path_taken":["M","?","?","M","$","E"],"items_purchased_type":["Relic","Card"],"build_version":"2020-12-22","purchased_purges":0,"victory":false,"max_hp_per_floor":[70,70,70,70,70,70,70],"relic_stats":{"counters":[3,23],"obtain_stats":[{"hubris:Icosahedron":2,"ReplayTheSpireMod:CursedCoin":5,"caster:MagicBook":0},{"hubris:Icosahedron":1,"ReplayTheSpireMod:CursedCoin":2,"caster:MagicBook":0},{"hubris:Icosahedron":6,"ReplayTheSpireMod:CursedCoin":10,"caster:MagicBook":0}]},"card_choices":[{"not_picked":["caster:Illusion","caster:Sandstorm"],"picked":"caster:Unearth","floor":1.0},{"not_picked":["caster:Incantation","caster:Fireball"],"picked":"caster:ShivasGrace","floor":4.0}],"player_experience":304927,"relics_obtained":[],"event_choices":[{"damage_healed":0.0,"max_hp_gain":0.0,"max_hp_loss":0.0,"gold_gain":0.0,"event_name":"The Cleric","player_choice":"Leave","floor":3.0,"gold_loss":0.0,"damage_taken":0.0}],"is_beta":false,"boss_relics":[],"items_purged_floors":[],"is_endless":false,"potions_floor_spawned":[1],"killed_by":"Lagavulin","ascension_level":0}}