{"host":"873t0y8ybyo38pfq","time":1609247784,"event":{"mods":["BaseMod","Bestiary","Colored Map","Colored Powertips","Highlight Path","Minty Spire (QoL Compilation)","Quick Restart","RNG Fix","Rare Cards Sparkle","Relic Stats","StSLib"],"gold_per_floor":[117,117,135,1,20,48,65,65,65,76,103,103,103,103,103,103,103],"floor_reached":16,"playtime":479,"items_purged":["Strike_G"],"score":270,"play_id":"8795fe82-58eb-45d9-b934-f8e4c0adc75d","local_time":"20201229081624","is_ascension_mode":true,"campfire_choices":[{"data":"Footwork","floor":15,"key":"SMITH"}],"circlet_count":0,"master_deck":["AscendersBane","Strike_G","Strike_G","Strike_G","Defend_G","Defend_G","Defend_G","Defend_G","Defend_G","Survivor","Neutralize","Blade Dance","Acrobatics","Footwork+1","Crippling Poison","Bouncing Flask","Die Die Die"],"relics":["Ring of the Snake","NeowsBlessing","Darkstone Periapt","Singing Bowl","Tiny Chest","Mercury Hourglass"],"acts_visited":["Exordium"],"potions_floor_usage":[6,10,11],"damage_taken":[{"damage":0,"enemies":"2 Louse","floor":1,"turns":1},{"damage":0,"enemies":"Cultist","floor":3,"turns":1},{"damage":0,"enemies":"Small Slimes","floor":5,"turns":1},{"damage":27,"enemies":"3 Sentries","floor":6,"turns":13},{"damage":0,"enemies":"2 Fungi Beasts","floor":7,"turns":4},{"damage":4,"enemies":"Red Slaver","floor":10,"turns":5},{"damage":0,"enemies":"Gremlin Nob","floor":11,"turns":3},{"damage":57,"enemies":"Slime Boss","floor":16,"turns":12}],"seed_played":"-7766849764194093180","potions_obtained":[{"floor":1,"key":"EntropicBrew"}],"is_trial":false,"path_per_floor":["M","?","M","$","M","E","M","?","T","M","E","?","?","T","R","B"],"character_chosen":"THE_SILENT","items_purchased":["Acrobatics"],"campfire_rested":0,"item_purchase_floors":[4],"current_hp_per_floor":[59,52,52,52,52,25,25,7,7,5,5,5,68,68,68,11,11],"gold":103,"neow_bonus":"THREE_ENEMY_KILL","is_daily":false,"chose_seed":false,"campfire_upgraded":1,"win_rate":0.0,"timestamp":1609247784,"path_taken":["M","?","?","$","M","E","M","?","T","?","E","?","?","?","R","BOSS"],"items_purchased_type":["Card"],"build_version":"2020-12-22","purchased_purges":1,"victory":false,"max_hp_per_floor":[66,66,66,66,66,66,66,66,66,68,68,68,68,68,68,68,68],"relic_stats":{"Darkstone Periapt":0,"Singing Bowl":2,"counters":[8,40],"Tiny Chest":0,"obtain_stats":[{"Darkstone Periapt":6,"NeowsBlessing":0,"Singing Bowl":9,"Tiny Chest":11,"Ring of the Snake":0,"Mercury Hourglass":14},{"Darkstone Periapt":4,"NeowsBlessing":0,"Singing Bowl":5,"Tiny Chest":7,"Ring of the Snake":0,"Mercury Hourglass":7},{"Darkstone Periapt":16,"NeowsBlessing":0,"Singing Bowl":20,"Tiny Chest":28,"Ring of the Snake":0,"Mercury Hourglass":28}],"Ring of the Snake":[16],"Mercury Hourglass":[54]},"card_choices":[{"not_picked":["Deflect","Outmaneuver"],"picked":"Blade Dance","floor":1},{"not_picked":["Dagger Throw","Well Laid Plans"],"picked":"Dash","floor":3},{"not_picked":["Backflip","Deadly Poison"],"picked":"Footwork","floor":5},{"not_picked":["Riddle With Holes","Prepared"],"picked":"Crippling Poison","floor":6},{"not_picked":["Reflex","PiercingWail"],"picked":"Bouncing Flask","floor":7},{"not_picked":["Choke","Dash","Quick Slash"],"picked":"Singing Bowl","floor":10},{"not_picked":["Distraction","Bouncing Flask"],"picked":"Die Die Die","floor":11}],"player_experience":1393113,"relics_obtained":[{"floor":6,"key":"Darkstone Periapt"},{"floor":9,"key":"Singing Bowl"},{"floor":11,"key":"Tiny Chest"},{"floor":14,"key":"Mercury Hourglass"}],"event_choices":[{"cards_removed":["Strike_G"],"damage_healed":0,"gold_gain":0,"player_choice":"Card Removal","damage_taken":7,"max_hp_gain":0,"max_hp_loss":0,"event_name":"Golden Wing","floor":2,"gold_loss":0},{"damage_healed":0,"gold_gain":0,"player_choice":"Fled","damage_taken":18,"max_hp_gain":0,"max_hp_loss":0,"event_name":"Scrap Ooze","floor":8,"gold_loss":0},{"damage_healed":0,"gold_gain":0,"player_choice":"Ignored","damage_taken":0,"max_hp_gain":0,"max_hp_loss":0,"event_name":"Liars Game","floor":12,"gold_loss":0},{"cards_removed":["Dash"],"damage_healed":63,"gold_gain":0,"player_choice":"Offered Uncommon","damage_taken":0,"max_hp_gain":0,"max_hp_loss":0,"event_name":"Bonfire Elementals","floor":13,"gold_loss":0}],"is_beta":false,"boss_relics":[],"items_purged_floors":[4],"is_endless":false,"potions_floor_spawned":[1,7],"killed_by":"Slime Boss","ascension_level":20}}