{"host":"j29osl8nelwi4hyu","time":1609218824,"event":{"mods":["BaseMod","Colored Powertips","Hubris","Infinite Spire","Minty Spire (QoL Compilation)","Replay The Spire","StSLib"],"gold_per_floor":[111,111,122,75,35,35,70,88,88,101,101,101],"floor_reached":11,"playtime":309,"items_purged":[],"score":91,"play_id":"dd279493-1fbd-413b-b647-89de530ad3c2","local_time":"20201228211344","is_ascension_mode":true,"campfire_choices":[{"data":"Darkness","floor":6,"key":"SMITH"}],"circlet_count":0,"master_deck":["Strike_B","Strike_B","Strike_B","Strike_B","Defend_B","Defend_B","Defend_B","Defend_B","Zap","Dualcast","Fission+1","Darkness+1","hubris:Ukulele","Redo","Go for the Eyes","Rebound","Time Bomb"],"relics":["Cracked Core","Replay:Baseball","hubris:DeckOfHolding"],"acts_visited":["Exordium"],"potions_floor_usage":[7,7,7,11,11],"damage_taken":[{"damage":6,"enemies":"Cultist","floor":1,"turns":4},{"damage":10,"enemies":"Small Slimes","floor":3,"turns":2},{"damage":29,"enemies":"3 Sentries","floor":7,"turns":8},{"damage":4,"enemies":"Jaw Worm","floor":8,"turns":2},{"damage":40,"enemies":"Exordium Wildlife","floor":10,"turns":4},{"damage":20,"enemies":"Lagavulin","floor":11,"turns":2}],"seed_played":"5258861776451561426","potions_obtained":[{"floor":1,"key":"Regen Potion"},{"floor":5,"key":"Toxic Potion"},{"floor":5,"key":"Weak Potion"},{"floor":7,"key":"Ancient Potion"},{"floor":10,"key":"SkillPotion"}],"is_trial":false,"path_per_floor":["M","?","M","$","?","R","E","M","T","M","E"],"character_chosen":"DEFECT","items_purchased":["Redo"],"campfire_rested":0,"item_purchase_floors":[4],"current_hp_per_floor":[69,69,59,59,59,59,45,41,41,1,0,0],"gold":101,"neow_bonus":"ONE_RANDOM_RARE_CARD","is_daily":false,"chose_seed":false,"campfire_upgraded":1,"win_rate":0.0,"timestamp":1609218824,"path_taken":["M","?","M","$","?","R","E","M","T","?","E"],"items_purchased_type":["Card"],"build_version":"2020-12-22","purchased_purges":0,"victory":false,"max_hp_per_floor":[75,75,75,75,75,75,75,75,75,75,75,75],"card_choices":[{"not_picked":["Sweeping Beam","Leap"],"picked":"Darkness","floor":1},{"not_picked":["Stack","Steam Power"],"picked":"hubris:Ukulele","floor":3},{"not_picked":["BasicCrystalCard","Coolheaded"],"picked":"Go for the Eyes","floor":7},{"not_picked":["Turbo","Stack"],"picked":"Rebound","floor":8},{"not_picked":["Fusion","Crystallizer"],"picked":"Time Bomb","floor":10}],"player_experience":271093,"relics_obtained":[{"floor":7,"key":"Replay:Baseball"},{"floor":9,"key":"hubris:DeckOfHolding"}],"event_choices":[{"damage_healed":0,"gold_gain":0,"player_choice":"Bought 3 Potions","damage_taken":0,"max_hp_gain":0,"max_hp_loss":0,"event_name":"The Woman in Blue","floor":5,"gold_loss":0}],"is_beta":false,"boss_relics":[],"items_purged_floors":[],"is_endless":false,"potions_floor_spawned":[1,7,10],"killed_by":"Lagavulin","ascension_level":5}}