{"host":"mi0eibewekhugwl1","time":1609246233,"event":{"mods":["AchievementEnabler","BaseMod","Colored Map","Colored Powertips","DeckTracker","Keyboard Shortcuts","Minty Spire (QoL Compilation)","Quick Restart","Rare Cards Sparkle","Relic Stats","StSLib","SuperFastMode","everything is the same but u backflip on backflip"],"gold_per_floor":[112,112,129,149,23,55,55,82,150,175,14,24,40,50,50,128,178,190,190,39,59,74,74,107,107,107,107,125,125,135,147,147,223,223,241,241,40,56,6,6,6,6],"floor_reached":41,"playtime":1330,"items_purged":["Zap","Strike_B+1"],"score":941,"play_id":"612eb452-6916-4244-90a7-3795ed582914","local_time":"20201229215033","is_ascension_mode":true,"campfire_choices":[{"data":"Hyperbeam","floor":7,"key":"SMITH"},{"data":"Go for the Eyes","floor":15,"key":"SMITH"},{"floor":23,"key":"REST"},{"data":"Turbo","floor":25,"key":"SMITH"},{"floor":27,"key":"REST"},{"floor":32,"key":"REST"},{"data":"Apotheosis","floor":40,"key":"SMITH"}],"circlet_count":0,"master_deck":["AscendersBane","Defend_B","Defend_B","Defend_B","Defend_B","Dualcast","Reprogram+1","Chill","Streamline+1","Beam Cell+1","Hyperbeam+1","Steam","BootSequence","Gash","Conserve Battery","FTL","Turbo+1","Gash","Go for the Eyes+1","Echo Form","Self Repair","FTL","Gash+1","Go for the Eyes","Skim","Steam+1","FTL","Reprogram","Echo Form","Rip and Tear+1","Hologram","Stack","Buffer","Turbo+1","Apotheosis+1"],"relics":["Cracked Core","NeowsBlessing","Pocketwatch","Whetstone","Question Card","Prayer Wheel","PreservedInsect","Tiny House","Juzu Bracelet","Smiling Mask","Black Star"],"acts_visited":["Exordium","TheCity","TheBeyond"],"potions_floor_usage":[6,6,16,18,22,22,22,31,33],"damage_taken":[{"damage":0,"enemies":"2 Louse","floor":1,"turns":1},{"damage":0,"enemies":"Cultist","floor":3,"turns":1},{"damage":0,"enemies":"Jaw Worm","floor":4,"turns":1},{"damage":11,"enemies":"Gremlin Nob","floor":6,"turns":3},{"damage":0,"enemies":"Lagavulin","floor":8,"turns":5},{"damage":11,"enemies":"Gremlin Nob","floor":10,"turns":3},{"damage":2,"enemies":"Lots of Slimes","floor":12,"turns":3},{"damage":0,"enemies":"Looter","floor":13,"turns":2},{"damage":0,"enemies":"2 Fungi Beasts","floor":14,"turns":1},{"damage":33,"enemies":"Hexaghost","floor":16,"turns":8},{"damage":24,"enemies":"Shell Parasite","floor":18,"turns":6},{"damage":16,"enemies":"3 Byrds","floor":21,"turns":5},{"damage":7,"enemies":"Snake Plant","floor":22,"turns":3},{"damage":17,"enemies":"Slavers","floor":24,"turns":2},{"damage":16,"enemies":"Centurion and Healer","floor":28,"turns":6},{"damage":18,"enemies":"Cultist and Chosen","floor":30,"turns":6},{"damage":13,"enemies":"Snecko","floor":31,"turns":3},{"damage":8,"enemies":"Champ","floor":33,"turns":8},{"damage":6,"enemies":"3 Shapes","floor":35,"turns":7},{"damage":14,"enemies":"Orb Walker","floor":38,"turns":4},{"damage":104,"enemies":"Giant Head","floor":41,"turns":9}],"seed_played":"-6369700126701696128","potions_obtained":[{"floor":1,"key":"GamblersBrew"},{"floor":3,"key":"SteroidPotion"},{"floor":8,"key":"PowerPotion"},{"floor":10,"key":"Strength Potion"},{"floor":17,"key":"SkillPotion"},{"floor":18,"key":"SkillPotion"},{"floor":22,"key":"Fruit Juice"},{"floor":30,"key":"LiquidMemories"},{"floor":31,"key":"CultistPotion"}],"is_trial":false,"path_per_floor":["M","?","M","M","$","E","R","E","T","E","$","M","M","M","R","B",null,"M","?","$","M","M","R","E","R","T","R","M","?","M","M","R","B",null,"M","?","$","M","$","R","E"],"character_chosen":"DEFECT","items_purchased":["Hyperbeam","Steam","PreservedInsect","Self Repair","Apotheosis"],"campfire_rested":3,"item_purchase_floors":[5,5,11,20,37],"current_hp_per_floor":[64,64,64,64,64,53,53,53,53,42,42,40,40,40,40,7,60,36,36,36,27,32,56,39,39,39,63,54,54,36,23,47,53,74,75,81,81,74,74,74,0,0],"gold":6,"neow_bonus":"THREE_ENEMY_KILL","is_daily":false,"chose_seed":false,"campfire_upgraded":4,"win_rate":0.0,"timestamp":1609246233,"path_taken":["M","?","M","?","$","E","R","E","T","E","?","M","M","M","R","BOSS","M","?","$","?","M","R","E","R","T","R","M","?","M","M","R","BOSS","M","?","$","M","$","R","E"],"items_purchased_type":["Card","Card","Relic","Card","Card"],"build_version":"2020-12-22","purchased_purges":2,"victory":false,"max_hp_per_floor":[71,71,71,71,71,71,71,71,71,71,71,71,71,71,71,71,76,76,76,76,76,81,81,81,81,81,81,81,81,81,81,81,81,81,81,81,81,81,81,81,81,81],"relic_stats":{"counters":[21,87],"Prayer Wheel":11,"PreservedInsect":171,"Juzu Bracelet":0,"Black Star":0,"Whetstone":["Streamline","Beam Cell"],"Question Card":27,"Smiling Mask":50,"obtain_stats":[{"Tiny House":17,"NeowsBlessing":0,"Prayer Wheel":10,"PreservedInsect":11,"Juzu Bracelet":24,"Black Star":34,"Whetstone":8,"Cracked Core":0,"Question Card":9,"Smiling Mask":26,"Pocketwatch":6},{"Tiny House":10,"NeowsBlessing":0,"Prayer Wheel":6,"PreservedInsect":6,"Juzu Bracelet":14,"Black Star":18,"Whetstone":5,"Cracked Core":0,"Question Card":5,"Smiling Mask":14,"Pocketwatch":4},{"Tiny House":28,"NeowsBlessing":0,"Prayer Wheel":14,"PreservedInsect":14,"Juzu Bracelet":44,"Black Star":67,"Whetstone":11,"Cracked Core":0,"Question Card":11,"Smiling Mask":44,"Pocketwatch":6}],"Pocketwatch":[72]},"card_choices":[{"not_picked":["Force Field","Coolheaded"],"picked":"Reprogram","floor":1},{"not_picked":["Undo","Consume"],"picked":"Streamline","floor":3},{"not_picked":["Compile Driver","Turbo"],"picked":"Beam Cell","floor":4},{"not_picked":["Sweeping Beam","Cold Snap"],"picked":"BootSequence","floor":6},{"not_picked":["Sweeping Beam","Heatsinks"],"picked":"Gash","floor":8},{"not_picked":["Streamline","Heatsinks","Static Discharge"],"picked":"Conserve Battery","floor":10},{"not_picked":["Compile Driver","Genetic Algorithm","Redo"],"picked":"FTL","floor":12},{"not_picked":["Melter","White Noise","Machine Learning","Redo"],"picked":"SKIP","floor":12},{"not_picked":["Undo","Skim","White Noise"],"picked":"Turbo","floor":13},{"not_picked":["Conserve Battery","Hologram","Streamline","Barrage"],"picked":"SKIP","floor":13},{"not_picked":["Chaos","Scrape","Leap"],"picked":"Gash","floor":14},{"not_picked":["Consume","Streamline","Stack"],"picked":"Go for the Eyes","floor":14},{"not_picked":["Rainbow","Multi-Cast","Machine Learning"],"picked":"Echo Form","floor":16},{"not_picked":["Barrage","Echo Form","Conserve Battery","Storm"],"picked":"SKIP","floor":18},{"not_picked":["Coolheaded","Cold Snap","Sweeping Beam","White Noise"],"picked":"SKIP","floor":18},{"not_picked":["Storm+1","Conserve Battery","Streamline"],"picked":"FTL","floor":21},{"not_picked":["Barrage","Leap","Hologram","Echo Form"],"picked":"SKIP","floor":21},{"not_picked":["Hello World","Fusion","Barrage"],"picked":"Gash+1","floor":22},{"not_picked":["Cold Snap","Loop","Chill"],"picked":"Go for the Eyes","floor":22},{"not_picked":["Darkness","Consume","Melter"],"picked":"Skim","floor":24},{"not_picked":["Loop+1","Cold Snap","Darkness"],"picked":"Steam+1","floor":28},{"not_picked":["Electrodynamics","Ball Lightning","Gash"],"picked":"FTL","floor":28},{"not_picked":["Sweeping Beam","Ball Lightning","FTL"],"picked":"Rip and Tear+1","floor":30},{"not_picked":["Storm","Conserve Battery","FTL"],"picked":"Hologram","floor":30},{"not_picked":["Cold Snap","Turbo","Redo"],"picked":"Stack","floor":31},{"not_picked":["Beam Cell","FTL","Blizzard+1","Reprogram"],"picked":"SKIP","floor":31},{"not_picked":["Rainbow","Fission","Echo Form"],"picked":"Buffer","floor":33},{"not_picked":["Redo","Barrage+1","Coolheaded"],"picked":"Turbo+1","floor":35},{"not_picked":["Leap","Sweeping Beam","Streamline","Loop+1"],"picked":"SKIP","floor":35},{"not_picked":["Compile Driver","Leap+1","Chaos","Steam+1"],"picked":"SKIP","floor":38},{"not_picked":["Blizzard","Go for the Eyes+1","Compile Driver","Beam Cell"],"picked":"SKIP","floor":38}],"player_experience":1726041,"relics_obtained":[{"floor":6,"key":"Pocketwatch"},{"floor":8,"key":"Whetstone"},{"floor":9,"key":"Question Card"},{"floor":10,"key":"Prayer Wheel"},{"floor":24,"key":"Juzu Bracelet"},{"floor":26,"key":"Smiling Mask"}],"event_choices":[{"damage_healed":0,"gold_gain":0,"cards_transformed":["Strike_B"],"player_choice":"Transformed","damage_taken":0,"max_hp_gain":0,"max_hp_loss":0,"event_name":"Transmorgrifier","floor":2,"gold_loss":0,"cards_obtained":["Chill"]},{"damage_healed":0,"gold_gain":0,"player_choice":"Upgraded","damage_taken":0,"max_hp_gain":0,"max_hp_loss":0,"event_name":"Upgrade Shrine","floor":19,"gold_loss":0,"cards_upgraded":["Reprogram"]},{"damage_healed":0,"gold_gain":0,"cards_transformed":["Strike_B","Strike_B"],"player_choice":"Became Test Subject","damage_taken":0,"max_hp_gain":0,"max_hp_loss":0,"event_name":"Drug Dealer","floor":29,"gold_loss":0,"cards_obtained":["Reprogram","Echo Form"]},{"damage_healed":6,"gold_gain":0,"player_choice":"Full Heal","damage_taken":0,"max_hp_gain":0,"max_hp_loss":0,"event_name":"Wheel of Change","floor":36,"gold_loss":0}],"is_beta":false,"boss_relics":[{"not_picked":["Coffee Dripper","SacredBark"],"picked":"Tiny House"},{"not_picked":["Nuclear Battery","Runic Dome"],"picked":"Black Star"}],"items_purged_floors":[20,39],"is_endless":false,"potions_floor_spawned":[1,3,4,8,10,14,18,22,30,31],"killed_by":"Giant Head","ascension_level":20}}