{"host":"oeeu8njhzvf3llor","time":1609268005,"event":{"mods":["BaseMod","Better Match","Better Note","Better Skull","Better Third Choice","Hubris","Minty Spire (QoL Compilation)","Rare Cards Sparkle","Replay The Spire","Shop Mod","Spicy Shops","StSLib","Swap Starting Deck Mod"],"gold_per_floor":[212,230,28,48,48,77,97,132,132,148,148,167,167,199,199,302,302,320,340,164,177,177,207,220,220,294,324,340,371,391,391,391,487,487,507,507,407,424,102,102,102,102,127,154,171,189,207,218,218,218,218,218,100,133,133],"floor_reached":56,"playtime":1935,"items_purged":["Strike_R","Strike_R","Strike_R","Defend_R"],"score":1937,"play_id":"83b074bf-86fb-4674-a4dd-8e1c9b65ac4f","local_time":"20201229135325","is_ascension_mode":true,"campfire_choices":[{"floor":11.0,"key":"REST"},{"data":"Spot Weakness","floor":13.0,"key":"SMITH"},{"data":"True Grit","floor":15.0,"key":"SMITH"},{"data":"ReplayTheSpireMod:Strike From Hell","floor":25,"key":"SMITH"},{"floor":32,"key":"RECALL"},{"data":"Inflame","floor":40,"key":"SMITH"},{"data":"Feel No Pain","floor":42,"key":"SMITH"},{"data":"Defend_R","floor":49,"key":"PURGE"},{"data":"ReplayTheSpireMod:Necrogeddon","floor":52,"key":"SMITH"}],"circlet_count":0,"master_deck":["Strike_R","Defend_R","Defend_R","Bash+1","True Grit+1","Ghostly Armor","Pommel Strike","Cleave","Thunderclap","Thunderclap","Feel No Pain+1","Spot Weakness+1","ReplayTheSpireMod:Strike From Hell+1","Limit Break","Spot Weakness+1","Inflame+1","Offering","Whirlwind","Heavy Blade","ReplayTheSpireMod:Limb From Limb+1","Limit Break","ReplayTheSpireMod:Necrogeddon+1","ReplayTheSpireMod:Strike From Hell+1","ReplayTheSpireMod:Strike From Hell+1","ReplayTheSpireMod:Strike From Hell+1"],"relics":["Black Blood","MerchantsRug","Pen Nib","Ancient Tea Set","hubris:Potato","hubris:BlackHole","hubris:GlazedTorus","Shuriken","Bottled Tornado","Torii","Coffee Dripper","Sozu","hubris:Backtick","Dead Branch","hubris:MysteriousPyramids","DollysMirror","Bottled Lightning"],"acts_visited":["Exordium","TheCity","TheBeyond","TheEnding"],"potions_floor_usage":[50],"damage_taken":[{"damage":16.0,"enemies":"Jaw Worm","floor":1.0,"turns":4.0},{"damage":3.0,"enemies":"Small Slimes","floor":2.0,"turns":3.0},{"damage":0.0,"enemies":"Cultist","floor":4.0,"turns":3.0},{"damage":45.0,"enemies":"Lagavulin","floor":6.0,"turns":7.0},{"damage":10.0,"enemies":"Large Slime","floor":7.0,"turns":6.0},{"damage":15.0,"enemies":"Gremlin Nob","floor":8.0,"turns":4.0},{"damage":1.0,"enemies":"Lots of Slimes","floor":10.0,"turns":2.0},{"damage":4.0,"enemies":"Red Slaver","floor":12.0,"turns":3.0},{"damage":8.0,"enemies":"Replay:BlueRogue","floor":14.0,"turns":5.0},{"damage":50,"enemies":"The Guardian","floor":16,"turns":15},{"damage":0,"enemies":"2 Thieves","floor":18,"turns":2},{"damage":0,"enemies":"Spheric Guardian","floor":19,"turns":2},{"damage":0,"enemies":"Centurion and Healer","floor":21,"turns":2},{"damage":9,"enemies":"Slavers","floor":23,"turns":3},{"damage":0,"enemies":"Snecko","floor":24,"turns":3},{"damage":1,"enemies":"Replay:Snechameleon","floor":27,"turns":4},{"damage":0,"enemies":"3 Cultists","floor":28,"turns":2},{"damage":0,"enemies":"Gremlin Leader","floor":29,"turns":1},{"damage":0,"enemies":"Centurion and Healer","floor":30,"turns":2},{"damage":0,"enemies":"Pondfish","floor":33,"turns":2},{"damage":0,"enemies":"Orb Walker","floor":35,"turns":1},{"damage":0,"enemies":"3 Darklings","floor":38,"turns":1},{"damage":0,"enemies":"Giant Head","floor":44,"turns":1},{"damage":0,"enemies":"Transient","floor":45,"turns":1},{"damage":0,"enemies":"Sphere and 2 Shapes","floor":46,"turns":1},{"damage":0,"enemies":"Spire Growth","floor":47,"turns":1},{"damage":0,"enemies":"Transient","floor":48,"turns":1},{"damage":0,"enemies":"hubris:GrandSnecko","floor":50,"turns":1},{"damage":0,"enemies":"Shield and Spear","floor":54,"turns":1},{"damage":0,"enemies":"The Heart","floor":55,"turns":2}],"seed_played":"5693635511705495846","potions_obtained":[{"floor":1.0,"key":"PowerPotion"},{"floor":6.0,"key":"LiquidMemories"},{"floor":8.0,"key":"SmokeBomb"},{"floor":10.0,"key":"Adrenaline Potion"},{"floor":23,"key":"FearPotion"}],"is_trial":false,"path_per_floor":["M","M","$","M","?","E","M","E","T","M","R","M","R","E","R","B",null,"M","M","$","M","?","E","M","R","T","E","M","E","M","?","R","B",null,"M","?","$","M","$","R","?","R","T","E","M","M","M","M","R","B",null,"R","$","E","B",null],"character_chosen":"IRONCLAD","items_purchased":["MerchantsRug","Pommel Strike","Inflame","ReplayTheSpireMod:Necrogeddon","DollysMirror"],"campfire_rested":1,"item_purchase_floors":[3,3,20,39,53],"current_hp_per_floor":[70,73,73,79,79,40,36,27,27,32,56,58,58,56,56,12,80,80,80,80,80,80,77,80,80,80,80,80,80,80,80,80,80,80,80,80,80,80,80,80,80,80,80,80,80,80,80,80,80,80,80,80,80,80,80],"gold":133,"neow_bonus":"HUNDRED_GOLD","is_daily":false,"chose_seed":false,"campfire_upgraded":6,"win_rate":0.0,"timestamp":1609268005,"path_taken":["M","M","$","M","?","E","M","E","T","M","R","M","R","E","R","BOSS","M","M","$","M","?","E","M","R","T","E","M","E","M","?","R","BOSS","M","?","$","M","$","R","?","R","T","E","M","M","M","?","R","BOSS","R","$","E","BOSS"],"items_purchased_type":["Relic","Card","Card","Card","Relic"],"build_version":"2020-12-22","purchased_purges":4,"victory":true,"max_hp_per_floor":[80,80,80,80,80,80,80,80,80,80,80,80,80,80,80,80,80,80,80,80,80,80,80,80,80,80,80,80,80,80,80,80,80,80,80,80,80,80,80,80,80,80,80,80,80,80,80,80,80,80,80,80,80,80,80],"card_choices":[{"not_picked":["ReplayTheSpireMod:Corrosion Curse","Body Slam"],"picked":"True Grit","floor":1.0},{"not_picked":["Dropkick","Flex"],"picked":"Ghostly Armor","floor":2.0},{"not_picked":["hubris:ReadiedAction","Flame Barrier"],"picked":"Cleave","floor":4.0},{"not_picked":["Havoc","Armaments"],"picked":"Thunderclap","floor":6.0},{"not_picked":["Perfected Strike","Life Link"],"picked":"Thunderclap","floor":7.0},{"not_picked":["Massacre","Wild Strike"],"picked":"Feel No Pain","floor":8.0},{"not_picked":["Perfected Strike","Hemokinesis"],"picked":"Spot Weakness","floor":10.0},{"not_picked":["Body Slam","Heavy Blade","Run Through"],"picked":"SKIP","floor":12.0},{"not_picked":["Armaments","Warcry"],"picked":"ReplayTheSpireMod:Strike From Hell","floor":14.0},{"not_picked":["Replay:Many Hands","Brutality"],"picked":"Limit Break","floor":16},{"not_picked":["Wild Strike","Combust"],"picked":"Spot Weakness+1","floor":18},{"not_picked":["Abandon","Carnage","Massacre"],"picked":"SKIP","floor":19},{"not_picked":["Rampage+1","Armaments+1","Perfected Strike+1"],"picked":"SKIP","floor":21},{"not_picked":["Clothesline","Burning Pact","Pommel Strike"],"picked":"SKIP","floor":23},{"not_picked":["Armaments+1","Sword Boomerang","Body Slam"],"picked":"SKIP","floor":24},{"not_picked":["Clothesline+1","Perfected Strike+1"],"picked":"Offering","floor":27},{"not_picked":["Shrug It Off+1","Pommel Strike"],"picked":"Whirlwind","floor":28},{"not_picked":["Spot Weakness","ReplayTheSpireMod:Corrosion Curse"],"picked":"Heavy Blade","floor":29},{"not_picked":["Power Through","Abandon"],"picked":"ReplayTheSpireMod:Limb From Limb+1","floor":30},{"not_picked":["Demonic Infusion","Replay:Many Hands"],"picked":"Limit Break","floor":33},{"not_picked":["True Grit+1","Rage","Twin Strike+1"],"picked":"SKIP","floor":35},{"not_picked":["Rampage","Clash","Thunderclap+1"],"picked":"SKIP","floor":38},{"not_picked":["hubris:SharpeningStone","Seeing Red"],"picked":"ReplayTheSpireMod:Strike From Hell+1","floor":44},{"not_picked":["hubris:ReadiedAction+1","Perfected Strike","Headbutt"],"picked":"SKIP","floor":45},{"not_picked":["Rupture","hubris:ReadiedAction","Life Link"],"picked":"SKIP","floor":46},{"not_picked":["Shrug It Off","Battle Trance+1","Replay:Undeath\u0027s Touch+1"],"picked":"SKIP","floor":47},{"not_picked":["Entrench","Flex","Power Through+1"],"picked":"SKIP","floor":48},{"not_picked":["Clash+1","Cleave","Flex+1"],"picked":"SKIP","floor":54}],"player_experience":479318,"relics_obtained":[{"floor":6.0,"key":"Pen Nib"},{"floor":8.0,"key":"ReplayTheSpireMod:Ninjato"},{"floor":9.0,"key":"Ancient Tea Set"},{"floor":14.0,"key":"hubris:Potato"},{"floor":23,"key":"hubris:GlazedTorus"},{"floor":26,"key":"Shuriken"},{"floor":27,"key":"Bottled Tornado"},{"floor":29,"key":"Torii"},{"floor":44,"key":"hubris:MysteriousPyramids"},{"floor":54,"key":"Bottled Lightning"}],"event_choices":[{"damage_healed":0.0,"max_hp_gain":0.0,"max_hp_loss":0.0,"gold_gain":0.0,"event_name":"Living Wall","player_choice":"Grow","floor":5.0,"gold_loss":0.0,"damage_taken":0.0,"cards_upgraded":["Bash"]},{"cards_removed":["Strike_R"],"damage_healed":0,"gold_gain":0,"player_choice":"Give","damage_taken":0,"max_hp_gain":0,"max_hp_loss":0,"event_name":"betterNote:BetterNote","floor":22,"gold_loss":0,"cards_obtained":["Strike_B"]},{"cards_removed":["Strike_R"],"damage_healed":0,"gold_gain":0,"player_choice":"Purged","damage_taken":0,"max_hp_gain":0,"max_hp_loss":0,"event_name":"Purifier","floor":31,"gold_loss":0},{"damage_healed":0,"gold_gain":0,"player_choice":"Ignored","damage_taken":0,"max_hp_gain":0,"max_hp_loss":0,"event_name":"Tomb of Lord Red Mask","floor":36,"gold_loss":0},{"damage_healed":0,"gold_gain":0,"player_choice":"Copied","damage_taken":0,"max_hp_gain":0,"max_hp_loss":0,"event_name":"Duplicator","floor":41,"gold_loss":0,"cards_obtained":["ReplayTheSpireMod:Strike From Hell"]}],"is_beta":false,"boss_relics":[{"not_picked":["Black Star","ChewingGum"],"picked":"hubris:BlackHole"},{"not_picked":["Pandora\u0027s Box","Replay:Drink Me"],"picked":"Replay:Grab Bag"},{"not_picked":["ReplayTheSpireMod:Onyx Gauntlets","Runic Dome"],"picked":"Coffee Dripper"},{"not_picked":["Abe\u0027s Treasure","Cursed Key"],"picked":"Sozu"},{"not_picked":["Empty Cage","hubris:HollowSoul"],"picked":"hubris:Backtick"},{"not_picked":["Runic Cube","hubris:ScarierMask"],"picked":"Black Blood"}],"items_purged_floors":[20,37,39,53],"is_endless":false,"potions_floor_spawned":[1,6,8,10,23,28,29,30,35,38,44,54],"ascension_level":1}}