{"host":"15dd7v8o90xso62x","time":1609221401,"event":{"mods":["BaseMod","Minty Spire (QoL Compilation)","Quick Restart","StSLib","SuperFastMode"],"gold_per_floor":[119,139,153,167,68,96,111,111,185,33,33,33],"floor_reached":11,"playtime":317,"items_purged":["Strike_R"],"score":150,"play_id":"701f626c-c776-4ae0-bba2-2aa7e15aff72","local_time":"20201229145641","is_ascension_mode":true,"campfire_choices":[{"data":"Whirlwind","floor":8,"key":"SMITH"}],"circlet_count":0,"master_deck":["AscendersBane","Strike_R","Strike_R","Strike_R","Strike_R","Defend_R","Defend_R","Defend_R","Defend_R","Bash+1","Heavy Blade","Whirlwind+1","Impervious","Power Through","Shrug It Off","Fire Breathing"],"relics":["Burning Blood","Potion Belt","Girya","Letter Opener"],"acts_visited":["Exordium"],"potions_floor_usage":[],"damage_taken":[{"damage":7.0,"enemies":"Jaw Worm","floor":1.0,"turns":3.0},{"damage":6.0,"enemies":"Cultist","floor":2.0,"turns":3.0},{"damage":10.0,"enemies":"Small Slimes","floor":3.0,"turns":4.0},{"damage":11,"enemies":"2 Fungi Beasts","floor":4,"turns":3},{"damage":32,"enemies":"Gremlin Nob","floor":6,"turns":4},{"damage":6,"enemies":"3 Louse","floor":7,"turns":3},{"damage":43,"enemies":"Lagavulin","floor":11,"turns":8}],"seed_played":"8696272409608191008","potions_obtained":[{"floor":6,"key":"BlessingOfTheForge"},{"floor":7,"key":"ElixirPotion"}],"is_trial":false,"path_per_floor":["M","M","M","M","?","E","M","R","T","$","E"],"character_chosen":"IRONCLAD","items_purchased":["Fire Breathing"],"campfire_rested":0,"item_purchase_floors":[10],"current_hp_per_floor":[67,67,63,58,58,32,32,32,32,32,0,0],"gold":33,"neow_bonus":"UPGRADE_CARD","is_daily":false,"chose_seed":false,"campfire_upgraded":1,"win_rate":0.0,"timestamp":1609221401,"path_taken":["M","M","M","M","?","E","M","R","T","?","E"],"items_purchased_type":["Card"],"build_version":"2020-12-22","purchased_purges":1,"victory":false,"max_hp_per_floor":[75,75,75,75,75,75,75,75,75,75,75,75],"card_choices":[{"not_picked":["Iron Wave","Rage"],"picked":"Heavy Blade","floor":1.0},{"not_picked":["Sword Boomerang","Armaments"],"picked":"Whirlwind","floor":2.0},{"not_picked":["Metallicize","Warcry","Havoc"],"picked":"SKIP","floor":3.0},{"not_picked":["Wild Strike","Pommel Strike"],"picked":"Impervious","floor":4},{"not_picked":["Heavy Blade","Evolve"],"picked":"Power Through","floor":6},{"not_picked":["Cleave","Sword Boomerang"],"picked":"Shrug It Off","floor":7}],"player_experience":959297,"relics_obtained":[{"floor":6,"key":"Girya"},{"floor":9,"key":"Letter Opener"}],"event_choices":[{"damage_healed":0,"gold_gain":0,"player_choice":"Paid Gold","damage_taken":0,"relics_obtained":["Potion Belt"],"max_hp_gain":0,"max_hp_loss":0,"event_name":"WeMeetAgain","floor":5,"gold_loss":99}],"is_beta":false,"boss_relics":[],"items_purged_floors":[10],"is_endless":false,"potions_floor_spawned":[6,7],"killed_by":"Lagavulin","ascension_level":20}}