{"host":"grli52lbdph2722t","time":1609217842,"event":{"mods":["AchievementEnabler","BaseMod","Downfall","Minty Spire (QoL Compilation)","Quick Restart","StSLib"],"gold_per_floor":[99,99,199,199,199,230,230,240,259,276,276,301,301,329,343,343,343,343],"floor_reached":16,"playtime":619,"items_purged":[],"score":215,"play_id":"24f65f41-a9ee-4f2b-bf93-206357b794de","local_time":"20201229055722","is_ascension_mode":true,"campfire_choices":[{"data":"champ:Taunt","floor":1,"key":"SMITH"},{"floor":13,"key":"REST"}],"circlet_count":0,"master_deck":["AscendersBane","champ:Strike","champ:Strike","champ:Strike","champ:Strike","champ:Defend","champ:Defend","champ:Defend","champ:Defend","champ:Execute","champ:Taunt+1","champ:BladeFlurry","champ:TornadoPunch","champ:GladiatorStyle","champ:Duel","champ:RecklessLeap","champ:Haymaker"],"relics":["champ:ChampionCrown","downfall:HeartsMalice","Smiling Mask","Singing Bowl","Art of War","Orichalcum","Thread and Needle"],"acts_visited":["Exordium"],"potions_floor_usage":[9,10,16],"damage_taken":[{"damage":0,"enemies":"2 Louse","floor":2,"turns":1},{"damage":0,"enemies":"Jaw Worm","floor":4,"turns":1},{"damage":0,"enemies":"3 Sentries","floor":6,"turns":1},{"damage":23,"enemies":"Cultist","floor":8,"turns":6},{"damage":7,"enemies":"3 Louse","floor":9,"turns":2},{"damage":5,"enemies":"2 Fungi Beasts","floor":10,"turns":4},{"damage":33,"enemies":"Lagavulin","floor":12,"turns":9},{"damage":19,"enemies":"3 Sentries","floor":14,"turns":9},{"damage":15,"enemies":"Exordium Wildlife","floor":15,"turns":3},{"damage":33,"enemies":"downfall:Silent","floor":16,"turns":11}],"seed_played":"-6248925555993100771","potions_obtained":[{"floor":5,"key":"Block Potion"},{"floor":5,"key":"SkillPotion"},{"floor":5,"key":"champ:TechniquePotion"},{"floor":8,"key":"BlessingOfTheForge"},{"floor":9,"key":"Energy Potion"},{"floor":12,"key":"Block Potion"}],"is_trial":false,"path_per_floor":["R","M","?","M","?","E","T","M","M","M","?","E","R","E","M","B"],"character_chosen":"THE_CHAMP","items_purchased":[],"campfire_rested":1,"item_purchase_floors":[],"current_hp_per_floor":[81,81,81,81,81,81,81,60,55,55,48,22,50,31,31,0,0,0],"gold":343,"neow_bonus":"THREE_ENEMY_KILL","is_daily":false,"chose_seed":false,"campfire_upgraded":1,"win_rate":0.0,"timestamp":1609217842,"path_taken":["R","M","?","M","?","E","T","M","M","?","?","E","R","E","M","BOSS"],"items_purchased_type":[],"build_version":"2020-12-22","purchased_purges":0,"victory":false,"max_hp_per_floor":[90,90,90,90,90,90,90,92,94,94,94,96,96,96,96,96,96,96],"card_choices":[{"not_picked":["champ:ShieldSigil","champ:SkillfulDodge"],"picked":"champ:BladeFlurry","floor":2},{"not_picked":["champ:EnGarde","champ:Backstep"],"picked":"champ:TornadoPunch","floor":4},{"not_picked":["champ:Devastate","champ:Circumvent"],"picked":"champ:GladiatorStyle","floor":6},{"not_picked":["champ:FanOfKnives","champ:TornadoPunch","champ:BladeFlurry"],"picked":"Singing Bowl","floor":8},{"not_picked":["champ:StanceDance","champ:CrookedStrike","champ:GladiatorsShout"],"picked":"Singing Bowl","floor":9},{"not_picked":["champ:Circumvent","champ:HeartStrike"],"picked":"champ:Duel","floor":10},{"not_picked":["champ:SwordThrow","champ:BladeFlurry","champ:GutPunch"],"picked":"Singing Bowl","floor":12},{"not_picked":["champ:BladeFlurry","champ:Shatter"],"picked":"champ:RecklessLeap","floor":14},{"not_picked":["champ:FaceSlap","champ:ShieldWall"],"picked":"champ:Haymaker","floor":15}],"player_experience":4921467,"relics_obtained":[{"floor":6,"key":"Smiling Mask"},{"floor":7,"key":"Singing Bowl"},{"floor":12,"key":"Orichalcum"},{"floor":14,"key":"Thread and Needle"}],"event_choices":[{"damage_healed":0,"gold_gain":0,"player_choice":"Got Potions","damage_taken":0,"max_hp_gain":0,"max_hp_loss":0,"event_name":"Lab","floor":5,"gold_loss":0},{"damage_healed":0,"gold_gain":0,"player_choice":"Success","damage_taken":7,"relics_obtained":["Art of War"],"max_hp_gain":0,"max_hp_loss":0,"event_name":"Scrap Ooze","floor":11,"gold_loss":0}],"is_beta":false,"boss_relics":[],"items_purged_floors":[],"is_endless":false,"potions_floor_spawned":[6,8,9,12],"killed_by":"downfall:Silent","ascension_level":10}}