{"host":"Shugu","time":1609256195,"event":{"mods":["BaseMod","Colored Powertips","Marisa£®ÏF”Í°°ƒß¿Ì…≥£©","Minty Spire (QoL Compilation)"],"gold_per_floor":[116,116,41,41,53,87,107,118,118,118,131,131,150,168,168,272,272,285,285,154,154,186,186,186,186,265,265,280,280,292,321,321,321,321],"floor_reached":33,"playtime":1972,"items_purged":["Regret","Strike_MRS"],"score":334,"play_id":"53089387-9d6c-4ccc-9a7f-eb1feea01b52","local_time":"20201229233635","is_ascension_mode":true,"campfire_choices":[{"data":"TreasureHunter","floor":12.0,"key":"SMITH"},{"data":"MeteoricShower","floor":15.0,"key":"SMITH"},{"data":"ShootingEcho","floor":23.0,"key":"SMITH"},{"data":"SuperPerseids","floor":25.0,"key":"SMITH"},{"data":"PropBag","floor":27.0,"key":"SMITH"},{"floor":29.0,"key":"REST"},{"data":"DeepEcoloBomb","floor":32,"key":"SMITH"}],"circlet_count":0,"master_deck":["Strike_MRS","Strike_MRS","Strike_MRS","Defend_MRS","Defend_MRS","Defend_MRS","Defend_MRS","MasterSpark","UpSweep","TreasureHunter+1","PropBag+1","MeteoricShower+1","ShootingEcho+1","SuperNova+1","SuperPerseids+1","DeepEcoloBomb+1"],"relics":["BewitchedHakkero","NeowsBlessing","Omamori","Ice Cream","StoneCalendar","Singing Bowl","Akabeko","Incense Burner","Smiling Mask","MutagenicStrength","Red Mask","Vajra","HornCleat","Letter Opener"],"acts_visited":["Exordium","TheCity"],"potions_floor_usage":[31,31,31,33,33],"damage_taken":[{"damage":0.0,"enemies":"2 Louse","floor":1.0,"turns":1.0},{"damage":0.0,"enemies":"Jaw Worm","floor":5.0,"turns":1.0},{"damage":0.0,"enemies":"3 Sentries","floor":6.0,"turns":2.0},{"damage":1.0,"enemies":"Cultist","floor":7.0,"turns":3.0},{"damage":10.0,"enemies":"Exordium Wildlife","floor":8.0,"turns":4.0},{"damage":11.0,"enemies":"Blue Slaver","floor":11.0,"turns":3.0},{"damage":17.0,"enemies":"Large Slime","floor":13.0,"turns":4.0},{"damage":0.0,"enemies":"3 Louse","floor":14.0,"turns":2.0},{"damage":17.0,"enemies":"The Guardian","floor":16.0,"turns":8.0},{"damage":23.0,"enemies":"2 Thieves","floor":18.0,"turns":3.0},{"damage":21.0,"enemies":"Masked Bandits","floor":22.0,"turns":3.0},{"damage":9.0,"enemies":"Shell Parasite","floor":28.0,"turns":2.0},{"damage":18.0,"enemies":"Snake Plant","floor":30.0,"turns":3.0},{"damage":12,"enemies":"Slavers","floor":31,"turns":5},{"damage":4,"enemies":"Collector","floor":33,"turns":6}],"seed_played":"-1693657265756806354","potions_obtained":[{"floor":7.0,"key":"Strength Potion"},{"floor":8.0,"key":"DistilledChaos"},{"floor":13.0,"key":"EntropicBrew"},{"floor":14.0,"key":"GamblersBrew"},{"floor":22.0,"key":"EntropicBrew"},{"floor":28.0,"key":"BlessingOfTheForge"},{"floor":30.0,"key":"GamblersBrew"}],"is_trial":false,"path_per_floor":["M","?","$","?","M","E","M","M","T","?","M","R","M","M","R","B",null,"M","?","$","?","?","R","?","R","T","R","M","R","M","E","R","B"],"character_chosen":"MARISA","items_purchased":["SuperPerseids"],"campfire_rested":1,"item_purchase_floors":[20],"current_hp_per_floor":[75,75,75,75,75,75,74,64,64,52,41,41,24,24,24,7,75,54,54,54,54,35,35,35,35,35,35,28,52,46,36,36,32,32],"gold":321,"neow_bonus":"THREE_ENEMY_KILL","is_daily":false,"chose_seed":false,"campfire_upgraded":6,"win_rate":0.0,"timestamp":1609256195,"path_taken":["M","?","$","?","M","E","?","M","T","?","M","R","M","M","R","BOSS","M","?","$","?","?","R","?","R","T","R","M","R","?","E","R","BOSS"],"items_purchased_type":["Card"],"build_version":"2020-12-18","purchased_purges":2,"victory":false,"max_hp_per_floor":[75,75,75,75,75,75,75,75,75,75,75,75,75,75,75,75,75,77,77,77,77,79,79,79,79,79,79,81,81,81,83,83,83,83],"card_choices":[{"not_picked":["MysteriousBeam","LuminesStrike"],"picked":"UnstableBomb","floor":1.0},{"not_picked":["MilkyWay","NonDirectionalLaser","LuminesStrike"],"picked":"SKIP","floor":5.0},{"not_picked":["ChargingUp","EventHorizon","GalacticHalo"],"picked":"SKIP","floor":6.0},{"not_picked":["MachineGunSpark","StarlightTyphoon","WitchOfGreed"],"picked":"SKIP","floor":7.0},{"not_picked":["DC","NonDirectionalLaser"],"picked":"TreasureHunter","floor":8.0},{"not_picked":["Singularity","PowerUp"],"picked":"PropBag","floor":11.0},{"not_picked":["MagicAbsorber","GravityBeat"],"picked":"MeteoricShower","floor":13.0},{"not_picked":["MysteriousBeam","MagicChant"],"picked":"ShootingEcho","floor":14.0},{"not_picked":["UltimateShortwave","CasketOfStar"],"picked":"SuperNova","floor":16.0},{"not_picked":["MilkyWay","GrandCross","LuminesStrike"],"picked":"Singing Bowl","floor":18.0},{"not_picked":["DC","DoubleSpark","NonDirectionalLaser"],"picked":"Singing Bowl","floor":22.0},{"not_picked":["Acceleration","OortCloud","GalacticHalo"],"picked":"Singing Bowl","floor":28.0},{"not_picked":["GrandCross","MeteoricShower+1"],"picked":"DeepEcoloBomb","floor":30.0},{"not_picked":["AbsoluteMagnitude","BlazeAway+1","Acceleration+1"],"picked":"Singing Bowl","floor":31}],"player_experience":392899,"relics_obtained":[{"floor":6.0,"key":"StoneCalendar"},{"floor":9.0,"key":"Singing Bowl"},{"floor":16.0,"key":"Incense Burner"},{"floor":22.0,"key":"Red Mask"},{"floor":31,"key":"Vajra"},{"floor":31,"key":"HornCleat"}],"event_choices":[{"damage_healed":0.0,"max_hp_gain":0.0,"max_hp_loss":0.0,"gold_gain":0.0,"event_name":"Big Fish","player_choice":"Box","floor":2.0,"gold_loss":0.0,"damage_taken":0.0,"relics_obtained":["Omamori"],"cards_obtained":["Regret"]},{"cards_removed":["UnstableBomb"],"damage_healed":0.0,"max_hp_gain":0.0,"max_hp_loss":0.0,"gold_gain":0.0,"event_name":"WeMeetAgain","player_choice":"Gave Card","floor":4.0,"gold_loss":0.0,"damage_taken":0.0,"relics_obtained":["Ice Cream"]},{"damage_healed":0.0,"max_hp_gain":0.0,"max_hp_loss":0.0,"gold_gain":0.0,"event_name":"Scrap Ooze","player_choice":"Success","floor":10.0,"gold_loss":0.0,"damage_taken":12.0,"relics_obtained":["Akabeko"]},{"damage_healed":0.0,"max_hp_gain":0.0,"max_hp_loss":0.0,"gold_gain":0.0,"event_name":"Addict","player_choice":"Stole Relic","floor":19.0,"gold_loss":0.0,"damage_taken":0.0,"relics_obtained":["Smiling Mask"],"cards_obtained":["Shame"]},{"damage_healed":0.0,"max_hp_gain":0.0,"max_hp_loss":0.0,"gold_gain":0.0,"event_name":"Drug Dealer","player_choice":"Inject Mutagens","floor":21.0,"gold_loss":0.0,"damage_taken":0.0,"relics_obtained":["MutagenicStrength"]},{"damage_healed":0.0,"max_hp_gain":0.0,"max_hp_loss":0.0,"gold_gain":0.0,"event_name":"Masked Bandits","player_choice":"Fought Bandits","floor":22.0,"gold_loss":0.0,"damage_taken":0.0},{"damage_healed":0.0,"max_hp_gain":0.0,"max_hp_loss":0.0,"gold_gain":0.0,"event_name":"Upgrade Shrine","player_choice":"Upgraded","floor":24.0,"gold_loss":0.0,"damage_taken":0.0,"cards_upgraded":["SuperNova"]}],"is_beta":true,"boss_relics":[{"not_picked":["Fusion Hammer","SacredBark"],"picked":"BewitchedHakkero"}],"items_purged_floors":[3,20],"is_endless":false,"potions_floor_spawned":[7,8,13,14,22,28,30],"killed_by":"Collector","ascension_level":3}}