{"host":"zm2copjc1o2b6hjv","time":1609276599,"event":{"mods":["AchievementEnabler","BaseMod","BetterRewards","Conspire","Downfall","Friendly Minions","Infinite Spire","Minty Spire (QoL Compilation)","Replay The Spire","StSLib"],"gold_per_floor":[134,134,148,4,21,50,50,107,107,107,107,140,160,172,172,269,269,288,322,322,322,14,44,55,55,78,78,125,6,6,41,41,161,161,192,192,250,316,66,66,119,0,0,275,63,63,111,160,160,194,194,194,31,83,139],"floor_reached":56,"playtime":2882,"items_purged":["Shame","Regret"],"score":2549,"play_id":"c99e1407-43fb-40ca-a2e4-5ec741ba6d44","local_time":"20201229161639","is_ascension_mode":true,"campfire_choices":[{"floor":7.0,"key":"REST"},{"floor":10.0,"key":"REST"},{"data":"Replay:Poison Smokescreen","floor":15.0,"key":"SMITH"},{"floor":25,"key":"RECALL"},{"data":"Setup","floor":27,"key":"SMITH"},{"data":"Enlightenment","floor":40,"key":"SMITH"},{"data":"1","floor":46,"key":"LIFT"},{"data":"2","floor":49,"key":"LIFT"},{"data":"3","floor":52,"key":"LIFT"}],"circlet_count":0,"master_deck":["Strike_G","Strike_G","Strike_G","Strike_G","Defend_G+1","Defend_G+1","Defend_G","Survivor","Neutralize","Doppelganger","Footwork","Replay:Dark Deal","Footwork","HandOfGreed","Dash+1","Slice","Replay:SS_forest_2","infinitespire:TheBestDefense","Backstab","ReplayTheSpireMod:Speed Training","Calculated Gamble","Malaise","Replay:Poison Smokescreen+1","infinitespire:Neurotoxin","Dash+1","ReplayTheSpireMod:Black Plague","Setup+1","Die Die Die","Sneak Up","Poison Darts","Predator+1","Venomology+1","Outmaneuver+1","ReplayTheSpireMod:Tripwire","Enlightenment+1","Fluid Movement+1","Toxin Wave+1","Envenom+1","Panache+1","Well Laid Plans+1","Noxious Fumes+1","Catalyst","Specialist+1","A Thousand Cuts+1"],"relics":["Ring of the Snake","TwistedFunnel","Mummified Hand","War Paint","infinitespire:Golems Mask","Replay:Baseball","conspire:TreasureMap","Guardian:PocketSentry","Kunai","ClockworkSouvenir","Chemical X","Bag of Marbles","Shuriken","MealTicket","Tiny Chest","Pen Nib","Replay:Mystery Machine","Vajra","The Courier","ChewingGum","WristBlade","Snake Skull","Frozen Egg 2","Vampiric Spirits","Akabeko","Ginger","Replay:Bandana","Bird Faced Urn","Dream Catcher","Astrolabe","infinitespire:EvilPickle","infinitespire:Midas Blood","Regal Pillow","Red Mask","Girya","ReplayTheSpireMod:Shallot","Bag of Preparation"],"acts_visited":["Exordium","TheCity","TheBeyond","TheEnding"],"potions_floor_usage":[24,35,35,41,47,47,50,54,54,55,55],"damage_taken":[{"damage":0.0,"enemies":"2 Louse","floor":1.0,"turns":2.0},{"damage":2.0,"enemies":"conspire:RoseBush","floor":3.0,"turns":2.0},{"damage":0.0,"enemies":"Small Slimes","floor":5.0,"turns":1.0},{"damage":5.0,"enemies":"Lagavulin","floor":6.0,"turns":4.0},{"damage":0.0,"enemies":"Gremlin Nob","floor":8.0,"turns":2.0},{"damage":1.0,"enemies":"conspire:MimicChest","floor":12.0,"turns":3.0},{"damage":1.0,"enemies":"conspire:2 RoseBushes","floor":13.0,"turns":2.0},{"damage":0.0,"enemies":"Exordium Thugs","floor":14.0,"turns":2.0},{"damage":0.0,"enemies":"Slime Boss","floor":16.0,"turns":3.0},{"damage":0.0,"enemies":"2 Thieves","floor":18.0,"turns":2.0},{"damage":11.0,"enemies":"conspire:FuzzyDice","floor":19.0,"turns":4.0},{"damage":0,"enemies":"conspire:SneckoGhost","floor":23,"turns":2},{"damage":0,"enemies":"Centurion and Healer","floor":24,"turns":2},{"damage":0,"enemies":"Slavers","floor":28,"turns":3},{"damage":0,"enemies":"Snecko","floor":31,"turns":3},{"damage":8,"enemies":"Pondfish","floor":33,"turns":8},{"damage":1,"enemies":"3 Darklings","floor":35,"turns":4},{"damage":1,"enemies":"3 Shapes","floor":37,"turns":3},{"damage":0,"enemies":"Jaw Worm Horde","floor":38,"turns":3},{"damage":0,"enemies":"Giant Head","floor":41,"turns":6},{"damage":1,"enemies":"R_Hoarder","floor":47,"turns":5},{"damage":44,"enemies":"Donu and Deca","floor":50,"turns":6},{"damage":15,"enemies":"Shield and Spear","floor":54,"turns":3},{"damage":86,"enemies":"The Heart","floor":55,"turns":7}],"seed_played":"-8291340925887118731","potions_obtained":[{"floor":1.0,"key":"sneckomod:MuddlingPotion"},{"floor":12.0,"key":"SkillPotion"},{"floor":14.0,"key":"Adrenaline Potion"},{"floor":16.0,"key":"SpeedPotion"},{"floor":19.0,"key":"Fire Potion"},{"floor":31,"key":"Elixir"},{"floor":35,"key":"champ:CounterPotion"},{"floor":54,"key":"Fruit Juice"}],"is_trial":false,"path_per_floor":["M","?","M","$","M","E","R","?","T","R","?","?","M","M","R","B",null,"M","M","AVR","T","$","E","M","R","T","R","E","$","T","M","R","B",null,"M","?","M","M","$","R","E","?","T","?","$","R","E","T","R","B",null,"R","$","E","B",null],"character_chosen":"THE_SILENT","items_purchased":["Doppelganger","TwistedFunnel","Mummified Hand","Footwork","Replay:Dark Deal","War Paint","infinitespire:Golems Mask","Replay:Baseball","conspire:TreasureMap","Guardian:PocketSentry","Footwork","Kunai","ClockworkSouvenir","Chemical X","HandOfGreed","Bag of Marbles","Shuriken","MealTicket","Dash+1","Slice","Tiny Chest","Snake Skull","Frozen Egg 2","Replay:Bandana","infinitespire:Midas Blood","Panache+1","Noxious Fumes+1","Catalyst","Specialist+1"],"campfire_rested":2,"item_purchase_floors":[0,0,0,0,0,0,0,0,0,0,0,0,0,0,0,0,0,0,0,0,4,22,22,29,39,45,53,53,53],"current_hp_per_floor":[38,20,18,33,33,28,49,49,49,70,70,69,68,68,68,68,70,70,59,59,59,70,70,70,70,70,70,70,70,70,70,70,62,68,70,70,69,70,70,70,70,70,70,70,70,70,70,70,70,26,59,59,70,60,8],"gold":139,"neow_bonus":"","is_daily":false,"chose_seed":false,"campfire_upgraded":3,"win_rate":0.0,"timestamp":1609276599,"path_taken":["M","?","M","$","M","E","R","?","T","R","?","?","M","M","R","BOSS","M","M","AVR","?","?","E","?","R","T","R","E","?","?","M","R","BOSS","M","?","M","M","$","R","E","?","T","?","$","R","E","?","R","BOSS","R","$","E","BOSS"],"items_purchased_type":["Card","Relic","Relic","Card","Card","Relic","Relic","Relic","Relic","Relic","Card","Relic","Relic","Relic","Card","Relic","Relic","Relic","Card","Card","Relic","Relic","Relic","Relic","Relic","Card","Card","Card","Card"],"build_version":"2020-12-22","purchased_purges":2,"victory":true,"max_hp_per_floor":[70,70,70,70,70,70,70,70,70,70,70,70,70,70,70,70,70,70,70,70,70,70,70,70,70,70,70,70,70,70,70,70,70,70,70,70,70,70,70,70,70,70,70,70,70,70,70,70,70,70,70,70,70,75,75],"card_choices":[{"not_picked":["Backflip","Hidden Blade","Bane"],"picked":"SKIP","floor":1.0},{"not_picked":["infinitespire:UltimateForm","ReplayTheSpireMod:Haul"],"picked":"infinitespire:TheBestDefense","floor":2.0},{"not_picked":["Calculated Gamble","ReplayTheSpireMod:Exploit Weakness"],"picked":"Backstab","floor":3.0},{"not_picked":["Deadly Poison","Outmaneuver","ReplayTheSpireMod:Shiv Toss"],"picked":"SKIP","floor":5.0},{"not_picked":["Riddle With Holes","Hidden Blade","conspire:PoisonWeapons"],"picked":"SKIP","floor":6.0},{"not_picked":["Flechettes","Dagger Throw"],"picked":"ReplayTheSpireMod:Speed Training","floor":8.0},{"not_picked":["Dodge and Roll","Quick Slash"],"picked":"Calculated Gamble","floor":12.0},{"not_picked":["Prepared","Replay:Poison Smokescreen"],"picked":"Malaise","floor":13.0},{"not_picked":["Deadly Poison","Sucker Punch"],"picked":"Replay:Poison Smokescreen","floor":14.0},{"not_picked":["Venomology","Bullet Time"],"picked":"infinitespire:Neurotoxin","floor":16.0},{"not_picked":["Bane","Flying Knee"],"picked":"Dash+1","floor":18.0},{"not_picked":["Expertise","Reflex","Acrobatics"],"picked":"SKIP","floor":19.0},{"not_picked":["Hidden Blade","Dagger Spray+1","Crippling Poison"],"picked":"SKIP","floor":23},{"not_picked":["Acrobatics","Hidden Blade"],"picked":"Setup","floor":24},{"not_picked":["Dagger Throw+1","Flying Knee"],"picked":"Die Die Die","floor":28},{"not_picked":["Poisoned Stab+1","Underhanded Strike"],"picked":"Sneak Up","floor":31},{"not_picked":["Venomology","After Image+1"],"picked":"Poison Darts","floor":33},{"not_picked":["Sucker Punch","Cloak And Dagger+1"],"picked":"ReplayTheSpireMod:Tripwire","floor":35},{"not_picked":["Blind","Replay:SS_fish_1"],"picked":"Enlightenment","floor":36},{"not_picked":["Heel Hook","Dagger Throw+1"],"picked":"Fluid Movement+1","floor":37},{"not_picked":["Underhanded Strike","Sucker Punch+1"],"picked":"Toxin Wave+1","floor":38},{"not_picked":["Backflip+1","Quick Slash+1"],"picked":"Envenom+1","floor":41},{"not_picked":["Flechettes+1","Bane+1"],"picked":"Well Laid Plans+1","floor":47},{"not_picked":["Flechettes+1","Glass Knife"],"picked":"A Thousand Cuts+1","floor":54}],"player_experience":220969,"relics_obtained":[{"floor":6.0,"key":"Pen Nib"},{"floor":8.0,"key":"Replay:Mystery Machine"},{"floor":9.0,"key":"Vajra"},{"floor":12.0,"key":"The Courier"},{"floor":23,"key":"Vampiric Spirits"},{"floor":26,"key":"Akabeko"},{"floor":28,"key":"Ginger"},{"floor":30,"key":"Bird Faced Urn"},{"floor":41,"key":"Regal Pillow"},{"floor":43,"key":"Girya"},{"floor":47,"key":"ReplayTheSpireMod:Shallot"},{"floor":54,"key":"Bag of Preparation"}],"event_choices":[{"damage_healed":0.0,"max_hp_gain":0.0,"max_hp_loss":0.0,"gold_gain":0.0,"event_name":"Dead Adventurer","player_choice":"Searched \u00271\u0027 times","floor":8.0,"gold_loss":0.0,"damage_taken":0.0},{"damage_healed":0,"gold_gain":0,"player_choice":"Stole Relic","damage_taken":0,"relics_obtained":["Dream Catcher"],"max_hp_gain":0,"max_hp_loss":0,"event_name":"Addict","floor":32,"gold_loss":0,"cards_obtained":["Shame"]},{"damage_healed":0,"gold_gain":0,"player_choice":"Memory 1","damage_taken":0,"max_hp_gain":0,"max_hp_loss":0,"event_name":"SensoryStone","floor":36,"gold_loss":0},{"damage_healed":0,"gold_gain":0,"player_choice":"Paid","damage_taken":0,"relics_obtained":["Red Mask"],"max_hp_gain":0,"max_hp_loss":0,"event_name":"Tomb of Lord Red Mask","floor":42,"gold_loss":119},{"damage_healed":0,"gold_gain":275,"player_choice":"Desecrate","damage_taken":0,"max_hp_gain":0,"max_hp_loss":0,"event_name":"Golden Shrine","floor":44,"gold_loss":0,"cards_obtained":["Regret"]}],"is_beta":false,"boss_relics":[{"not_picked":["conspire:RoyalGoblet","Replay:Ancient Bell"],"picked":"ChewingGum"},{"not_picked":["Kintsugi","Replay:Wanted Poster"],"picked":"Astrolabe"}],"items_purged_floors":[39,45],"is_endless":false,"potions_floor_spawned":[1,12,14,16,19,23,31,35,54],"ascension_level":5}}