{"host":"qwp6882a7gaon7u5","time":1609211686,"event":{"mods":["Arknights The Spire","BaseMod","BetterRewards","Minty Spire (QoL Compilation)","Red Circlet Mod","Replay The Spire","Spicy Shops","StSLib","¡¾ÒÅÎï¿¨ÅÆ¡¿REMEMod"],"gold_per_floor":[136,155,177,189,216,216,216],"floor_reached":6,"playtime":461,"items_purged":["Decay"],"score":40,"play_id":"62097251-04e9-4927-b742-227828df1e26","local_time":"20201229111446","is_ascension_mode":false,"campfire_choices":[],"circlet_count":0,"master_deck":["ats:Strike C","ats:Strike G","ats:Strike S","ats:Strike V","ats:Armor Crushing Shot","ats:Defend","ats:Defend","ats:Defend","ats:Defend","ats:Emotion Absorption","REME_ACTH","ats:Chain Hook","ats:Thorns","ats:Automatic Cover","ats:Burning Ground"],"relics":["ats:Sanity","REME_ComplimentaryCards","Tiny Chest","ats:Support","ats:Snipe","CeramicFish"],"acts_visited":["Exordium"],"potions_floor_usage":[5,6,6],"damage_taken":[{"damage":1,"enemies":"Cultist","floor":1,"turns":4},{"damage":0,"enemies":"Small Slimes","floor":2,"turns":3},{"damage":11,"enemies":"Jaw Worm","floor":3,"turns":2},{"damage":5,"enemies":"Red Slaver","floor":4,"turns":4},{"damage":17,"enemies":"Exordium Thugs","floor":5,"turns":4},{"damage":27,"enemies":"Gremlin Nob","floor":6,"turns":3}],"seed_played":"-3920853861677351593","potions_obtained":[{"floor":3,"key":"AttackPotion"},{"floor":4,"key":"SteroidPotion"},{"floor":5,"key":"AttackPotion"}],"is_trial":false,"path_per_floor":["M","M","M","M","M","E"],"character_chosen":"DOCTOR_CLASS","items_purchased":["Tiny Chest","ats:Support","ats:Snipe","CeramicFish"],"campfire_rested":0,"item_purchase_floors":[0,0,0,0],"current_hp_per_floor":[51,51,40,35,18,0,0],"gold":216,"neow_bonus":"","is_daily":false,"chose_seed":false,"campfire_upgraded":0,"win_rate":0.0,"timestamp":1609211686,"path_taken":["M","M","M","?","?","E"],"items_purchased_type":["Relic","Relic","Relic","Relic"],"build_version":"2020-12-22","purchased_purges":1,"victory":false,"max_hp_per_floor":[72,72,72,72,72,72,72],"card_choices":[{"not_picked":["ats:Revitalization","ats:Consecutive Shot Auto"],"picked":"ats:Chain Hook","floor":1},{"not_picked":["ats:Poison Spread","ats:Consecutive Shot Auto"],"picked":"ats:Thorns","floor":2},{"not_picked":["ats:Leaping Hammer","ats:Healing Drone"],"picked":"ats:Automatic Cover","floor":3},{"not_picked":["ats:Defend Order","ats:Consecutive Shot Auto","ats:Childhood Dance"],"picked":"SKIP","floor":4},{"not_picked":["ats:Assault Order","ats:Shell Defense"],"picked":"ats:Burning Ground","floor":5}],"player_experience":146234,"relics_obtained":[],"event_choices":[],"is_beta":false,"boss_relics":[],"items_purged_floors":[0],"is_endless":false,"potions_floor_spawned":[3,4,5],"killed_by":"Gremlin Nob","ascension_level":0}}