{"host":"6pgtslebjnyv5xmi","time":1609259496,"event":{"mods":["AchievementEnabler","BaseMod","Colored Map","Marisa£¨Ùöéë¡¡Øª×âÞÞ£©","Minty Spire (QoL Compilation)","Rare Cards Sparkle","StSLib","SuperFastMode","everything is the same but u backflip on backflip"],"gold_per_floor":[110,125,137,127,139,139,166,11,11,21,21,40,40,59,59,159,159,179,166,42,61,61,61,95,109,154,154,188,188,188,198,198,296,296,315,360,373,77,77,77,77,94,94,94,109,126,126,126,126,126],"floor_reached":51,"playtime":3601,"items_purged":["Strike_B","Defend_B","Decay"],"score":901,"play_id":"8b257c30-2954-4640-8141-035e68552078","local_time":"20201230013136","is_ascension_mode":true,"campfire_choices":[{"data":"Recycle","floor":6.0,"key":"SMITH"},{"floor":13.0,"key":"REST"},{"floor":15.0,"key":"REST"},{"floor":23.0,"key":"REST"},{"floor":27.0,"key":"REST"},{"data":"Creative AI","floor":29.0,"key":"SMITH"},{"data":"White Noise","floor":32.0,"key":"SMITH"},{"floor":40,"key":"REST"},{"floor":44,"key":"REST"},{"floor":47,"key":"REST"},{"floor":49,"key":"REST"}],"circlet_count":0,"master_deck":["Strike_B","Strike_B","Defend_B","Defend_B","Zap","Dualcast","Creative AI+1","Recycle+1","Glacier","Skim","Blizzard","Melter","Defragment","Turbo","Glacier","Reboot","Chill","Cold Snap","Necronomicurse","Consume","White Noise+1","Meteor Strike","Good Instincts","Double Energy+1","Buffer","Conserve Battery+1","Consume","Bandage Up","Storm+1"],"relics":["FrozenCore","DataDisk","Mummified Hand","Ginger","Necronomicon","Potion Belt","Happy Flower","Red Mask","Empty Cage","CatCart","Frozen Egg 2"],"acts_visited":["Exordium","TheCity","TheBeyond"],"potions_floor_usage":[50],"damage_taken":[{"damage":1.0,"enemies":"Cultist","floor":1.0,"turns":3.0},{"damage":4.0,"enemies":"2 Louse","floor":2.0,"turns":3.0},{"damage":4.0,"enemies":"Small Slimes","floor":3.0,"turns":5.0},{"damage":29.0,"enemies":"Exordium Thugs","floor":4.0,"turns":4.0},{"damage":3.0,"enemies":"Large Slime","floor":5.0,"turns":9.0},{"damage":3.0,"enemies":"Lagavulin","floor":7.0,"turns":9.0},{"damage":3.0,"enemies":"Lots of Slimes","floor":10.0,"turns":3.0},{"damage":0.0,"enemies":"Blue Slaver","floor":12.0,"turns":4.0},{"damage":7.0,"enemies":"2 Fungi Beasts","floor":14.0,"turns":4.0},{"damage":0.0,"enemies":"Slime Boss","floor":16.0,"turns":7.0},{"damage":13.0,"enemies":"Spheric Guardian","floor":18.0,"turns":6.0},{"damage":18.0,"enemies":"2 Thieves","floor":19.0,"turns":4.0},{"damage":8.0,"enemies":"Centurion and Healer","floor":21.0,"turns":5.0},{"damage":20.0,"enemies":"Gremlin Leader","floor":24.0,"turns":9.0},{"damage":0.0,"enemies":"Snecko","floor":25.0,"turns":8.0},{"damage":17.0,"enemies":"Masked Bandits","floor":28.0,"turns":8.0},{"damage":19.0,"enemies":"Shelled Parasite and Fungi","floor":31.0,"turns":6.0},{"damage":0.0,"enemies":"Champ","floor":33.0,"turns":12.0},{"damage":20.0,"enemies":"Orb Walker","floor":35.0,"turns":8.0},{"damage":29.0,"enemies":"Orin","floor":36.0,"turns":10.0},{"damage":8.0,"enemies":"3 Shapes","floor":37.0,"turns":10.0},{"damage":27,"enemies":"3 Darklings","floor":42,"turns":6},{"damage":0,"enemies":"Jaw Worm Horde","floor":45,"turns":6},{"damage":10,"enemies":"4 Shapes","floor":46,"turns":8},{"damage":80,"enemies":"Donu and Deca","floor":50,"turns":9}],"seed_played":"5938439136631839041","potions_obtained":[{"floor":1.0,"key":"DuplicationPotion"},{"floor":3.0,"key":"GamblersBrew"},{"floor":7.0,"key":"LiquidBronze"},{"floor":10.0,"key":"GamblersBrew"},{"floor":16.0,"key":"Strength Potion"},{"floor":18.0,"key":"FairyPotion"},{"floor":21.0,"key":"ColorlessPotion"},{"floor":25.0,"key":"Swift Potion"},{"floor":42,"key":"SteroidPotion"},{"floor":45,"key":"Energy Potion"},{"floor":46,"key":"BlessingOfTheForge"}],"is_trial":false,"path_per_floor":["M","M","M","M","M","R","E","$","T","M","T","M","R","M","R","B",null,"M","M","$","M","?","R","E","M","T","R","?","R","?","M","R","B",null,"M","?","M","$","?","R","?","M","T","R","M","M","R","?","R","B",null],"character_chosen":"DEFECT","items_purchased":["Defragment","Cold Snap","Panache"],"campfire_rested":8,"item_purchase_floors":[8,20,38],"current_hp_per_floor":[53,49,45,16,13,13,10,10,10,7,7,7,29,22,44,44,67,54,36,36,28,12,34,14,14,14,36,19,19,19,22,22,22,62,42,13,5,5,5,26,26,3,3,24,28,22,43,43,64,56],"gold":126,"neow_bonus":"THREE_RARE_CARDS","is_daily":false,"chose_seed":false,"campfire_upgraded":3,"win_rate":0.0,"timestamp":1609259496,"path_taken":["M","M","M","M","M","R","E","$","T","?","?","M","R","M","R","BOSS","M","M","$","M","?","R","E","M","T","R","?","R","?","M","R","BOSS","M","?","M","$","?","R","?","M","T","R","?","?","R","?","R","BOSS"],"items_purchased_type":["Card","Card","Card"],"build_version":"2020-12-22","purchased_purges":3,"victory":true,"max_hp_per_floor":[75,75,75,75,75,75,75,75,75,75,75,75,75,75,75,75,75,75,75,75,75,75,75,75,75,75,75,75,75,75,75,75,75,75,75,75,75,75,71,71,71,71,71,71,71,71,71,71,71,71],"card_choices":[{"not_picked":["Echo Form","Electrodynamics"],"picked":"Creative AI","floor":0.0},{"not_picked":["Gash","Stack"],"picked":"Recycle","floor":1.0},{"not_picked":["Leap","BootSequence"],"picked":"Glacier","floor":2.0},{"not_picked":["Go for the Eyes","Compile Driver"],"picked":"Skim","floor":3.0},{"not_picked":["Steam","Conserve Battery"],"picked":"Blizzard","floor":4.0},{"not_picked":["Stack","Sweeping Beam","Fission"],"picked":"SKIP","floor":5.0},{"not_picked":["Steam","Beam Cell"],"picked":"Melter","floor":7.0},{"not_picked":["Defragment","Ball Lightning"],"picked":"Turbo","floor":10.0},{"not_picked":["Aggregate","Tempest"],"picked":"Glacier","floor":12.0},{"not_picked":["Melter","Hologram","Stack"],"picked":"SKIP","floor":14.0},{"not_picked":["Thunder Strike","Fission"],"picked":"Reboot","floor":16.0},{"not_picked":["Rip and Tear","Streamline"],"picked":"Chill","floor":18.0},{"not_picked":["Hologram","Tempest","Ball Lightning+1"],"picked":"SKIP","floor":19.0},{"not_picked":["Go for the Eyes","Stack","Gash"],"picked":"SKIP","floor":21.0},{"not_picked":["Auto Shields","Reprogram"],"picked":"Consume","floor":24.0},{"not_picked":["Tempest","Barrage","Recycle+1"],"picked":"SKIP","floor":25.0},{"not_picked":["Steam","Streamline"],"picked":"White Noise","floor":28.0},{"not_picked":["Reboot","Redo"],"picked":"Double Energy+1","floor":31.0},{"not_picked":["Creative AI","Fission"],"picked":"Buffer","floor":33.0},{"not_picked":["Genetic Algorithm+1","Turbo+1"],"picked":"Conserve Battery+1","floor":35.0},{"not_picked":["Hologram","Genetic Algorithm+1"],"picked":"Consume","floor":36.0},{"not_picked":["Coolheaded","Scrape+1","Turbo+1"],"picked":"SKIP","floor":37.0},{"not_picked":["Violence","Sadistic Nature"],"picked":"Bandage Up","floor":41},{"not_picked":["Auto Shields","Gash+1","Undo+1"],"picked":"SKIP","floor":42},{"not_picked":["Gash","Sweeping Beam"],"picked":"Storm+1","floor":45},{"not_picked":["Redo+1","Ball Lightning+1","Coolheaded"],"picked":"SKIP","floor":46}],"player_experience":595563,"relics_obtained":[{"floor":7.0,"key":"DataDisk"},{"floor":9.0,"key":"Mummified Hand"},{"floor":11.0,"key":"Ginger"},{"floor":22.0,"key":"Necronomicon"},{"floor":24.0,"key":"Potion Belt"},{"floor":26.0,"key":"Happy Flower"},{"floor":28.0,"key":"Red Mask"},{"floor":36.0,"key":"CatCart"},{"floor":43,"key":"Frozen Egg 2"}],"event_choices":[{"damage_healed":0.0,"max_hp_gain":0.0,"max_hp_loss":0.0,"gold_gain":0.0,"event_name":"Cursed Tome","player_choice":"Obtained Book","floor":22.0,"gold_loss":0.0,"damage_taken":16.0},{"damage_healed":0.0,"max_hp_gain":0.0,"max_hp_loss":0.0,"gold_gain":0.0,"event_name":"Masked Bandits","player_choice":"Fought Bandits","floor":28.0,"gold_loss":0.0,"damage_taken":0.0},{"damage_healed":0.0,"max_hp_gain":0.0,"max_hp_loss":0.0,"gold_gain":0.0,"event_name":"Match and Keep!","player_choice":"3 cards matched","floor":30.0,"gold_loss":0.0,"damage_taken":0.0,"cards_obtained":["Decay","Meteor Strike","Good Instincts"]},{"damage_healed":0.0,"max_hp_gain":0.0,"max_hp_loss":0.0,"gold_gain":0.0,"event_name":"OrinTheCat","player_choice":"Fight","floor":36.0,"gold_loss":0.0,"damage_taken":0.0},{"damage_healed":0,"gold_gain":0,"player_choice":"Max HP","damage_taken":0,"max_hp_gain":0,"max_hp_loss":4,"event_name":"Winding Halls","floor":39,"gold_loss":0},{"damage_healed":0,"gold_gain":0,"player_choice":"Memory 1","damage_taken":0,"max_hp_gain":0,"max_hp_loss":0,"event_name":"SensoryStone","floor":41,"gold_loss":0},{"cards_removed":["Panache"],"damage_healed":0,"gold_gain":0,"player_choice":"Removed Power","damage_taken":0,"max_hp_gain":0,"max_hp_loss":0,"event_name":"Falling","floor":48,"gold_loss":0}],"is_beta":false,"boss_relics":[{"not_picked":["Black Star","Snecko Eye"],"picked":"FrozenCore"},{"not_picked":["SacredBark","Cursed Key"],"picked":"Empty Cage"}],"items_purged_floors":[8,20,38],"is_endless":false,"potions_floor_spawned":[1,3,7,10,16,18,21,25,42,45,46],"ascension_level":5}}