{"host":"nh1tx9wty0m9wedw","time":1609227397,"event":{"mods":["BaseMod","Colored Map","Colored Powertips","Minty Spire (QoL Compilation)"],"gold_per_floor":[110,120,42,42,56,56,11,42,68,94,31,31,45,45,45,143,143,161,7,7,25,56,56,56],"floor_reached":23,"playtime":1641,"items_purged":["Strike_R"],"score":236,"play_id":"9e13dbc4-1d96-4a77-9433-186b24868839","local_time":"20201229083637","is_ascension_mode":true,"campfire_choices":[{"data":"Inflame","floor":6,"key":"SMITH"},{"data":"Armaments","floor":12,"key":"SMITH"},{"data":"Anger","floor":15,"key":"SMITH"}],"circlet_count":0,"master_deck":["Bash","Inflame+1","Uppercut","Metallicize+1","Anger+1","Armaments+1","Shrug It Off","Thunderclap","Bludgeon","Second Wind","Power Through","Reckless Charge","Evolve","Entrench","Intimidate","Seeing Red","Flex+1","Juggernaut","Heavy Blade+1","Flex"],"relics":["Burning Blood","Art of War","MawBank","Pandora\u0027s Box","Magic Flower","Red Mask"],"acts_visited":["Exordium","TheCity"],"potions_floor_usage":[10,13,16,18,21,23],"damage_taken":[{"damage":6,"enemies":"Cultist","floor":1,"turns":4},{"damage":14,"enemies":"Jaw Worm","floor":2,"turns":3},{"damage":5,"enemies":"Small Slimes","floor":5,"turns":4},{"damage":17,"enemies":"Lagavulin","floor":8,"turns":5},{"damage":4,"enemies":"Blue Slaver","floor":10,"turns":2},{"damage":0,"enemies":"3 Louse","floor":13,"turns":4},{"damage":27,"enemies":"Slime Boss","floor":16,"turns":9},{"damage":37,"enemies":"3 Byrds","floor":18,"turns":7},{"damage":0,"enemies":"Chosen","floor":21,"turns":3},{"damage":54,"enemies":"Masked Bandits","floor":22,"turns":5},{"damage":24,"enemies":"Gremlin Leader","floor":23,"turns":4}],"seed_played":"-7161376512635316031","potions_obtained":[{"floor":5,"key":"Fire Potion"},{"floor":8,"key":"Energy Potion"},{"floor":13,"key":"SteroidPotion"},{"floor":16,"key":"BloodPotion"},{"floor":18,"key":"SneckoOil"},{"floor":22,"key":"Energy Potion"}],"is_trial":false,"path_per_floor":["M","M","$","?","M","R","$","E","T","M","$","R","M","?","R","B",null,"M","$","?","M","?","E"],"character_chosen":"IRONCLAD","items_purchased":["Metallicize","Armaments","Juggernaut"],"campfire_rested":0,"item_purchase_floors":[3,7,19],"current_hp_per_floor":[80,72,72,72,73,73,73,62,62,64,64,64,70,70,70,49,72,57,57,57,66,21,0,0],"gold":56,"neow_bonus":"REMOVE_CARD","is_daily":false,"chose_seed":false,"campfire_upgraded":3,"win_rate":0.0,"timestamp":1609227397,"path_taken":["M","M","$","?","?","R","$","E","T","M","?","R","M","?","R","BOSS","M","$","?","M","?","E"],"items_purchased_type":["Card","Card","Card"],"build_version":"2020-12-22","purchased_purges":1,"victory":false,"max_hp_per_floor":[80,80,80,80,80,80,80,80,80,80,80,80,80,80,80,80,80,80,80,80,80,80,80,80],"card_choices":[{"not_picked":["Warcry","Bloodletting"],"picked":"Inflame","floor":1},{"not_picked":["Pummel","True Grit"],"picked":"Uppercut","floor":2},{"not_picked":["Searing Blow","Perfected Strike"],"picked":"Anger","floor":5},{"not_picked":["Corruption","Power Through","Disarm"],"picked":"SKIP","floor":8},{"not_picked":["Metallicize","Warcry"],"picked":"Shrug It Off","floor":10},{"not_picked":["Entrench","Uppercut"],"picked":"Thunderclap","floor":13},{"not_picked":["Double Tap","Berserk"],"picked":"Bludgeon","floor":16},{"not_picked":["Sword Boomerang+1","Shrug It Off+1"],"picked":"Flex+1","floor":18},{"not_picked":["Perfected Strike","Dual Wield"],"picked":"Heavy Blade+1","floor":21},{"not_picked":["Clash","Wild Strike"],"picked":"Flex","floor":22}],"player_experience":591352,"relics_obtained":[{"floor":8,"key":"Art of War"},{"floor":9,"key":"MawBank"},{"floor":22,"key":"Red Mask"}],"event_choices":[{"damage_healed":0,"gold_gain":0,"player_choice":"Upgraded","damage_taken":0,"max_hp_gain":0,"max_hp_loss":0,"event_name":"Upgrade Shrine","floor":4,"gold_loss":0,"cards_upgraded":["Metallicize"]},{"damage_healed":0,"gold_gain":0,"player_choice":"Leave","damage_taken":0,"max_hp_gain":0,"max_hp_loss":0,"event_name":"The Cleric","floor":14,"gold_loss":0},{"damage_healed":0,"gold_gain":0,"player_choice":"Opened","damage_taken":0,"relics_obtained":["Magic Flower"],"max_hp_gain":0,"max_hp_loss":0,"event_name":"The Mausoleum","floor":20,"gold_loss":0},{"damage_healed":0,"gold_gain":0,"player_choice":"Fought Bandits","damage_taken":0,"max_hp_gain":0,"max_hp_loss":0,"event_name":"Masked Bandits","floor":22,"gold_loss":0}],"is_beta":false,"boss_relics":[{"not_picked":["Empty Cage","Velvet Choker"],"picked":"Pandora\u0027s Box"}],"items_purged_floors":[11],"is_endless":false,"potions_floor_spawned":[5,8,13,16,18,22],"killed_by":"Gremlin Leader","ascension_level":5}}