{"host":"daa8jqyg4gqfaysm","time":1609234943,"event":{"mods":["BaseMod","Colored Powertips","Minty Spire (QoL Compilation)","StSLib"],"gold_per_floor":[115,115,115,127,12,12,44,44,44,79,91,126,138,151,151,227,227,237,264,264,51,61,92,92,103,126,126,153,153,171,198,198,272,272,286,286,303,303,323,352,352,366,366,391,416,416,638,62,62,62,62,62,62,8,42,42,42],"floor_reached":56,"playtime":2876,"items_purged":["Bite"],"score":1987,"play_id":"8874cf7c-f7b9-4736-a127-5fe375570214","local_time":"20201229174223","is_ascension_mode":true,"campfire_choices":[{"data":"Bash","floor":6.0,"key":"SMITH"},{"data":"Pommel Strike","floor":8.0,"key":"SMITH"},{"data":"Armaments","floor":15.0,"key":"SMITH"},{"data":"Immolate","floor":24.0,"key":"SMITH"},{"data":"Disarm","floor":27.0,"key":"SMITH"},{"data":"Limit Break","floor":29.0,"key":"SMITH"},{"data":"Demon Form","floor":32.0,"key":"SMITH"},{"floor":41.0,"key":"DIG"},{"floor":46.0,"key":"RECALL"},{"floor":49.0,"key":"DIG"},{"floor":53,"key":"DIG"}],"circlet_count":0,"master_deck":["AscendersBane","Defend_R","Defend_R","Defend_R","Defend_R","Bash+1","Pommel Strike+1","Spot Weakness","Twin Strike","Headbutt","Armaments+1","Pommel Strike+1","Battle Trance","Ghostly Armor","Limit Break+1","Sword Boomerang","Bite","Bite","Bite","Disarm+1","Immolate+1","Rage","Limit Break","Exhume","True Grit+1","Demon Form+1","Reaper","Flash of Steel","Bloodletting","Master of Strategy"],"relics":["Burning Blood","Eternal Feather","Singing Bowl","Omamori","Toy Ornithopter","Cursed Key","Red Mask","Orrery","Gambling Chip","Lantern","Mercury Hourglass","Shovel","Runic Pyramid","Bottled Flame","Orichalcum","Unceasing Top","Art of War","ClockworkSouvenir","Nunchaku","Mummified Hand","Mango"],"acts_visited":["Exordium","TheCity","TheBeyond","TheEnding"],"potions_floor_usage":[51,55,56],"damage_taken":[{"damage":2.0,"enemies":"Cultist","floor":1.0,"turns":4.0},{"damage":11.0,"enemies":"Small Slimes","floor":4.0,"turns":3.0},{"damage":30.0,"enemies":"3 Sentries","floor":7.0,"turns":7.0},{"damage":30.0,"enemies":"Lagavulin","floor":10.0,"turns":5.0},{"damage":2.0,"enemies":"2 Louse","floor":11.0,"turns":3.0},{"damage":25.0,"enemies":"3 Sentries","floor":12.0,"turns":7.0},{"damage":14.0,"enemies":"Exordium Wildlife","floor":13.0,"turns":4.0},{"damage":8.0,"enemies":"Blue Slaver","floor":14.0,"turns":3.0},{"damage":22.0,"enemies":"The Guardian","floor":16.0,"turns":12.0},{"damage":20.0,"enemies":"2 Thieves","floor":18.0,"turns":4.0},{"damage":38.0,"enemies":"Masked Bandits","floor":19.0,"turns":5.0},{"damage":1.0,"enemies":"3 Byrds","floor":22.0,"turns":4.0},{"damage":29.0,"enemies":"Book of Stabbing","floor":23.0,"turns":5.0},{"damage":33.0,"enemies":"Sentry and Sphere","floor":25.0,"turns":6.0},{"damage":17.0,"enemies":"Slavers","floor":28.0,"turns":3.0},{"damage":26.0,"enemies":"Snake Plant","floor":30.0,"turns":4.0},{"damage":11.0,"enemies":"Gremlin Leader","floor":31.0,"turns":5.0},{"damage":30.0,"enemies":"Automaton","floor":33.0,"turns":6.0},{"damage":0.0,"enemies":"3 Shapes","floor":35.0,"turns":1.0},{"damage":0.0,"enemies":"Orb Walker","floor":37.0,"turns":2.0},{"damage":68.0,"enemies":"Sphere and 2 Shapes","floor":39.0,"turns":9.0},{"damage":31.0,"enemies":"Giant Head","floor":40.0,"turns":6.0},{"damage":31.0,"enemies":"Maw","floor":42.0,"turns":5.0},{"damage":0.0,"enemies":"Mind Bloom Boss Battle","floor":44.0,"turns":3.0},{"damage":31.0,"enemies":"Nemesis","floor":45.0,"turns":5.0},{"damage":92.0,"enemies":"Awakened One","floor":50.0,"turns":9.0},{"damage":73,"enemies":"Time Eater","floor":51,"turns":7},{"damage":107,"enemies":"Shield and Spear","floor":55,"turns":5},{"damage":58,"enemies":"The Heart","floor":56,"turns":2}],"seed_played":"6831566607047034689","potions_obtained":[{"floor":1.0,"key":"DuplicationPotion"},{"floor":4.0,"key":"SmokeBomb"},{"floor":7.0,"key":"FearPotion"},{"floor":14.0,"key":"Explosive Potion"},{"floor":16.0,"key":"BlessingOfTheForge"},{"floor":19.0,"key":"ColorlessPotion"},{"floor":28.0,"key":"Explosive Potion"},{"floor":31.0,"key":"LiquidMemories"},{"floor":33.0,"key":"LiquidMemories"},{"floor":35.0,"key":"SkillPotion"},{"floor":44.0,"key":"Explosive Potion"}],"is_trial":false,"path_per_floor":["M","?","?","M","$","R","E","R","T","E","M","E","M","M","R","B",null,"M","?","?","$","M","E","R","M","T","R","E","R","M","E","R","B",null,"M","?","M","?","M","E","R","M","T","?","E","R","?","$","R","B","B",null,"R","$","E","B"],"character_chosen":"IRONCLAD","items_purchased":["Headbutt","Armaments","Disarm","Orrery","ClockworkSouvenir","Bloodletting","DistilledChaos","Master of Strategy","PowerPotion"],"campfire_rested":0,"item_purchase_floors":[5,5,21,21,48,48,48,48,54],"current_hp_per_floor":[72,49,74,69,69,69,45,54,54,30,36,19,18,16,25,14,64,50,25,25,29,42,37,52,35,35,50,47,62,50,51,66,57,65,70,70,72,72,45,76,76,78,78,80,82,82,82,82,82,72,82,82,82,82,30,0,0],"gold":42,"neow_bonus":"THREE_CARDS","is_daily":false,"chose_seed":false,"campfire_upgraded":7,"win_rate":0.0,"timestamp":1609234943,"path_taken":["M","?","?","M","$","R","E","R","T","E","M","E","M","M","R","BOSS","M","?","?","?","M","E","R","M","T","R","E","R","M","E","R","BOSS","M","?","?","?","M","E","R","M","T","?","E","R","?","?","R","BOSS","BOSS","R","$","E","BOSS"],"items_purchased_type":["Card","Card","Card","Relic","Relic","Card","Potion","Card","Potion"],"build_version":"2020-12-22","purchased_purges":1,"victory":false,"max_hp_per_floor":[75,75,75,75,75,75,75,75,75,75,77,79,81,81,81,81,81,81,83,58,62,64,64,64,64,64,64,66,66,68,68,68,68,68,70,70,72,72,74,76,76,78,78,80,82,82,82,82,82,82,82,82,82,82,98,98,98],"card_choices":[{"not_picked":["Sword Boomerang","Twin Strike"],"picked":"Pommel Strike","floor":0.0},{"not_picked":["Sentinel","Wild Strike"],"picked":"Spot Weakness","floor":1.0},{"not_picked":["Clothesline","Flex"],"picked":"Twin Strike","floor":4.0},{"not_picked":["Evolve","Uppercut"],"picked":"Pommel Strike","floor":7.0},{"not_picked":["Havoc","Body Slam"],"picked":"Battle Trance","floor":10.0},{"not_picked":["Carnage","Clothesline","Armaments"],"picked":"Singing Bowl","floor":11.0},{"not_picked":["Dual Wield","Headbutt","Juggernaut"],"picked":"Singing Bowl","floor":12.0},{"not_picked":["Wild Strike","Warcry","Thunderclap"],"picked":"Singing Bowl","floor":13.0},{"not_picked":["Perfected Strike","Entrench"],"picked":"Ghostly Armor","floor":14.0},{"not_picked":["Bludgeon","Brutality"],"picked":"Limit Break","floor":16.0},{"not_picked":["Iron Wave","Twin Strike"],"picked":"Sword Boomerang","floor":18.0},{"not_picked":["Feel No Pain","Anger","True Grit"],"picked":"Singing Bowl","floor":19.0},{"not_picked":["Cleave","Perfected Strike"],"picked":"Immolate","floor":21.0},{"not_picked":["Cleave","Armaments+1","Rampage"],"picked":"Singing Bowl","floor":21.0},{"not_picked":["Cleave","Headbutt","Havoc+1"],"picked":"Singing Bowl","floor":21.0},{"not_picked":["Thunderclap","Pommel Strike"],"picked":"Rage","floor":21.0},{"not_picked":["Havoc","Sentinel+1"],"picked":"Limit Break","floor":21.0},{"not_picked":["Cleave","Anger","Pommel Strike"],"picked":"Singing Bowl","floor":22.0},{"not_picked":["Armaments+1","Anger"],"picked":"Exhume","floor":23.0},{"not_picked":["Reckless Charge","Heavy Blade"],"picked":"True Grit+1","floor":25.0},{"not_picked":["Wild Strike+1","Headbutt","Evolve"],"picked":"Singing Bowl","floor":28.0},{"not_picked":["Anger","Clash+1","Thunderclap"],"picked":"Singing Bowl","floor":30.0},{"not_picked":["Twin Strike","Entrench"],"picked":"Demon Form","floor":31.0},{"not_picked":["Juggernaut","Berserk"],"picked":"Reaper","floor":33.0},{"not_picked":["Wild Strike","Blood for Blood","Flex+1"],"picked":"Singing Bowl","floor":35.0},{"not_picked":["Whirlwind","Clothesline","Sever Soul"],"picked":"Singing Bowl","floor":37.0},{"not_picked":["Deep Breath","Sadistic Nature"],"picked":"Flash of Steel","floor":38.0},{"not_picked":["Metallicize","Rage","Flex"],"picked":"Singing Bowl","floor":39.0},{"not_picked":["Sever Soul+1","Perfected Strike","Sword Boomerang"],"picked":"SKIP","floor":40.0},{"not_picked":["Sever Soul+1","Perfected Strike","Sword Boomerang"],"picked":"Singing Bowl","floor":40.0},{"not_picked":["Thunderclap","Wild Strike","Cleave+1"],"picked":"Singing Bowl","floor":42.0},{"not_picked":["Sword Boomerang+1","Combust","Dual Wield+1"],"picked":"Singing Bowl","floor":44.0},{"not_picked":["Perfected Strike+1","Barricade","Headbutt"],"picked":"Singing Bowl","floor":45.0},{"not_picked":["Wild Strike+1","Battle Trance","Immolate"],"picked":"Singing Bowl","floor":55}],"player_experience":751767,"relics_obtained":[{"floor":7.0,"key":"Eternal Feather"},{"floor":9.0,"key":"Singing Bowl"},{"floor":10.0,"key":"Omamori"},{"floor":12.0,"key":"Toy Ornithopter"},{"floor":19.0,"key":"Red Mask"},{"floor":23.0,"key":"Gambling Chip"},{"floor":26.0,"key":"Lantern"},{"floor":28.0,"key":"Mercury Hourglass"},{"floor":31.0,"key":"Shovel"},{"floor":40.0,"key":"Bottled Flame"},{"floor":41.0,"key":"Orichalcum"},{"floor":44.0,"key":"Unceasing Top"},{"floor":45.0,"key":"Art of War"},{"floor":49.0,"key":"Nunchaku"},{"floor":53,"key":"Mummified Hand"},{"floor":55,"key":"Mango"}],"event_choices":[{"damage_healed":0.0,"max_hp_gain":0.0,"max_hp_loss":0.0,"gold_gain":0.0,"event_name":"Shining Light","player_choice":"Entered Light","floor":2.0,"gold_loss":0.0,"damage_taken":23.0,"cards_upgraded":["Strike_R","Pommel Strike"]},{"damage_healed":25.0,"max_hp_gain":0.0,"max_hp_loss":0.0,"gold_gain":0.0,"event_name":"Big Fish","player_choice":"Banana","floor":3.0,"gold_loss":0.0,"damage_taken":0.0},{"damage_healed":0.0,"max_hp_gain":0.0,"max_hp_loss":0.0,"gold_gain":0.0,"event_name":"Masked Bandits","player_choice":"Fought Bandits","floor":19.0,"gold_loss":0.0,"damage_taken":0.0},{"damage_healed":0.0,"max_hp_gain":0.0,"max_hp_loss":25.0,"gold_gain":0.0,"event_name":"Vampires","player_choice":"Became a vampire","floor":20.0,"gold_loss":0.0,"damage_taken":0.0,"cards_obtained":["Bite","Bite","Bite","Bite","Bite"]},{"cards_removed":["Bite"],"damage_healed":5.0,"max_hp_gain":0.0,"max_hp_loss":0.0,"gold_gain":0.0,"event_name":"Bonfire Elementals","player_choice":"Offered Special","floor":36.0,"gold_loss":0.0,"damage_taken":0.0},{"damage_healed":0.0,"max_hp_gain":0.0,"max_hp_loss":0.0,"gold_gain":0.0,"event_name":"SensoryStone","player_choice":"Memory 1","floor":38.0,"gold_loss":0.0,"damage_taken":0.0},{"damage_healed":0.0,"max_hp_gain":0.0,"max_hp_loss":0.0,"gold_gain":0.0,"event_name":"MindBloom","player_choice":"Fight","floor":44.0,"gold_loss":0.0,"damage_taken":0.0},{"damage_healed":0.0,"max_hp_gain":0.0,"max_hp_loss":0.0,"gold_gain":222.0,"event_name":"Tomb of Lord Red Mask","player_choice":"Wore Mask","floor":47.0,"gold_loss":0.0,"damage_taken":0.0}],"is_beta":false,"boss_relics":[{"not_picked":["Black Blood","Fusion Hammer"],"picked":"Cursed Key"},{"not_picked":["Sozu","Mark of Pain"],"picked":"Runic Pyramid"}],"items_purged_floors":[48],"is_endless":false,"potions_floor_spawned":[1,4,7,14,16,19,28,31,33,35,44,45],"killed_by":"The Heart","ascension_level":20}}