{"host":"rmsq46plbpwfbxcc","time":1609259697,"event":{"mods":["AchievementEnabler","BaseMod","Colored Map","DeckTracker","Minty Spire (QoL Compilation)","Permanent Neow","SuperFastMode"],"gold_per_floor":[118,118,43,57,76,76,89,89,141,158,186,186,225,248,248,347,347,368,368,268,287,4,39,39,52,76,76,76,111,111,122,122,194,194,204,218,233,246,63,63,91,91,118,118,131,158,18,32,32,32],"floor_reached":51,"playtime":1726,"items_purged":["Defend_G","Injury","Strike_G","Storm of Steel","Eviscerate"],"score":1469,"play_id":"d7f002e1-119a-4b6f-aa0a-236f2bca78a9","local_time":"20201230013457","is_ascension_mode":true,"campfire_choices":[{"data":"Cloak And Dagger","floor":6.0,"key":"SMITH"},{"data":"Neutralize","floor":8.0,"key":"SMITH"},{"data":"Blade Dance","floor":15.0,"key":"SMITH"},{"data":"After Image","floor":24.0,"key":"SMITH"},{"data":"Accuracy","floor":28.0,"key":"SMITH"},{"data":"Finisher","floor":32.0,"key":"SMITH"},{"data":"Terror","floor":40.0,"key":"SMITH"},{"data":"Phantasmal Killer","floor":42.0,"key":"SMITH"},{"data":"Storm of Steel","floor":44.0,"key":"SMITH"},{"data":"Malaise","floor":49.0,"key":"SMITH"}],"circlet_count":0,"master_deck":["AscendersBane","Survivor","Neutralize+1","Cloak And Dagger+1","Finisher+1","Accuracy+1","Blade Dance+1","Dash","Escape Plan","After Image+1","Backflip","Blur","Cloak And Dagger+1","Phantasmal Killer+1","Tactician","Venomology","Terror+1","Footwork+1","Storm of Steel+1","Malaise+1","Acrobatics","Accuracy+1","Well Laid Plans+1","Blade Dance"],"relics":["Coffee Dripper","Toy Ornithopter","Odd Mushroom","Bloody Idol","Pen Nib","WristBlade","Bag of Preparation","The Courier","Centennial Puzzle","Frozen Egg 2","Pandora\u0027s Box","Vajra","Potion Belt","PreservedInsect"],"acts_visited":["Exordium","TheCity","TheBeyond"],"potions_floor_usage":[50,50,50],"damage_taken":[{"damage":0.0,"enemies":"2 Louse","floor":1.0,"turns":3.0},{"damage":0.0,"enemies":"Small Slimes","floor":4.0,"turns":4.0},{"damage":0.0,"enemies":"Jaw Worm","floor":5.0,"turns":4.0},{"damage":14.0,"enemies":"3 Louse","floor":7.0,"turns":3.0},{"damage":6.0,"enemies":"2 Fungi Beasts","floor":10.0,"turns":3.0},{"damage":8.0,"enemies":"The Mushroom Lair","floor":11.0,"turns":4.0},{"damage":26.0,"enemies":"Lagavulin","floor":13.0,"turns":7.0},{"damage":2.0,"enemies":"Large Slime","floor":14.0,"turns":5.0},{"damage":7.0,"enemies":"Slime Boss","floor":16.0,"turns":7.0},{"damage":0.0,"enemies":"Chosen","floor":18.0,"turns":3.0},{"damage":6.0,"enemies":"3 Byrds","floor":21.0,"turns":5.0},{"damage":0.0,"enemies":"Gremlin Leader","floor":23.0,"turns":6.0},{"damage":8.0,"enemies":"Snecko","floor":25.0,"turns":6.0},{"damage":13.0,"enemies":"Slavers","floor":29.0,"turns":5.0},{"damage":0.0,"enemies":"Snake Plant","floor":31.0,"turns":3.0},{"damage":26.0,"enemies":"Champ","floor":33.0,"turns":7.0},{"damage":11.0,"enemies":"Orb Walker","floor":35.0,"turns":3.0},{"damage":0.0,"enemies":"3 Darklings","floor":36.0,"turns":4.0},{"damage":17.0,"enemies":"Maw","floor":37.0,"turns":4.0},{"damage":0.0,"enemies":"Sphere and 2 Shapes","floor":38.0,"turns":5.0},{"damage":0.0,"enemies":"Giant Head","floor":41.0,"turns":5.0},{"damage":7.0,"enemies":"Jaw Worm Horde","floor":45.0,"turns":2.0},{"damage":4.0,"enemies":"Reptomancer","floor":46.0,"turns":3.0},{"damage":0.0,"enemies":"Maw","floor":48.0,"turns":2.0},{"damage":12,"enemies":"Time Eater","floor":50,"turns":4}],"seed_played":"3426400405831729199","potions_obtained":[{"floor":4.0,"key":"Energy Potion"},{"floor":7.0,"key":"FearPotion"},{"floor":10.0,"key":"SpeedPotion"},{"floor":16.0,"key":"BlessingOfTheForge"},{"floor":18.0,"key":"EntropicBrew"},{"floor":29.0,"key":"SkillPotion"},{"floor":31.0,"key":"GamblersBrew"},{"floor":35.0,"key":"DuplicationPotion"},{"floor":45.0,"key":"Dexterity Potion"},{"floor":48.0,"key":"Fruit Juice"}],"is_trial":false,"path_per_floor":["M","?","$","M","M","R","M","R","T","M","?","?","E","M","R","B",null,"M","?","$","M","$","E","R","M","T","?","R","E","?","M","R","B",null,"M","M","M","M","$","R","E","R","T","R","M","E","$","M","R","B",null],"character_chosen":"THE_SILENT","items_purchased":["Bag of Preparation","Well Laid Plans+1"],"campfire_rested":0,"item_purchase_floors":[22,39],"current_hp_per_floor":[59,64,64,64,64,64,50,50,50,44,46,46,20,18,18,11,56,61,61,61,70,70,71,71,68,71,71,71,68,68,71,71,60,68,62,67,59,64,64,64,71,71,71,71,69,70,70,76,76,74],"gold":32,"neow_bonus":"BOSS_RELIC","is_daily":false,"chose_seed":false,"campfire_upgraded":10,"win_rate":0.0,"timestamp":1609259697,"path_taken":["M","?","$","M","M","R","M","R","T","M","?","?","E","?","R","BOSS","M","?","$","M","$","E","R","M","T","?","R","E","?","M","R","BOSS","M","M","M","M","$","R","E","R","T","R","?","E","$","M","R","BOSS"],"items_purchased_type":["Relic","Card"],"build_version":"2020-12-22","purchased_purges":5,"victory":true,"max_hp_per_floor":[66,71,71,71,71,71,71,71,71,71,71,71,71,71,71,71,71,71,71,71,71,71,71,71,71,71,71,71,71,71,71,71,71,71,71,71,71,71,71,71,71,71,71,71,71,71,71,76,76,76],"card_choices":[{"not_picked":["Poisoned Stab","Prepared"],"picked":"Cloak And Dagger","floor":1.0},{"not_picked":["Deflect","Slice"],"picked":"Finisher","floor":4.0},{"not_picked":["Flying Knee","Poisoned Stab"],"picked":"Accuracy","floor":5.0},{"not_picked":["Outmaneuver","Doppelganger","Prepared"],"picked":"SKIP","floor":7.0},{"not_picked":["Concentrate","Dagger Spray","Bane"],"picked":"SKIP","floor":10.0},{"not_picked":["Flechettes","Noxious Fumes"],"picked":"Blade Dance","floor":11.0},{"not_picked":["Prepared","Glass Knife"],"picked":"Dash","floor":13.0},{"not_picked":["Dagger Throw","Dodge and Roll"],"picked":"Escape Plan","floor":14.0},{"not_picked":["Burst","Adrenaline"],"picked":"After Image","floor":16.0},{"not_picked":["All Out Attack","Outmaneuver"],"picked":"Backflip","floor":18.0},{"not_picked":["Reflex","Noxious Fumes"],"picked":"Blur","floor":21.0},{"not_picked":["All Out Attack","Escape Plan"],"picked":"Cloak And Dagger+1","floor":23.0},{"not_picked":["Quick Slash","Noxious Fumes","Expertise"],"picked":"SKIP","floor":25.0},{"not_picked":["Outmaneuver","Bane+1","Dodge and Roll"],"picked":"SKIP","floor":29.0},{"not_picked":["Bane","Cloak And Dagger"],"picked":"Phantasmal Killer","floor":31.0},{"not_picked":["Malaise","Die Die Die"],"picked":"Storm of Steel","floor":33.0},{"not_picked":["Dagger Throw","Riddle With Holes"],"picked":"Acrobatics","floor":35.0},{"not_picked":["Deflect+1","Catalyst","Leg Sweep"],"picked":"SKIP","floor":36.0},{"not_picked":["Dagger Spray","Noxious Fumes+1"],"picked":"Accuracy+1","floor":37.0},{"not_picked":["Footwork+1","Poisoned Stab+1","Dodge and Roll"],"picked":"SKIP","floor":38.0},{"not_picked":["Caltrops+1","Catalyst+1","Poisoned Stab+1"],"picked":"SKIP","floor":41.0},{"not_picked":["Bane","Eviscerate+1"],"picked":"Blade Dance","floor":45.0},{"not_picked":["Dagger Throw","Grand Finale","Predator"],"picked":"SKIP","floor":46.0},{"not_picked":["Outmaneuver","Deflect","Blade Dance+1"],"picked":"SKIP","floor":48.0}],"player_experience":1405360,"relics_obtained":[{"floor":9.0,"key":"Toy Ornithopter"},{"floor":11.0,"key":"Odd Mushroom"},{"floor":13.0,"key":"Pen Nib"},{"floor":23.0,"key":"The Courier"},{"floor":26.0,"key":"Centennial Puzzle"},{"floor":29.0,"key":"Frozen Egg 2"},{"floor":41.0,"key":"Vajra"},{"floor":43.0,"key":"Potion Belt"},{"floor":46.0,"key":"PreservedInsect"}],"event_choices":[{"damage_healed":0.0,"max_hp_gain":5.0,"max_hp_loss":0.0,"gold_gain":0.0,"event_name":"Big Fish","player_choice":"Donut","floor":2.0,"gold_loss":0.0,"damage_taken":0.0},{"damage_healed":0.0,"max_hp_gain":0.0,"max_hp_loss":0.0,"gold_gain":0.0,"event_name":"Mushrooms","player_choice":"Fought Mushrooms","floor":11.0,"gold_loss":0.0,"damage_taken":0.0},{"damage_healed":0.0,"max_hp_gain":0.0,"max_hp_loss":0.0,"gold_gain":0.0,"event_name":"Golden Idol","player_choice":"Take Wound","floor":12.0,"gold_loss":0.0,"damage_taken":0.0,"relics_obtained":["Golden Idol"],"cards_obtained":["Injury"]},{"damage_healed":0.0,"max_hp_gain":0.0,"max_hp_loss":0.0,"gold_gain":0.0,"event_name":"Forgotten Altar","player_choice":"Gave Idol","floor":19.0,"relics_lost":["Golden Idol"],"gold_loss":0.0,"damage_taken":0.0,"relics_obtained":["Bloody Idol"]},{"damage_healed":0.0,"max_hp_gain":0.0,"max_hp_loss":0.0,"gold_gain":0.0,"event_name":"Ghosts","player_choice":"Ignored","floor":27.0,"gold_loss":0.0,"damage_taken":0.0},{"cards_removed":["Defend_G"],"damage_healed":0.0,"max_hp_gain":0.0,"max_hp_loss":0.0,"gold_gain":0.0,"event_name":"Bonfire Elementals","player_choice":"Offered Basic","floor":30.0,"gold_loss":0.0,"damage_taken":0.0}],"is_beta":false,"boss_relics":[{"not_picked":["Philosopher\u0027s Stone","Astrolabe"],"picked":"WristBlade"},{"not_picked":["SacredBark","Calling Bell"],"picked":"Pandora\u0027s Box"}],"items_purged_floors":[3,20,22,39,47],"is_endless":false,"potions_floor_spawned":[4,7,10,16,18,29,31,35,37,45,48],"ascension_level":18}}