{"host":"grli52lbdph2722t","time":1609207975,"event":{"mods":["AchievementEnabler","BaseMod","Downfall","Minty Spire (QoL Compilation)","Quick Restart","StSLib"],"gold_per_floor":[99,99,99,99,99,24,76,76,108,108,108,120,147,164,182,182,182],"floor_reached":16,"playtime":320,"items_purged":[],"score":262,"play_id":"ff374ff8-deee-42e1-ba2b-30d190f833d3","local_time":"20201229031255","is_ascension_mode":true,"campfire_choices":[{"floor":1,"key":"RECALL"},{"data":"sneckomod:SnekBite","floor":6,"key":"SMITH"},{"data":"sneckomod:UnknownVulnerable","floor":11,"key":"SMITH"}],"circlet_count":0,"master_deck":["AscendersBane","sneckomod:Strike+1","sneckomod:Strike","sneckomod:Defend+1","sneckomod:Defend+1","sneckomod:TailWhip","sneckomod:SnekBite+1","sneckomod:Unknown","sneckomod:Unknown","sneckomod:IronFang","sneckomod:UnknownVulnerable+1","sneckomod:MasterEye+1","Regret","sneckomod:SoulDraw","sneckomod:WideSting","sneckomod:MasterEye+1","sneckomod:ImprovisedAttack"],"relics":["sneckomod:SneckoSoul","downfall:HeartsMalice","downfall:HeartBlessingRed","Blood Vial","Frozen Egg 2","Pen Nib","Pocketwatch"],"acts_visited":["Exordium"],"potions_floor_usage":[13,16,16],"damage_taken":[{"damage":0,"enemies":"Small Slimes","floor":2,"turns":1},{"damage":0,"enemies":"2 Louse","floor":4,"turns":1},{"damage":0,"enemies":"Gremlin Nob","floor":9,"turns":1},{"damage":7,"enemies":"Jaw Worm","floor":12,"turns":3},{"damage":20,"enemies":"Lagavulin","floor":13,"turns":4},{"damage":23,"enemies":"Exordium Wildlife","floor":14,"turns":3},{"damage":20,"enemies":"2 Fungi Beasts","floor":15,"turns":3},{"damage":13,"enemies":"downfall:Silent","floor":16,"turns":1}],"seed_played":"5103902112645771856","potions_obtained":[{"floor":12,"key":"sneckomod:OffclassReductionPotion"},{"floor":13,"key":"EntropicBrew"}],"is_trial":false,"path_per_floor":["R","M","?","M","?","R","T","?","E","?","R","M","E","M","M","B"],"character_chosen":"THE_SNECKO","items_purchased":[],"campfire_rested":0,"item_purchase_floors":[],"current_hp_per_floor":[75,75,75,76,76,76,76,65,67,67,67,62,48,27,9,0,0],"gold":182,"neow_bonus":"THREE_ENEMY_KILL","is_daily":false,"chose_seed":false,"campfire_upgraded":2,"win_rate":0.0,"timestamp":1609207975,"path_taken":["R","M","?","M","?","R","T","?","E","?","R","M","E","M","M","BOSS"],"items_purchased_type":[],"build_version":"2020-12-22","purchased_purges":0,"victory":false,"max_hp_per_floor":[83,83,83,84,84,84,84,84,84,84,84,84,84,84,84,84,84],"card_choices":[{"not_picked":["sneckomod:Unknown1Cost","sneckomod:UnknownStrike"],"picked":"sneckomod:IronFang","floor":2},{"not_picked":["sneckomod:QuickBite","sneckomod:UnknownX"],"picked":"sneckomod:UnknownVulnerable","floor":4},{"not_picked":["sneckomod:UnknownVulnerable","sneckomod:UnknownClassHEXA_GHOST_PURPLE"],"picked":"sneckomod:MasterEye+1","floor":9},{"not_picked":["sneckomod:Nope","sneckomod:QuickMove"],"picked":"sneckomod:SoulDraw","floor":12},{"not_picked":["sneckomod:DiceCrush","sneckomod:QuickBite"],"picked":"sneckomod:WideSting","floor":13},{"not_picked":["sneckomod:IronFang","sneckomod:SoulDraw"],"picked":"sneckomod:MasterEye+1","floor":14},{"not_picked":["sneckomod:QuickBite","sneckomod:UnknownCommonSkill"],"picked":"sneckomod:ImprovisedAttack","floor":15}],"player_experience":4912164,"relics_obtained":[{"floor":7,"key":"Blood Vial"},{"floor":9,"key":"Pen Nib"},{"floor":13,"key":"Pocketwatch"}],"event_choices":[{"cards_removed":["sneckomod:Defend"],"damage_healed":0,"gold_gain":0,"player_choice":"Card Removal","damage_taken":0,"max_hp_gain":0,"max_hp_loss":0,"event_name":"The Cleric","floor":5,"gold_loss":0},{"damage_healed":0,"gold_gain":0,"player_choice":"Success","damage_taken":11,"relics_obtained":["Frozen Egg 2"],"max_hp_gain":0,"max_hp_loss":0,"event_name":"Scrap Ooze","floor":8,"gold_loss":0}],"is_beta":false,"boss_relics":[],"items_purged_floors":[],"is_endless":false,"potions_floor_spawned":[12,13],"killed_by":"downfall:Silent","ascension_level":20}}