{"host":"czyrp3agadxx2eka","time":1609255905,"event":{"mods":["BaseMod","Colored Map","Downfall","Hubris","Infinite Spire","Minty Spire (QoL Compilation)","Replay The Spire","Shop Mod","StSLib","The Construct"],"gold_per_floor":[113,59,73,83,96,96,66,66,113,113,113,113,139,149,149,182,182,182,182],"floor_reached":18,"playtime":1349,"items_purged":[],"score":120,"play_id":"293fefea-d4a1-4d80-b05c-28e34f39958b","local_time":"20201229133145","is_ascension_mode":false,"campfire_choices":[{"data":"construct:Stasis","floor":6,"key":"SMITH"},{"data":"construct:ReactiveShield","floor":8,"key":"SMITH"},{"data":"construct:Chainstrike","floor":15,"key":"SMITH"},{"floor":17,"key":"DIG"}],"circlet_count":0,"master_deck":["construct:Strike_Gold+1","construct:Strike_Gold","construct:Strike_Gold","construct:Strike_Gold+1","construct:Strike_Gold","construct:Defend_Gold","construct:Defend_Gold","construct:Defend_Gold+1","construct:Defend_Gold","construct:Defend_Gold","construct:AttackMode","construct:DefenseMode","construct:Reinforce","construct:Autoturret","construct:ReactiveShield+1","construct:Stasis+1","construct:Chainstrike+1","construct:ElectricArmor"],"relics":["construct:Cogwheel","Pen Nib","WingedGreaves","Bronze Scales","Whetstone"],"acts_visited":["Exordium"],"potions_floor_usage":[16],"damage_taken":[{"damage":6,"enemies":"Cultist","floor":1,"turns":5},{"damage":0,"enemies":"Jaw Worm","floor":3,"turns":21},{"damage":0,"enemies":"Small Slimes","floor":4,"turns":6},{"damage":13,"enemies":"2 Fungi Beasts","floor":5,"turns":5},{"damage":5,"enemies":"Looter","floor":7,"turns":4},{"damage":1,"enemies":"Lagavulin","floor":13,"turns":10},{"damage":19,"enemies":"Exordium Thugs","floor":14,"turns":7},{"damage":47,"enemies":"Gremlin Nob","floor":16,"turns":5},{"damage":65,"enemies":"The Guardian","floor":18,"turns":6}],"seed_played":"-6127131055852109508","potions_obtained":[{"floor":1,"key":"FairyPotion"},{"floor":14,"key":"LiquidMemories"},{"floor":16,"key":"champ:CounterPotion"}],"is_trial":false,"path_per_floor":["M","$","M","M","M","R","M","R","T","PTL","PTL","?","E","M","R","E","R_BF","B"],"character_chosen":"THE_CONSTRUCT_MOD","items_purchased":["construct:Autoturret"],"campfire_rested":0,"item_purchase_floors":[2],"current_hp_per_floor":[87,87,87,87,74,74,69,69,69,69,69,69,68,49,49,2,2,0,0],"gold":182,"neow_bonus":"TEN_PERCENT_HP_BONUS","is_daily":false,"chose_seed":false,"campfire_upgraded":3,"win_rate":0.0,"timestamp":1609255905,"path_taken":["M","?","M","M","M","R","M","R","T","PTL","PTL","?","E","M","R","E","R_BF","BOSS"],"items_purchased_type":["Card"],"build_version":"2020-12-22","purchased_purges":0,"victory":false,"max_hp_per_floor":[93,93,93,93,93,93,93,93,93,93,93,93,93,93,93,93,93,93,93],"card_choices":[{"not_picked":["construct:OneWayMirror","construct:Anticipate"],"picked":"construct:Reinforce","floor":1},{"not_picked":["construct:ShiftStrike","construct:SyphonStrike"],"picked":"construct:ReactiveShield","floor":3},{"not_picked":["construct:FierceBash","construct:Backup"],"picked":"construct:Stasis","floor":4},{"not_picked":["construct:SuppressiveFire","construct:FierceBash","construct:Multistage"],"picked":"SKIP","floor":5},{"not_picked":["construct:Analyze","construct:ShiftStrike","construct:Overcharge"],"picked":"SKIP","floor":7},{"not_picked":["construct:SyphonStrike","construct:Anticipate","construct:CripplingShot"],"picked":"SKIP","floor":13},{"not_picked":["construct:MetalShell","construct:Reinforce"],"picked":"construct:Chainstrike","floor":14},{"not_picked":["construct:SuppressiveFire","construct:HardReboot"],"picked":"construct:ElectricArmor","floor":16}],"player_experience":4949,"relics_obtained":[{"floor":9,"key":"Pen Nib"},{"floor":13,"key":"WingedGreaves"},{"floor":16,"key":"Bronze Scales"},{"floor":17,"key":"Whetstone"}],"event_choices":[],"is_beta":false,"boss_relics":[],"items_purged_floors":[],"is_endless":false,"potions_floor_spawned":[1,14,16],"killed_by":"The Guardian","ascension_level":0}}