{"host":"s6mlqkqtr3ey2mm2","time":1609200646,"event":{"mods":["2.2 Compatiblity","AchievementEnabler","Aspiration","BaseMod","Beaked The Cultist","Better Note","BetterRewards","Challenge The Spire","Colored Map","Colored Powertips","Conspire","Curses Come First","Downfall","Emptier Cage","Energized Spire","GifTheSpireLib","Halation","Hermit","Hubris","Infinite Spire","Ironclad Rager","Marked Mod","Minty Spire (QoL Compilation)","Quick Restart","RatMod","Replay The Spire","Retaliation","Shade Mod","Somnambulant","Spicy Shops","StSLib","Stuff the Spire","The Blue Laboratory","The Construct","The Druid","The IronCluck","The Marked","The Mystic","The Necromancer","The Poker Player","The Runesmith","The Valiant","vexMod"],"gold_per_floor":[99,99,116,127,127,147,147,132,57,57,57,57],"floor_reached":10,"playtime":622,"items_purged":[],"score":56,"play_id":"d7bbfc7e-7b0e-459c-892a-bbe4c741a8d3","local_time":"20201228191046","is_ascension_mode":false,"campfire_choices":[{"floor":1,"key":"RECALL"},{"data":"Slimebound:LevelUp","floor":9,"key":"SMITH"}],"circlet_count":0,"master_deck":["Slimebound:Strike_Slimebound","Slimebound:Strike_Slimebound","Slimebound:Strike_Slimebound","Slimebound:Tackle","Slimebound:Defend_Slimebound","Slimebound:Defend_Slimebound","Slimebound:Defend_Slimebound+1","Slimebound:Defend_Slimebound","Slimebound:Split","Slimebound:CorrosiveSpit","Slimebound:Schlurp","Slimebound:Grow","Slimebound:GoopSpray","Slimebound:LeadByExample","Slimebound:LevelUp+1"],"relics":["Slimebound:AbsorbEndCombat","downfall:ShatteredFragment","construct:RocketBooster","downfall:HeartBlessingRed"],"acts_visited":["Exordium"],"potions_floor_usage":[],"damage_taken":[{"damage":2,"enemies":"2 Louse","floor":3,"turns":2},{"damage":10,"enemies":"Cultist","floor":4,"turns":4},{"damage":15,"enemies":"Jaw Worm","floor":6,"turns":3},{"damage":17,"enemies":"downfall:FleeingMerchant","floor":8,"turns":4},{"damage":52,"enemies":"Gremlin Nob","floor":10,"turns":3}],"seed_played":"-1833668596349703111","potions_obtained":[],"is_trial":false,"path_per_floor":["R","?","M","M","?","M","T","$","R","E"],"character_chosen":"SLIMEBOUND","items_purchased":[],"campfire_rested":0,"item_purchase_floors":[],"current_hp_per_floor":[60,60,60,57,39,32,32,31,31,0,0,0],"gold":57,"neow_bonus":"THREE_CARDS","is_daily":false,"chose_seed":false,"campfire_upgraded":1,"win_rate":0.0,"timestamp":1609200646,"path_taken":["R","?","M","?","?","M","T","?","R","E"],"items_purchased_type":[],"build_version":"2020-12-22","purchased_purges":0,"victory":false,"max_hp_per_floor":[60,60,60,60,60,60,60,60,60,60,60,60],"card_choices":[{"not_picked":["Slimebound:PressTheAttack","Slimebound:Prepare"],"picked":"Slimebound:Schlurp","floor":0},{"not_picked":["Slimebound:ForwardTackle","Slimebound:RainOfGoop"],"picked":"Slimebound:Grow","floor":3},{"not_picked":["Slimebound:GrowthPunch","Slimebound:FormOfPuddle"],"picked":"Slimebound:GoopSpray","floor":4},{"not_picked":["Slimebound:LeechEnergy","Slimebound:SpikyOuterGoop"],"picked":"Slimebound:LeadByExample","floor":6},{"not_picked":["Slimebound:FinishingTackle","Slimebound:LeechingTouch"],"picked":"Slimebound:LevelUp","floor":8}],"player_experience":46574,"relics_obtained":[{"floor":7,"key":"construct:RocketBooster"}],"event_choices":[{"damage_healed":0,"gold_gain":0,"player_choice":"Ignored","damage_taken":0,"max_hp_gain":0,"max_hp_loss":0,"event_name":"betterNote:BetterNote","floor":2,"gold_loss":0,"cards_obtained":["conspire:DoublingDagger"]}],"is_beta":false,"boss_relics":[],"items_purged_floors":[],"is_endless":false,"potions_floor_spawned":[],"killed_by":"Gremlin Nob","ascension_level":0}}