{"host":"1hv1kueuvc4r3rdp","time":1609280275,"event":{"mods":["AchievementEnabler","BaseMod","DeckTracker","Highlight Path","Minty Spire (QoL Compilation)","Permanent Neow","StSLib"],"gold_per_floor":[113,128,142,159,178,178,198,232,232,251,313,339,339,356,356,456,456,474,486,501,512,522,551,551,551,551,581,581,594,594,627,627,627,627],"floor_reached":33,"playtime":1908,"items_purged":[],"score":424,"play_id":"4f7ed89e-0307-4387-9851-e091ff644f3f","local_time":"20201229161755","is_ascension_mode":true,"campfire_choices":[{"data":"Sunder","floor":6,"key":"SMITH"},{"data":"Barrage","floor":15,"key":"SMITH"},{"floor":24,"key":"REST"},{"floor":28,"key":"REST"},{"data":"Creative AI","floor":30,"key":"SMITH"},{"floor":32,"key":"REST"}],"circlet_count":0,"master_deck":["Strike_B","Strike_B","Defend_B","Defend_B","Zap","Dualcast","Sunder+1","FTL","Glacier","Barrage+1","Sweeping Beam","Leap","Ball Lightning","BootSequence","Creative AI+1","Undo+1","Electrodynamics+1","Core Surge+1","Steam+1","Coolheaded+1","Genetic Algorithm","Go for the Eyes+1"],"relics":["Cracked Core","Torii","Ancient Tea Set","InkBottle","Astrolabe","Potion Belt","Strawberry","Letter Opener","Red Mask"],"acts_visited":["Exordium","TheCity"],"potions_floor_usage":[18,23,33],"damage_taken":[{"damage":2,"enemies":"Jaw Worm","floor":1,"turns":3},{"damage":0,"enemies":"Small Slimes","floor":2,"turns":2},{"damage":0,"enemies":"Cultist","floor":3,"turns":3},{"damage":5,"enemies":"2 Fungi Beasts","floor":4,"turns":3},{"damage":0,"enemies":"Exordium Wildlife","floor":5,"turns":4},{"damage":0,"enemies":"Exordium Thugs","floor":7,"turns":5},{"damage":22,"enemies":"Lagavulin","floor":8,"turns":8},{"damage":1,"enemies":"Lots of Slimes","floor":10,"turns":3},{"damage":10,"enemies":"3 Sentries","floor":12,"turns":7},{"damage":1,"enemies":"Blue Slaver","floor":14,"turns":4},{"damage":5,"enemies":"Hexaghost","floor":16,"turns":13},{"damage":7,"enemies":"2 Thieves","floor":18,"turns":4},{"damage":1,"enemies":"Chosen","floor":19,"turns":5},{"damage":9,"enemies":"Snake Plant","floor":20,"turns":4},{"damage":0,"enemies":"Chosen and Byrds","floor":21,"turns":4},{"damage":2,"enemies":"Centurion and Healer","floor":22,"turns":10},{"damage":26,"enemies":"Slavers","floor":23,"turns":4},{"damage":23,"enemies":"Gremlin Leader","floor":27,"turns":10},{"damage":0,"enemies":"Shelled Parasite and Fungi","floor":29,"turns":9},{"damage":1,"enemies":"Masked Bandits","floor":31,"turns":3},{"damage":63,"enemies":"Automaton","floor":33,"turns":6}],"seed_played":"-3690278518046485887","potions_obtained":[{"floor":0,"key":"ColorlessPotion"},{"floor":0,"key":"Energy Potion"},{"floor":0,"key":"ColorlessPotion"},{"floor":4,"key":"BlessingOfTheForge"},{"floor":10,"key":"PowerPotion"},{"floor":18,"key":"Explosive Potion"},{"floor":23,"key":"SpeedPotion"},{"floor":29,"key":"Fire Potion"}],"is_trial":false,"path_per_floor":["M","M","M","M","M","R","M","E","T","M","?","E","?","M","R","B",null,"M","M","M","M","M","E","R","?","T","E","R","M","R","?","R","B"],"character_chosen":"DEFECT","items_purchased":[],"campfire_rested":3,"item_purchase_floors":[],"current_hp_per_floor":[66,66,66,61,61,61,61,39,39,38,38,28,28,27,27,22,62,55,54,45,45,43,17,39,25,32,9,35,35,35,34,60,0,0],"gold":627,"neow_bonus":"THREE_SMALL_POTIONS","is_daily":false,"chose_seed":false,"campfire_upgraded":3,"win_rate":0.0,"timestamp":1609280275,"path_taken":["M","M","M","M","M","R","M","E","T","M","?","E","?","M","R","BOSS","M","M","M","M","M","E","R","?","T","E","R","M","R","?","R","BOSS"],"items_purchased_type":[],"build_version":"2020-12-22","purchased_purges":0,"victory":false,"max_hp_per_floor":[75,75,75,75,75,75,75,75,75,75,75,75,75,75,75,75,75,75,75,75,75,75,75,75,80,87,87,87,87,87,87,87,87,87],"card_choices":[{"not_picked":["Chaos","Cold Snap"],"picked":"Sunder","floor":1},{"not_picked":["Storm","Streamline","Force Field"],"picked":"SKIP","floor":2},{"not_picked":["Doom and Gloom","Gash"],"picked":"FTL","floor":3},{"not_picked":["Beam Cell","Aggregate"],"picked":"Glacier","floor":4},{"not_picked":["Doom and Gloom","Turbo"],"picked":"Barrage","floor":5},{"not_picked":["Beam Cell","Stack"],"picked":"Sweeping Beam","floor":7},{"not_picked":["Coolheaded","Rainbow"],"picked":"Leap","floor":8},{"not_picked":["Glacier","Steam"],"picked":"Ball Lightning","floor":10},{"not_picked":["Steam Power","Recycle"],"picked":"BootSequence","floor":12},{"not_picked":["FTL","Conserve Battery","Sweeping Beam"],"picked":"SKIP","floor":14},{"not_picked":["Fission","Reboot"],"picked":"Creative AI","floor":16},{"not_picked":["Steam","Aggregate","Barrage"],"picked":"SKIP","floor":18},{"not_picked":["Beam Cell+1","Self Repair+1"],"picked":"Steam+1","floor":19},{"not_picked":["Self Repair","Ball Lightning"],"picked":"Coolheaded+1","floor":20},{"not_picked":["Static Discharge","BootSequence","Stack+1"],"picked":"SKIP","floor":21},{"not_picked":["Consume+1","White Noise","Rebound"],"picked":"SKIP","floor":22},{"not_picked":["Consume+1","Hyperbeam"],"picked":"Genetic Algorithm","floor":23},{"not_picked":["Turbo+1","Chaos"],"picked":"Go for the Eyes+1","floor":27},{"not_picked":["Compile Driver","Redo","Genetic Algorithm+1"],"picked":"SKIP","floor":29}],"player_experience":1115105,"relics_obtained":[{"floor":8,"key":"Torii"},{"floor":9,"key":"Ancient Tea Set"},{"floor":12,"key":"InkBottle"},{"floor":23,"key":"Potion Belt"},{"floor":26,"key":"Strawberry"},{"floor":27,"key":"Letter Opener"},{"floor":31,"key":"Red Mask"}],"event_choices":[{"damage_healed":0,"gold_gain":62,"player_choice":"Gained Gold","damage_taken":0,"max_hp_gain":0,"max_hp_loss":0,"event_name":"Golden Wing","floor":11,"gold_loss":0},{"cards_removed":["Strike_B"],"damage_healed":0,"gold_gain":0,"player_choice":"Offered Basic","damage_taken":0,"max_hp_gain":0,"max_hp_loss":0,"event_name":"Bonfire Elementals","floor":13,"gold_loss":0},{"damage_healed":0,"gold_gain":0,"player_choice":"Shed Blood","damage_taken":19,"max_hp_gain":5,"max_hp_loss":0,"event_name":"Forgotten Altar","floor":25,"gold_loss":0},{"damage_healed":0,"gold_gain":0,"player_choice":"Fought Bandits","damage_taken":0,"max_hp_gain":0,"max_hp_loss":0,"event_name":"Masked Bandits","floor":31,"gold_loss":0}],"is_beta":false,"boss_relics":[{"not_picked":["Sozu","Runic Pyramid"],"picked":"Astrolabe"}],"items_purged_floors":[],"is_endless":false,"potions_floor_spawned":[2,4,8,10,12,18,21,23,29],"killed_by":"Automaton","ascension_level":8}}