{"host":"jm9833yuloeli2yd","time":1609263608,"event":{"mods":["AchievementEnabler","BaseMod","Better Altar","Better Match","Better Note","Better Sensory Stone","Better Skull","Better Third Choice","Better Vampires","BetterRewards","Colored Map","Colored Powertips","DeckTracker","Marked Mod","Minty Spire (QoL Compilation)","Permanent Neow","Quick Restart","StSLib","SuperFastMode"],"gold_per_floor":[109,125,5,5,21,49,61,103,115,139,169,192,204,234,246,329,341,367,399,260,175,175,175],"floor_reached":22,"playtime":544,"items_purged":["Strike_B","Strike_B"],"score":396,"play_id":"c9ec6545-341c-41b7-b53f-0d277a3712b9","local_time":"20201229124008","is_ascension_mode":true,"campfire_choices":[{"floor":7.0,"key":"REST"},{"floor":13,"key":"REST"},{"data":"Zap","floor":15,"key":"SMITH"}],"circlet_count":0,"master_deck":["AscendersBane","Strike_B","Strike_B","Defend_B","Defend_B","Defend_B","Zap+1","Dualcast+1","Sweeping Beam","Reprogram","Capacitor+1","Rip and Tear","Rip and Tear","Doom and Gloom","All For One","Beam Cell","Self Repair","Glacier","Beam Cell","Echo Form","FTL","Coolheaded","Barrage"],"relics":["Cracked Core","MawBank","Gremlin Horn","Omamori","Sozu","Letter Opener"],"acts_visited":["TheCity"],"potions_floor_usage":[12,16,16],"damage_taken":[{"damage":8.0,"enemies":"2 Louse","floor":1.0,"turns":2.0},{"damage":3.0,"enemies":"Jaw Worm","floor":2.0,"turns":4.0},{"damage":1.0,"enemies":"Cultist","floor":5.0,"turns":3.0},{"damage":28.0,"enemies":"Lagavulin","floor":6.0,"turns":6.0},{"damage":8.0,"enemies":"Gremlin Nob","floor":8.0,"turns":3.0},{"damage":0.0,"enemies":"Large Slime","floor":10.0,"turns":3.0},{"damage":5.0,"enemies":"Looter","floor":11.0,"turns":3.0},{"damage":9,"enemies":"3 Louse","floor":12,"turns":2},{"damage":5,"enemies":"Blue Slaver","floor":14,"turns":3},{"damage":19,"enemies":"Hexaghost","floor":16,"turns":5},{"damage":18,"enemies":"Spheric Guardian","floor":18,"turns":4},{"damage":28,"enemies":"2 Thieves","floor":19,"turns":4},{"damage":30,"enemies":"Masked Bandits","floor":22,"turns":2}],"seed_played":"-4372554450516330884","potions_obtained":[{"floor":1.0,"key":"Energy Potion"},{"floor":8.0,"key":"FocusPotion"},{"floor":10.0,"key":"Ancient Potion"},{"floor":12,"key":"SteroidPotion"},{"floor":14,"key":"EssenceOfDarkness"}],"is_trial":false,"path_per_floor":["M","M","$","?","M","E","R","E","T","M","M","M","R","M","R","B",null,"M","M","$","?","?"],"character_chosen":"DEFECT","items_purchased":["Sweeping Beam","Rip and Tear","Barrage"],"campfire_rested":2,"item_purchase_floors":[0,3,20],"current_hp_per_floor":[56,53,53,32,31,3,24,16,16,16,11,2,23,25,25,6,55,44,23,23,23,0,0],"gold":175,"neow_bonus":"","is_daily":false,"chose_seed":false,"campfire_upgraded":1,"win_rate":0.0,"timestamp":1609263608,"path_taken":["M","M","$","?","M","E","R","E","T","M","M","M","R","M","R","BOSS","M","M","$","?","?"],"items_purchased_type":["Card","Card","Card"],"build_version":"2020-12-22","purchased_purges":2,"victory":false,"max_hp_per_floor":[71,71,71,71,71,71,71,71,71,71,71,71,71,71,71,71,71,71,71,71,71,71,71],"card_choices":[{"not_picked":["Beam Cell","Skim"],"picked":"Reprogram","floor":1.0},{"not_picked":["Rebound","Turbo"],"picked":"Capacitor","floor":2.0},{"not_picked":["Aggregate","Barrage"],"picked":"Rip and Tear","floor":5.0},{"not_picked":["Skim","Tempest"],"picked":"Doom and Gloom","floor":6.0},{"not_picked":["Beam Cell","Rebound"],"picked":"All For One","floor":8.0},{"not_picked":["Stack","Redo"],"picked":"Beam Cell","floor":10.0},{"not_picked":["BootSequence","Aggregate"],"picked":"Self Repair","floor":11.0},{"not_picked":["Hologram","Coolheaded"],"picked":"Glacier","floor":12},{"not_picked":["Sweeping Beam","Redo"],"picked":"Beam Cell","floor":14},{"not_picked":["Hyperbeam","Rainbow"],"picked":"Echo Form","floor":16},{"not_picked":["Beam Cell","Steam"],"picked":"FTL","floor":18},{"not_picked":["Redo","Leap"],"picked":"Coolheaded","floor":19}],"player_experience":1172397,"relics_obtained":[{"floor":6.0,"key":"MawBank"},{"floor":8.0,"key":"Gremlin Horn"},{"floor":9.0,"key":"Omamori"}],"event_choices":[{"damage_healed":53.0,"max_hp_gain":0.0,"max_hp_loss":71.0,"gold_gain":0.0,"event_name":"betterThird:BetterShining","player_choice":"Upgrade","floor":4.0,"gold_loss":0.0,"damage_taken":21.0,"cards_upgraded":["Capacitor","Dualcast"]},{"damage_healed":0,"gold_gain":0,"player_choice":"Obtained Relic","damage_taken":0,"relics_obtained":["Letter Opener"],"max_hp_gain":0,"max_hp_loss":0,"event_name":"Addict","floor":21,"gold_loss":85},{"damage_healed":0,"gold_gain":0,"player_choice":"Fought Bandits","damage_taken":0,"max_hp_gain":0,"max_hp_loss":0,"event_name":"Masked Bandits","floor":22,"gold_loss":0}],"is_beta":false,"boss_relics":[{"not_picked":["Runic Dome","Tiny House"],"picked":"Sozu"}],"items_purged_floors":[3,20],"is_endless":false,"potions_floor_spawned":[1,8,10,12,14,18],"killed_by":"Masked Bandits","ascension_level":20}}