{"host":"cv77zuuuekizn3ic","time":1609241559,"event":{"mods":["AchievementEnabler","BaseMod","Marisa£®ÏF”Í°°ƒß¿Ì…≥£©","Minty Spire (QoL Compilation)","StSLib","The Servant 0.9.4","Waifu the Spire","everything is the same but u backflip on backflip","slay the spire mod where everything is the same but ironclad has a cowboy hat"],"gold_per_floor":[118,193,193,205,217,247,247,266,266,281,306,317,317,327,327,423,423,442,317,330,349,417,417,417],"floor_reached":23,"playtime":899,"items_purged":["Strike_B"],"score":300,"play_id":"c32f31fb-dae8-44a3-af20-532cb3e881a4","local_time":"20201229193239","is_ascension_mode":true,"campfire_choices":[{"data":"Defragment","floor":13.0,"key":"SMITH"},{"data":"Loop","floor":15.0,"key":"SMITH"}],"circlet_count":0,"master_deck":["Strike_B","Defend_B","Defend_B","Defend_B","Defend_B","Zap","Dualcast","Cold Snap","Loop+1","Self Repair","Sunder","Defragment+1","White Noise","Amplify","Electrodynamics","Defragment","Coolheaded"],"relics":["Cracked Core","NeowsBlessing","Happy Flower","SsserpentHead","Art of War","Cables","Empty Cage"],"acts_visited":["Exordium","TheCity"],"potions_floor_usage":[23,23,23],"damage_taken":[{"damage":0.0,"enemies":"Small Slimes","floor":1.0,"turns":1.0},{"damage":0.0,"enemies":"Jaw Worm","floor":4.0,"turns":1.0},{"damage":0.0,"enemies":"Cultist","floor":5.0,"turns":1.0},{"damage":31.0,"enemies":"Lagavulin","floor":6.0,"turns":8.0},{"damage":11.0,"enemies":"3 Louse","floor":8.0,"turns":3.0},{"damage":4.0,"enemies":"Lots of Slimes","floor":10.0,"turns":4.0},{"damage":2.0,"enemies":"3 Sentries","floor":11.0,"turns":7.0},{"damage":19.0,"enemies":"Exordium Wildlife","floor":12.0,"turns":5.0},{"damage":13.0,"enemies":"Blue Slaver","floor":14.0,"turns":3.0},{"damage":6.0,"enemies":"Slime Boss","floor":16.0,"turns":5.0},{"damage":22.0,"enemies":"3 Byrds","floor":18.0,"turns":4.0},{"damage":17.0,"enemies":"Shell Parasite","floor":20.0,"turns":4.0},{"damage":12.0,"enemies":"Cultist and Chosen","floor":21.0,"turns":4.0},{"damage":32.0,"enemies":"Snake Plant","floor":22.0,"turns":4.0},{"damage":13,"enemies":"Slavers","floor":23,"turns":1}],"seed_played":"-6523635800575883549","potions_obtained":[{"floor":10.0,"key":"FocusPotion"},{"floor":11.0,"key":"Swift Potion"},{"floor":12.0,"key":"Swift Potion"},{"floor":14.0,"key":"Explosive Potion"},{"floor":18.0,"key":"GamblersBrew"},{"floor":22.0,"key":"GamblersBrew"}],"is_trial":false,"path_per_floor":["M","?","?","M","M","E","?","M","T","M","E","M","R","M","R","B",null,"M","$","M","M","M","E"],"character_chosen":"DEFECT","items_purchased":["Explosive Potion"],"campfire_rested":0,"item_purchase_floors":[19],"current_hp_per_floor":[68,57,57,57,57,33,33,29,29,32,37,25,25,26,26,27,63,48,48,38,40,8,0,0],"gold":417,"neow_bonus":"THREE_ENEMY_KILL","is_daily":false,"chose_seed":false,"campfire_upgraded":2,"win_rate":0.0,"timestamp":1609241559,"path_taken":["M","?","?","?","M","E","?","M","T","M","E","M","R","M","R","BOSS","M","$","M","M","?","E"],"items_purchased_type":["Potion"],"build_version":"2020-12-22","purchased_purges":1,"victory":false,"max_hp_per_floor":[75,75,75,75,75,75,75,75,75,75,75,75,75,75,75,75,75,75,75,75,75,75,75,75],"card_choices":[{"not_picked":["Streamline","Conserve Battery"],"picked":"Cold Snap","floor":1.0},{"not_picked":["Redo","Hologram"],"picked":"Loop","floor":4.0},{"not_picked":["Stack","Barrage"],"picked":"Self Repair","floor":5.0},{"not_picked":["Streamline","Leap"],"picked":"Sunder","floor":6.0},{"not_picked":["Blizzard","Rebound","Gash"],"picked":"SKIP","floor":8.0},{"not_picked":["Rebound","Conserve Battery"],"picked":"Defragment","floor":10.0},{"not_picked":["Chaos","Reinforced Body"],"picked":"White Noise","floor":11.0},{"not_picked":["Conserve Battery","Redo"],"picked":"Amplify","floor":12.0},{"not_picked":["Storm","White Noise","Aggregate"],"picked":"SKIP","floor":14.0},{"not_picked":["Fission","Core Surge"],"picked":"Electrodynamics","floor":16.0},{"not_picked":["Capacitor","Force Field","Go for the Eyes"],"picked":"SKIP","floor":18.0},{"not_picked":["Cold Snap+1","Gash"],"picked":"Defragment","floor":20.0},{"not_picked":["Force Field","Sunder","Self Repair+1"],"picked":"SKIP","floor":21.0},{"not_picked":["Fusion","Streamline+1"],"picked":"Coolheaded","floor":22.0}],"player_experience":689954,"relics_obtained":[{"floor":6.0,"key":"Happy Flower"},{"floor":9.0,"key":"Art of War"},{"floor":11.0,"key":"Cables"}],"event_choices":[{"damage_healed":0.0,"max_hp_gain":0.0,"max_hp_loss":0.0,"gold_gain":75.0,"event_name":"World of Goop","player_choice":"Gather Gold","floor":2.0,"gold_loss":0.0,"damage_taken":11.0},{"damage_healed":0.0,"max_hp_gain":0.0,"max_hp_loss":0.0,"gold_gain":0.0,"event_name":"Match and Keep!","player_choice":"0 cards matched","floor":3.0,"gold_loss":0.0,"damage_taken":0.0,"cards_obtained":[]},{"damage_healed":0.0,"max_hp_gain":0.0,"max_hp_loss":0.0,"gold_gain":0.0,"event_name":"FaceTrader","player_choice":"Trade","floor":7.0,"gold_loss":0.0,"damage_taken":0.0,"relics_obtained":["SsserpentHead"]}],"is_beta":false,"boss_relics":[{"not_picked":["Sozu","Snecko Eye"],"picked":"Empty Cage"}],"items_purged_floors":[19],"is_endless":false,"potions_floor_spawned":[10,11,12,14,18,22],"killed_by":"Slavers","ascension_level":9}}