{"host":"8rwnpls8n88jrgbg","time":1609204739,"event":{"mods":["AchievementEnabler","BaseMod","Colored Map","Colored Powertips","DeckTracker","Keyboard Shortcuts","Minty Spire (QoL Compilation)","Relic Stats","StSLib","SuperFastMode"],"gold_per_floor":[115,75,85,100,100,100,23,49,49,62,62,6,36,49,49,49,49],"floor_reached":16,"playtime":617,"items_purged":[],"score":270,"play_id":"42642e1b-520a-4f79-a0a6-029e02f74af0","local_time":"20201229101859","is_ascension_mode":true,"campfire_choices":[{"data":"Flechettes","floor":6.0,"key":"SMITH"},{"data":"Reflex","floor":11.0,"key":"SMITH"},{"data":"Dagger Throw","floor":15.0,"key":"SMITH"}],"circlet_count":0,"master_deck":["AscendersBane","Strike_G","Strike_G","Strike_G","Strike_G","Strike_G","Defend_G","Defend_G","Defend_G","Defend_G","Defend_G","Survivor","Neutralize","Flechettes+1","Dagger Throw+1","Masterful Stab","Reflex+1"],"relics":["Ring of the Snake","NeowsBlessing","Meat on the Bone","Pen Nib","Bronze Scales"],"acts_visited":["Exordium"],"potions_floor_usage":[16,16],"damage_taken":[{"damage":0.0,"enemies":"2 Louse","floor":1.0,"turns":1.0},{"damage":0.0,"enemies":"Cultist","floor":3.0,"turns":1.0},{"damage":0.0,"enemies":"Small Slimes","floor":4.0,"turns":1.0},{"damage":0.0,"enemies":"Lagavulin","floor":8.0,"turns":4.0},{"damage":14.0,"enemies":"Exordium Thugs","floor":10.0,"turns":4.0},{"damage":42.0,"enemies":"3 Sentries","floor":13.0,"turns":11.0},{"damage":0.0,"enemies":"Red Slaver","floor":14.0,"turns":1.0},{"damage":32,"enemies":"Slime Boss","floor":16,"turns":5}],"seed_played":"4990916523701712878","potions_obtained":[{"floor":1.0,"key":"CunningPotion"},{"floor":2.0,"key":"Block Potion"},{"floor":5.0,"key":"AttackPotion"},{"floor":8.0,"key":"Fire Potion"},{"floor":14.0,"key":"SteroidPotion"}],"is_trial":false,"path_per_floor":["M","?","M","M","?","R","$","E","T","M","R","$","E","M","R","B"],"character_chosen":"THE_SILENT","items_purchased":["Masterful Stab","SteroidPotion"],"campfire_rested":0,"item_purchase_floors":[7,12],"current_hp_per_floor":[59,59,59,59,59,59,59,59,59,45,45,45,15,27,27,0,0],"gold":49,"neow_bonus":"THREE_ENEMY_KILL","is_daily":false,"chose_seed":false,"campfire_upgraded":3,"win_rate":0.0,"timestamp":1609204739,"path_taken":["M","?","?","M","?","R","?","E","T","?","R","$","E","M","R","BOSS"],"items_purchased_type":["Card","Potion"],"build_version":"2020-12-22","purchased_purges":0,"victory":false,"max_hp_per_floor":[66,66,66,66,66,66,66,66,66,66,66,66,66,66,66,66,66],"relic_stats":{"counters":[8,28],"Bronze Scales":[6],"Pen Nib":[4],"obtain_stats":[{"NeowsBlessing":0,"Bronze Scales":13,"Pen Nib":9,"Ring of the Snake":0,"Meat on the Bone":8},{"NeowsBlessing":0,"Bronze Scales":6,"Pen Nib":4,"Ring of the Snake":0,"Meat on the Bone":4},{"NeowsBlessing":0,"Bronze Scales":22,"Pen Nib":7,"Ring of the Snake":0,"Meat on the Bone":7}],"Ring of the Snake":[16],"Meat on the Bone":24},"card_choices":[{"not_picked":["Crippling Poison","Leg Sweep"],"picked":"Flechettes","floor":1.0},{"not_picked":["Quick Slash","Acrobatics"],"picked":"Dagger Throw","floor":3.0},{"not_picked":["Underhanded Strike","Catalyst","Setup"],"picked":"SKIP","floor":4.0},{"not_picked":["Bane","Choke","Distraction"],"picked":"SKIP","floor":8.0},{"not_picked":["Dagger Spray","Cloak And Dagger"],"picked":"Reflex","floor":10.0},{"not_picked":["Outmaneuver","Finisher","Masterful Stab"],"picked":"SKIP","floor":13.0},{"not_picked":["Dagger Spray","Flechettes","Quick Slash"],"picked":"SKIP","floor":14.0}],"player_experience":1469180,"relics_obtained":[{"floor":8.0,"key":"Meat on the Bone"},{"floor":9.0,"key":"Pen Nib"},{"floor":13.0,"key":"Bronze Scales"}],"event_choices":[{"damage_healed":0.0,"max_hp_gain":0.0,"max_hp_loss":0.0,"gold_gain":0.0,"event_name":"The Woman in Blue","player_choice":"Bought 3 Potions","floor":2.0,"gold_loss":0.0,"damage_taken":0.0},{"damage_healed":0.0,"max_hp_gain":0.0,"max_hp_loss":0.0,"gold_gain":0.0,"event_name":"Lab","player_choice":"Got Potions","floor":5.0,"gold_loss":0.0,"damage_taken":0.0}],"is_beta":false,"boss_relics":[],"items_purged_floors":[],"is_endless":false,"potions_floor_spawned":[1,8,14],"killed_by":"Slime Boss","ascension_level":20}}