{"host":"y89x8uui45kcjy42","time":1609216677,"event":{"mods":["2.2 Compatiblity","BaseMod","CapriCore","Colored Map","Colored Powertips","Custom Start","Friendly Minions","Highlight Path","Keyboard Shortcuts","Minty Spire (QoL Compilation)","Relic Stats","Slay the Relics Exporter","StSLib","SuperFastMode","Waifu the Spire"],"gold_per_floor":[211,231,1,14,14,30,30,30],"floor_reached":7,"playtime":183,"items_purged":["Strike_R","Strike_R"],"score":86,"play_id":"24fbf615-7a13-4008-ad86-b290807fb086","local_time":"20201229133757","is_ascension_mode":true,"campfire_choices":[],"circlet_count":0,"master_deck":["Strike_R","Strike_R","Strike_R","Defend_R","Defend_R","Defend_R","Defend_R","Bash","Master of Strategy","Spot Weakness","Limit Break","Carnage","Shrug It Off"],"relics":["Burning Blood","Membership Card"],"acts_visited":["Exordium"],"potions_floor_usage":[7],"damage_taken":[{"damage":19,"enemies":"Jaw Worm","floor":1,"turns":4},{"damage":20,"enemies":"Small Slimes","floor":2,"turns":4},{"damage":17,"enemies":"Cultist","floor":4,"turns":4},{"damage":22,"enemies":"Looter","floor":6,"turns":3},{"damage":14,"enemies":"Gremlin Nob","floor":7,"turns":2}],"seed_played":"-6827676423247753046","potions_obtained":[{"floor":4,"key":"Fire Potion"},{"floor":6,"key":"Dexterity Potion"}],"is_trial":false,"path_per_floor":["M","M","$","M","$","M","E"],"character_chosen":"IRONCLAD","items_purchased":["Limit Break"],"campfire_rested":0,"item_purchase_floors":[3],"current_hp_per_floor":[55,41,41,30,30,14,0,0],"gold":30,"neow_bonus":"RANDOM_COLORLESS_2","is_daily":false,"chose_seed":false,"campfire_upgraded":0,"win_rate":0.0,"timestamp":1609216677,"path_taken":["M","M","$","M","$","M","E"],"items_purchased_type":["Card"],"build_version":"2020-12-22","purchased_purges":2,"victory":false,"max_hp_per_floor":[68,68,68,68,68,68,68,68],"relic_stats":{"counters":[5,17],"obtain_stats":[{"Membership Card":5,"Burning Blood":0},{"Membership Card":3,"Burning Blood":0},{"Membership Card":12,"Burning Blood":0}],"Burning Blood":24},"card_choices":[{"not_picked":["Violence","Magnetism"],"picked":"Master of Strategy","floor":0},{"not_picked":["Thunderclap","Flex","Havoc"],"picked":"SKIP","floor":1},{"not_picked":["Perfected Strike","Thunderclap"],"picked":"Spot Weakness","floor":2},{"not_picked":["Spot Weakness","Blood for Blood"],"picked":"Carnage","floor":4},{"not_picked":["Intimidate","Flex"],"picked":"Shrug It Off","floor":6}],"player_experience":523279,"relics_obtained":[],"event_choices":[],"is_beta":false,"boss_relics":[],"items_purged_floors":[3,5],"is_endless":false,"potions_floor_spawned":[4,6],"killed_by":"Gremlin Nob","ascension_level":20}}