{"host":"sc0o2qwpf9j16a4i","time":1609262059,"event":{"mods":["AchievementEnabler","BaseMod","BetterRewards","Block Reminder","Colored Map","Colored Powertips","Custom Start","Highlight Path","Minty Spire (QoL Compilation)","Relic Stats"],"gold_per_floor":[20,20,35,48,71,71,71,71],"floor_reached":7,"playtime":139,"items_purged":[],"score":82,"play_id":"f36d2798-3b8f-48e2-9ed3-4269757deaae","local_time":"20201229191419","is_ascension_mode":true,"campfire_choices":[{"floor":6.0,"key":"REST"}],"circlet_count":0,"master_deck":["AscendersBane","Strike_P","Strike_P","Strike_P","Strike_P","Defend_P","Defend_P","Defend_P","Defend_P","Eruption","Vigilance","FlyingSleeves","CrushJoints","Meditate","InnerPeace"],"relics":["PureWater","Bird Faced Urn","Golden Idol"],"acts_visited":["Exordium"],"potions_floor_usage":[],"damage_taken":[{"damage":5.0,"enemies":"Small Slimes","floor":1.0,"turns":5.0},{"damage":4.0,"enemies":"Jaw Worm","floor":3.0,"turns":2.0},{"damage":10.0,"enemies":"2 Louse","floor":4.0,"turns":2.0},{"damage":9.0,"enemies":"2 Fungi Beasts","floor":5.0,"turns":3.0},{"damage":69,"enemies":"Gremlin Nob","floor":7,"turns":4}],"seed_played":"-4898294986120310373","potions_obtained":[{"floor":3.0,"key":"Strength Potion"}],"is_trial":false,"path_per_floor":["M","?","M","M","M","R","E"],"character_chosen":"WATCHER","items_purchased":[],"campfire_rested":1,"item_purchase_floors":[],"current_hp_per_floor":[56,56,52,42,33,51,0,0],"gold":71,"neow_bonus":"ONE_RARE_RELIC","is_daily":false,"chose_seed":false,"campfire_upgraded":0,"win_rate":0.0,"timestamp":1609262059,"path_taken":["M","?","M","M","M","R","E"],"items_purchased_type":[],"build_version":"2020-12-22","purchased_purges":0,"victory":false,"max_hp_per_floor":[68,62,62,62,62,62,62,62],"relic_stats":{"counters":[5,16],"Golden Idol":11,"Bird Faced Urn":[0],"obtain_stats":[{"Golden Idol":2,"Bird Faced Urn":0,"PureWater":0},{"Golden Idol":1,"Bird Faced Urn":0,"PureWater":0},{"Golden Idol":5,"Bird Faced Urn":0,"PureWater":0}]},"card_choices":[{"not_picked":["CrushJoints","FollowUp"],"picked":"FlyingSleeves","floor":1.0},{"not_picked":["Nirvana","WaveOfTheHand"],"picked":"CrushJoints","floor":3.0},{"not_picked":["EmptyFist","CutThroughFate"],"picked":"Meditate","floor":4.0},{"not_picked":["Protect","BowlingBash"],"picked":"InnerPeace","floor":5.0}],"player_experience":403130,"relics_obtained":[],"event_choices":[{"damage_healed":0.0,"max_hp_gain":0.0,"max_hp_loss":6.0,"gold_gain":0.0,"event_name":"Golden Idol","player_choice":"Lose Max HP","floor":2.0,"gold_loss":0.0,"damage_taken":0.0,"relics_obtained":["Golden Idol"]}],"is_beta":false,"boss_relics":[],"items_purged_floors":[],"is_endless":false,"potions_floor_spawned":[3],"killed_by":"Gremlin Nob","ascension_level":18}}