{"host":"j3h0p3l2xgzxhnx7","time":1609265654,"event":{"mods":["BaseMod","Luminous","Marisa????????","Minty Spire (QoL Compilation)","Remilia??????","StSLib","The Bug Knight","The Cursed","The Servant 0.9.4"],"gold_per_floor":[119,119,69,85,95,95,107,141,165,182,193,193,193,204,204,307,307,317,328,15,30,48,48,48,48],"floor_reached":24,"playtime":936,"items_purged":[],"score":202,"play_id":"f662b37e-9d2a-4a42-bf19-b3626102a282","local_time":"20201230021414","is_ascension_mode":false,"campfire_choices":[{"data":"HollowMod:DashSlash","floor":6,"key":"SMITH"},{"data":"HollowMod:AwokenDreamNail","floor":12,"key":"SMITH"},{"floor":15,"key":"REST"},{"floor":23,"key":"REST"}],"circlet_count":0,"master_deck":["HollowMod:NailStrikeStart","HollowMod:NailStrikeStart","HollowMod:NailStrikeStart","HollowMod:NailStrikeStart","HollowMod:QuickDashStart","HollowMod:QuickDashStart","HollowMod:QuickDashStart","HollowMod:QuickDashStart","HollowMod:FocusHealStart","HollowMod:PogoStrike+1","HollowMod:WraithStrike","HollowMod:SoulStrike","HollowMod:FallenFury","HollowMod:DashSlash+1","HollowMod:QuirrelsAssistance","HollowMod:CornifersMapStart","HollowMod:CloakDash","HollowMod:AwokenDreamNail+1","HollowMod:DashSlash","HollowMod:DescendingDark","HollowMod:SharpenedShadows","HollowMod:WraithStrike","HollowMod:SoulMaster","HollowMod:LifebloodCocoon+1","HollowMod:SiblingsSouls+1","HollowMod:WraithStrike","HollowMod:SoulSplash","HollowMod:NewLittleFool"],"relics":["HollowMod:VesselMask","Dream Catcher","Happy Flower","Runic Dome","Oddly Smooth Stone","Vajra"],"acts_visited":["Exordium","TheCity"],"potions_floor_usage":[8,8,16,22],"damage_taken":[{"damage":0,"enemies":"2 Louse","floor":1,"turns":2},{"damage":0,"enemies":"Cultist","floor":4,"turns":2},{"damage":1,"enemies":"Small Slimes","floor":5,"turns":3},{"damage":5,"enemies":"Looter","floor":7,"turns":3},{"damage":8,"enemies":"Gremlin Nob","floor":8,"turns":4},{"damage":0,"enemies":"Exordium Wildlife","floor":10,"turns":3},{"damage":0,"enemies":"2 Fungi Beasts","floor":11,"turns":2},{"damage":7,"enemies":"Exordium Thugs","floor":14,"turns":4},{"damage":69,"enemies":"The Guardian","floor":16,"turns":13},{"damage":22,"enemies":"2 Thieves","floor":18,"turns":4},{"damage":0,"enemies":"Chosen","floor":19,"turns":3},{"damage":22,"enemies":"Snecko","floor":21,"turns":4},{"damage":27,"enemies":"Snake Plant","floor":22,"turns":3},{"damage":29,"enemies":"Slavers","floor":24,"turns":2}],"seed_played":"-5729831147999768754","potions_obtained":[{"floor":4,"key":"SkillPotion"},{"floor":5,"key":"Dexterity Potion"},{"floor":14,"key":"Block Potion"},{"floor":21,"key":"DuplicationPotion"},{"floor":22,"key":"GamblersBrew"}],"is_trial":false,"path_per_floor":["M","?","$","M","M","R","M","E","T","M","M","R","?","M","R","B",null,"M","M","$","M","M","R","E"],"character_chosen":"THE_BUGKNIGHT","items_purchased":["HollowMod:DashSlash","Oddly Smooth Stone","Vajra"],"campfire_rested":2,"item_purchase_floors":[3,20,20],"current_hp_per_floor":[75,75,75,75,74,74,69,61,61,61,61,61,61,60,75,6,75,53,53,53,31,4,26,0,0],"gold":48,"neow_bonus":"UPGRADE_CARD","is_daily":false,"chose_seed":false,"campfire_upgraded":2,"win_rate":0.0,"timestamp":1609265654,"path_taken":["M","?","?","?","M","R","M","E","T","M","M","R","?","M","R","BOSS","M","M","$","M","M","R","E"],"items_purchased_type":["Card","Relic","Relic"],"build_version":"2020-12-22","purchased_purges":0,"victory":false,"max_hp_per_floor":[75,75,75,75,75,75,75,75,75,75,75,75,75,75,75,75,75,75,75,75,75,75,75,75,75],"card_choices":[{"not_picked":["HollowMod:InfectedAttack","HollowMod:FallenFury"],"picked":"HollowMod:WraithStrike","floor":1},{"not_picked":["HollowMod:MothsMistake","HollowMod:InfectionAssault"],"picked":"HollowMod:QuirrelsAssistance","floor":4},{"not_picked":["HollowMod:MonomonsArchive","HollowMod:TaintedHusks"],"picked":"HollowMod:CornifersMapStart","floor":5},{"not_picked":["HollowMod:MantisMark","HollowMod:SoulSplash"],"picked":"HollowMod:CloakDash","floor":7},{"not_picked":["HollowMod:InfectionAssault","HollowMod:CornifersMapStart"],"picked":"HollowMod:AwokenDreamNail","floor":8},{"not_picked":["HollowMod:BrokenVessel","HollowMod:TaintedHusks"],"picked":"HollowMod:DashSlash","floor":10},{"not_picked":["HollowMod:SoulSplash","HollowMod:SharpenedNail"],"picked":"HollowMod:DescendingDark","floor":11},{"not_picked":["HollowMod:SiblingsSouls","HollowMod:ChannelNail"],"picked":"HollowMod:SharpenedShadows","floor":14},{"not_picked":["HollowMod:ZotesMagnificence","HollowMod:InfectedAttack"],"picked":"HollowMod:WraithStrike","floor":15},{"not_picked":["HollowMod:PureVessel","HollowMod:AwokenDreamNail"],"picked":"HollowMod:SoulMaster","floor":16},{"not_picked":["HollowMod:MonarchWings","HollowMod:MothsMistake"],"picked":"HollowMod:LifebloodCocoon+1","floor":18},{"not_picked":["HollowMod:NewGlowingWomb+1","HollowMod:DescendingDark"],"picked":"HollowMod:SiblingsSouls+1","floor":19},{"not_picked":["HollowMod:SiblingsSouls","HollowMod:HowlingWraiths"],"picked":"HollowMod:WraithStrike","floor":21},{"not_picked":["HollowMod:TaintedHusks","HollowMod:Grubsong"],"picked":"HollowMod:SoulSplash","floor":22},{"not_picked":["HollowMod:InfectionAssault","HollowMod:CoiledNail"],"picked":"HollowMod:NewLittleFool","floor":23}],"player_experience":56590,"relics_obtained":[{"floor":8,"key":"Dream Catcher"},{"floor":9,"key":"Happy Flower"}],"event_choices":[{"damage_healed":0,"gold_gain":0,"player_choice":"2 cards matched","damage_taken":0,"max_hp_gain":0,"max_hp_loss":0,"event_name":"Match and Keep!","floor":2,"gold_loss":0,"cards_obtained":["HollowMod:SoulStrike","HollowMod:FallenFury"]}],"is_beta":false,"boss_relics":[{"not_picked":["Ectoplasm","Empty Cage"],"picked":"Runic Dome"}],"items_purged_floors":[],"is_endless":false,"potions_floor_spawned":[4,5,14,21,22],"killed_by":"Slavers","ascension_level":0}}