{"host":"utqe55yv0jihe4d6","time":1609255981,"event":{"mods":["2.2 Compatiblity","AchievementEnabler","BaseMod","Block Reminder","Colored Map","Colored Powertips","Minty Spire (QoL Compilation)","Quick Restart","Rare Cards Sparkle","Relic Stats","SuperFastMode"],"gold_per_floor":[119,39,51,62,22,22,51,61,61,95,60,86,105,105,105,181,181,181,181,181,181,181],"floor_reached":21,"playtime":636,"items_purged":[],"score":402,"play_id":"d700c76a-720f-47a1-85ff-423c2962610b","local_time":"20201229103301","is_ascension_mode":true,"campfire_choices":[{"data":"Neutralize","floor":6,"key":"SMITH"},{"data":"Bouncing Flask","floor":15,"key":"SMITH"}],"circlet_count":0,"master_deck":["AscendersBane","Strike_G","Strike_G","Strike_G","Strike_G","Strike_G","Defend_G","Defend_G","Defend_G","Defend_G","Defend_G","Survivor","Neutralize+1","Bouncing Flask+1","Noxious Fumes","Dagger Spray","All Out Attack","Noxious Fumes","Infinite Blades","Glass Knife","Glass Knife","Footwork","Envenom","Accuracy","Expertise","Finisher+1"],"relics":["Runic Dome","Question Card","Matryoshka","Eternal Feather","Turnip","Juzu Bracelet","Nunchaku","Ectoplasm"],"acts_visited":["Exordium","TheCity"],"potions_floor_usage":[10,16,21],"damage_taken":[{"damage":5,"enemies":"2 Louse","floor":1,"turns":2},{"damage":4,"enemies":"Jaw Worm","floor":3,"turns":4},{"damage":1,"enemies":"Cultist","floor":4,"turns":3},{"damage":17,"enemies":"Lagavulin","floor":7,"turns":6},{"damage":4,"enemies":"Blue Slaver","floor":8,"turns":4},{"damage":19,"enemies":"3 Sentries","floor":10,"turns":5},{"damage":7,"enemies":"Lagavulin","floor":12,"turns":6},{"damage":4,"enemies":"Exordium Wildlife","floor":13,"turns":2},{"damage":20,"enemies":"The Guardian","floor":16,"turns":8},{"damage":28,"enemies":"Spheric Guardian","floor":18,"turns":4},{"damage":11,"enemies":"3 Byrds","floor":19,"turns":5},{"damage":4,"enemies":"Centurion and Healer","floor":20,"turns":5},{"damage":13,"enemies":"Shelled Parasite and Fungi","floor":21,"turns":1}],"seed_played":"-6265562434267752650","potions_obtained":[{"floor":1,"key":"AttackPotion"},{"floor":4,"key":"Fire Potion"},{"floor":12,"key":"SteroidPotion"},{"floor":20,"key":"SkillPotion"}],"is_trial":false,"path_per_floor":["M","$","M","M","$","R","E","M","T","E","?","E","M","T","R","B",null,"M","M","M","M"],"character_chosen":"THE_SILENT","items_purchased":["Noxious Fumes","Noxious Fumes"],"campfire_rested":0,"item_purchase_floors":[2,5],"current_hp_per_floor":[54,54,50,49,49,49,32,28,28,9,25,18,14,14,26,6,51,23,12,8,0,0],"gold":181,"neow_bonus":"BOSS_RELIC","is_daily":false,"chose_seed":false,"campfire_upgraded":2,"win_rate":0.0,"timestamp":1609255981,"path_taken":["M","$","M","M","$","R","E","M","T","E","?","E","M","?","R","BOSS","M","M","M","M"],"items_purchased_type":["Card","Card"],"build_version":"2020-12-22","purchased_purges":0,"victory":false,"max_hp_per_floor":[66,66,66,66,66,66,66,66,66,66,66,66,66,66,66,66,66,66,66,66,66,66],"relic_stats":{"Nunchaku":[4],"counters":[13,55],"Eternal Feather":12,"Turnip":[7],"Ectoplasm":57,"Juzu Bracelet":0,"Question Card":8,"obtain_stats":[{"Runic Dome":0,"Nunchaku":14,"Matryoshka":9,"Eternal Feather":10,"Turnip":12,"Ectoplasm":17,"Juzu Bracelet":14,"Question Card":7,"Ring of the Snake":0},{"Runic Dome":0,"Nunchaku":8,"Matryoshka":5,"Eternal Feather":6,"Turnip":7,"Ectoplasm":9,"Juzu Bracelet":8,"Question Card":4,"Ring of the Snake":0},{"Runic Dome":0,"Nunchaku":32,"Matryoshka":19,"Eternal Feather":24,"Turnip":30,"Ectoplasm":40,"Juzu Bracelet":32,"Question Card":15,"Ring of the Snake":0}]},"card_choices":[{"not_picked":["Backflip","Skewer"],"picked":"Bouncing Flask","floor":1},{"not_picked":["Backstab","Expertise"],"picked":"Dagger Spray","floor":3},{"not_picked":["Backflip","Cloak And Dagger"],"picked":"All Out Attack","floor":4},{"not_picked":["Flying Knee","Flechettes","Deflect"],"picked":"SKIP","floor":7},{"not_picked":["Finisher","Sucker Punch","Cloak And Dagger"],"picked":"Infinite Blades","floor":8},{"not_picked":["Outmaneuver","Dodge and Roll","Poisoned Stab"],"picked":"Glass Knife","floor":10},{"not_picked":["Underhanded Strike","Cloak And Dagger","Flying Knee"],"picked":"Glass Knife","floor":12},{"not_picked":["Accuracy","Finisher","Infinite Blades"],"picked":"Footwork","floor":13},{"not_picked":["Grand Finale","Glass Knife","A Thousand Cuts"],"picked":"Envenom","floor":16},{"not_picked":["Dagger Spray","Dagger Throw","Bane+1"],"picked":"Accuracy","floor":18},{"not_picked":["Accuracy","Deflect","Slice"],"picked":"Expertise","floor":19},{"not_picked":["Concentrate","Blade Dance","Caltrops"],"picked":"Finisher+1","floor":20}],"player_experience":2895469,"relics_obtained":[{"floor":7,"key":"Question Card"},{"floor":9,"key":"Matryoshka"},{"floor":10,"key":"Eternal Feather"},{"floor":12,"key":"Turnip"},{"floor":14,"key":"Juzu Bracelet"},{"floor":14,"key":"Nunchaku"}],"event_choices":[{"damage_healed":16,"gold_gain":0,"player_choice":"Healed","damage_taken":0,"max_hp_gain":0,"max_hp_loss":0,"event_name":"The Cleric","floor":11,"gold_loss":35}],"is_beta":false,"boss_relics":[{"not_picked":["Astrolabe","Pandora\u0027s Box"],"picked":"Ectoplasm"}],"items_purged_floors":[],"is_endless":false,"potions_floor_spawned":[1,4,12,20],"killed_by":"Shelled Parasite and Fungi","ascension_level":20}}