{"host":"ygfasg9u7olr7skw","time":1609278828,"event":{"mods":["AchievementEnabler","BaseMod","Better Note","Better Vampires","Colored Powertips","Minty Spire (QoL Compilation)","Replay The Spire","Spicy Shops","StSLib","The IronCluck"],"gold_per_floor":[215,225,225,91,108,108,108,108,108,120,20,34,55,81,81,81,81],"floor_reached":16,"playtime":1025,"items_purged":["Languid","Strike_B"],"score":110,"play_id":"42390a41-2ec1-4c91-af5d-0b9020cb8c31","local_time":"20201229165348","is_ascension_mode":true,"campfire_choices":[{"data":"Gash","floor":6,"key":"SMITH"},{"data":"Beam Cell","floor":8,"key":"SMITH"},{"floor":15,"key":"REST"}],"circlet_count":0,"master_deck":["Strike_B","Strike_B","Defend_B","Defend_B","Defend_B","Defend_B","Zap","Dualcast","Beam Cell+1","Scrape+1","Gash+1","Steam"],"relics":["Cracked Core","Bag of Preparation","Frozen Eye","ReplayTheSpireMod:CursedCoin","PreservedInsect","Odd Mushroom","Ancient Tea Set"],"acts_visited":["Exordium"],"potions_floor_usage":[14,14,16],"damage_taken":[{"damage":7,"enemies":"Small Slimes","floor":1,"turns":4},{"damage":0,"enemies":"Jaw Worm","floor":2,"turns":3},{"damage":0,"enemies":"2 Louse","floor":5,"turns":2},{"damage":8,"enemies":"Blue Slaver","floor":10,"turns":2},{"damage":2,"enemies":"Looter","floor":12,"turns":3},{"damage":18,"enemies":"The Mushroom Lair","floor":13,"turns":3},{"damage":11,"enemies":"3 Sentries","floor":14,"turns":6},{"damage":54,"enemies":"Fading Forest","floor":16,"turns":11}],"seed_played":"5425289069961779996","potions_obtained":[{"floor":2,"key":"LiquidBronze"},{"floor":12,"key":"PowerPotion"},{"floor":14,"key":"Languid Potion"}],"is_trial":false,"path_per_floor":["M","M","?","$","M","R","?","R","T","M","$","M","?","E","R","B"],"character_chosen":"DEFECT","items_purchased":["Scrape+1","Frozen Eye","ReplayTheSpireMod:CursedCoin"],"campfire_rested":1,"item_purchase_floors":[4,4,4],"current_hp_per_floor":[68,68,61,61,61,61,54,54,54,46,46,44,26,15,37,0,0],"gold":81,"neow_bonus":"HUNDRED_GOLD","is_daily":false,"chose_seed":false,"campfire_upgraded":2,"win_rate":0.0,"timestamp":1609278828,"path_taken":["M","M","?","$","M","R","?","R","T","M","$","M","?","E","R","BOSS"],"items_purchased_type":["Card","Relic","Relic"],"build_version":"2020-12-22","purchased_purges":2,"victory":false,"max_hp_per_floor":[75,75,75,75,75,75,75,75,75,75,75,75,75,75,75,75,75],"card_choices":[{"not_picked":["Turbo","Sweeping Beam"],"picked":"Beam Cell","floor":1},{"not_picked":["Sweeping Beam","BasicCrystalCard","Coolheaded"],"picked":"SKIP","floor":2},{"not_picked":["Ball Lightning","Panic Button"],"picked":"Gash","floor":5},{"not_picked":["Hologram","Conserve Battery","Leap"],"picked":"SKIP","floor":10},{"not_picked":["Stack","Lockon","Turbo"],"picked":"SKIP","floor":12},{"not_picked":["Stack","BasicCrystalCard"],"picked":"Steam","floor":13},{"not_picked":["Ball Lightning","BasicCrystalCard","Force Field"],"picked":"SKIP","floor":14},{"not_picked":["Ball Lightning","BasicCrystalCard","Force Field"],"picked":"SKIP","floor":14}],"player_experience":180400,"relics_obtained":[{"floor":9,"key":"PreservedInsect"},{"floor":13,"key":"Odd Mushroom"},{"floor":14,"key":"Ancient Tea Set"}],"event_choices":[{"damage_healed":0,"gold_gain":0,"player_choice":"Success","damage_taken":7,"relics_obtained":["Bag of Preparation"],"max_hp_gain":0,"max_hp_loss":0,"event_name":"Scrap Ooze","floor":3,"gold_loss":0},{"cards_removed":["Strike_B"],"damage_healed":0,"gold_gain":0,"player_choice":"Card Removal","damage_taken":7,"max_hp_gain":0,"max_hp_loss":0,"event_name":"Golden Wing","floor":7,"gold_loss":0},{"damage_healed":0,"gold_gain":0,"player_choice":"Fought Mushrooms","damage_taken":0,"max_hp_gain":0,"max_hp_loss":0,"event_name":"Mushrooms","floor":13,"gold_loss":0}],"is_beta":false,"boss_relics":[],"items_purged_floors":[4,11],"is_endless":false,"potions_floor_spawned":[2,12,14],"killed_by":"Fading Forest","ascension_level":2}}