{"host":"1c52r9kaxdyo25eq","time":1609208906,"event":{"mods":["AchievementEnabler","BaseMod","Minty Spire (QoL Compilation)","Rare Cards Sparkle","SuperFastMode","everything is the same but u backflip on backflip"],"gold_per_floor":[211,136,151,170,170,170,197,197,197,197,217,246,263,273,273,350,350,350,350],"floor_reached":18,"playtime":350,"items_purged":["Defend_G"],"score":324,"play_id":"4fcf2447-6aed-47d7-a309-da51ba42f279","local_time":"20201229112826","is_ascension_mode":true,"campfire_choices":[{"data":"Bouncing Flask","floor":6,"key":"SMITH"},{"floor":8,"key":"REST"},{"floor":15,"key":"REST"}],"circlet_count":0,"master_deck":["AscendersBane","Strike_G","Strike_G","Strike_G","Strike_G","Defend_G","Defend_G","Defend_G","Defend_G","Survivor","Neutralize","Bouncing Flask+1","Deadly Poison","Reflex","Tactician","Catalyst","Venomology"],"relics":["Ring of the Snake","TungstenRod","Thread and Needle","Nunchaku","Odd Mushroom","SlaversCollar"],"acts_visited":["Exordium","TheCity"],"potions_floor_usage":[12,16,16],"damage_taken":[{"damage":13,"enemies":"Small Slimes","floor":1,"turns":4},{"damage":6,"enemies":"2 Louse","floor":3,"turns":3},{"damage":1,"enemies":"Jaw Worm","floor":4,"turns":3},{"damage":27,"enemies":"Gremlin Nob","floor":7,"turns":4},{"damage":6,"enemies":"3 Louse","floor":11,"turns":4},{"damage":8,"enemies":"The Mushroom Lair","floor":12,"turns":4},{"damage":0,"enemies":"Blue Slaver","floor":13,"turns":3},{"damage":6,"enemies":"Exordium Wildlife","floor":14,"turns":6},{"damage":8,"enemies":"The Guardian","floor":16,"turns":6},{"damage":0,"enemies":"Chosen","floor":18,"turns":1}],"seed_played":"8970213252639473376","potions_obtained":[{"floor":7,"key":"AttackPotion"},{"floor":11,"key":"CunningPotion"},{"floor":13,"key":"Energy Potion"}],"is_trial":false,"path_per_floor":["M","$","M","M","?","R","E","R","T","?","M","?","M","M","R","B",null,"M"],"character_chosen":"THE_SILENT","items_purchased":[],"campfire_rested":2,"item_purchase_floors":[],"current_hp_per_floor":[46,46,40,39,32,32,5,24,24,24,18,10,10,4,23,15,53,53,53],"gold":350,"neow_bonus":"HUNDRED_GOLD","is_daily":false,"chose_seed":false,"campfire_upgraded":1,"win_rate":0.0,"timestamp":1609208906,"path_taken":["M","$","M","M","?","R","E","R","T","?","M","?","M","M","R","BOSS","M"],"items_purchased_type":[],"build_version":"2020-12-22","purchased_purges":1,"victory":false,"max_hp_per_floor":[66,66,66,66,66,66,66,66,66,66,66,66,66,66,66,66,66,66,66],"card_choices":[{"not_picked":["Dagger Throw","Quick Slash"],"picked":"Bouncing Flask","floor":1},{"not_picked":["Leg Sweep","Choke"],"picked":"Deadly Poison","floor":3},{"not_picked":["Dodge and Roll","Slice","Eviscerate"],"picked":"SKIP","floor":4},{"not_picked":["Deflect","Riddle With Holes"],"picked":"Reflex","floor":7},{"not_picked":["Outmaneuver","Blade Dance","Envenom"],"picked":"SKIP","floor":11},{"not_picked":["Outmaneuver","Blade Dance","Envenom"],"picked":"SKIP","floor":11},{"not_picked":["Dagger Spray","Slice"],"picked":"Tactician","floor":12},{"not_picked":["Bouncing Flask","Flechettes","Flying Knee"],"picked":"SKIP","floor":13},{"not_picked":["Distraction","Dagger Spray"],"picked":"Catalyst","floor":14},{"not_picked":["After Image","Malaise"],"picked":"Venomology","floor":16}],"player_experience":526576,"relics_obtained":[{"floor":7,"key":"TungstenRod"},{"floor":9,"key":"Thread and Needle"},{"floor":12,"key":"Odd Mushroom"}],"event_choices":[{"cards_removed":["Strike_G"],"damage_healed":0,"gold_gain":0,"player_choice":"Card Removal","damage_taken":7,"max_hp_gain":0,"max_hp_loss":0,"event_name":"Golden Wing","floor":5,"gold_loss":0},{"damage_healed":0,"gold_gain":0,"player_choice":"Searched \u00271\u0027 times","damage_taken":0,"relics_obtained":["Nunchaku"],"max_hp_gain":0,"max_hp_loss":0,"event_name":"Dead Adventurer","floor":10,"gold_loss":0},{"damage_healed":0,"gold_gain":0,"player_choice":"Fought Mushrooms","damage_taken":0,"max_hp_gain":0,"max_hp_loss":0,"event_name":"Mushrooms","floor":12,"gold_loss":0}],"is_beta":false,"boss_relics":[{"not_picked":["Black Star","Runic Dome"],"picked":"SlaversCollar"}],"items_purged_floors":[2],"is_endless":false,"potions_floor_spawned":[7,11,13,14],"killed_by":"Chosen","ascension_level":20}}