{"host":"aaqofma31c3gm2hj","time":1609216529,"event":{"mods":["BaseMod","Minty Spire (QoL Compilation)","Replay The Spire","Spicy Shops","StSLib"],"gold_per_floor":[114,264,45,45,60,87,99,99,153,181,181,198,198,232,232,309,309,328,328,64,98,123,156,172,220,273,315,315,360,360,416,416,524,524,539,138,197,144,202,233,233,233,233],"floor_reached":42,"playtime":1448,"items_purged":["Doubt","Defend_P","Decay"],"score":1427,"play_id":"b3a00d59-b67c-49af-bd50-6681d9ee6522","local_time":"20201229123529","is_ascension_mode":true,"campfire_choices":[{"data":"Eruption","floor":11.0,"key":"SMITH"},{"data":"Conclude","floor":13.0,"key":"SMITH"},{"data":"Defend_P","floor":15.0,"key":"PURGE"},{"floor":28.0,"key":"REST"},{"data":"Fasting2","floor":32.0,"key":"SMITH"},{"data":"Omniscience","floor":41,"key":"SMITH"}],"circlet_count":0,"master_deck":["AscendersBane","Strike_P","Eruption+1","Vigilance","Tantrum+1","Adaptation","Conclude+1","TalkToTheHand","Adaptation","Omniscience+1","ClearTheMind+1","Fasting2+1","ClearTheMind","Vault","Amnesia","Fasting2"],"relics":["HolyWater","NeowsBlessing","Toy Ornithopter","Replay:Bottled Steam","Oddly Smooth Stone","Replay:Bottled Flurry","Ring of Hypnosis","ReplayTheSpireMod:Ring of Challenge","OrangePellets","Centennial Puzzle","Blue Candle","Replay:Mystery Machine","Question Card","Nunchaku","Bottled Flame","Replay:Grab Bag","Cursed Key","Philosopher\u0027s Stone","Calling Bell","Kintsugi","PreservedInsect","HornCleat","Ginger","Matryoshka","Bronze Scales"],"acts_visited":["Exordium","TheCity","TheBeyond"],"potions_floor_usage":[],"damage_taken":[{"damage":0.0,"enemies":"Cultist","floor":1.0,"turns":1.0},{"damage":0.0,"enemies":"Jaw Worm","floor":5.0,"turns":1.0},{"damage":0.0,"enemies":"3 Sentries","floor":6.0,"turns":2.0},{"damage":0.0,"enemies":"2 Louse","floor":7.0,"turns":1.0},{"damage":3.0,"enemies":"Gremlin Nob","floor":10.0,"turns":3.0},{"damage":2.0,"enemies":"Exordium Thugs","floor":12.0,"turns":3.0},{"damage":0.0,"enemies":"3 Sentries","floor":14.0,"turns":2.0},{"damage":0.0,"enemies":"Slime Boss","floor":16.0,"turns":5.0},{"damage":16.0,"enemies":"2 Thieves","floor":18.0,"turns":2.0},{"damage":0.0,"enemies":"Chosen","floor":21.0,"turns":3.0},{"damage":0.0,"enemies":"3 Cultists","floor":22.0,"turns":3.0},{"damage":12.0,"enemies":"Gremlin Leader","floor":23.0,"turns":4.0},{"damage":0.0,"enemies":"Chosen and Byrds","floor":24.0,"turns":3.0},{"damage":28.0,"enemies":"Book of Stabbing","floor":25.0,"turns":3.0},{"damage":0.0,"enemies":"Replay:Snechameleon","floor":27.0,"turns":4.0},{"damage":7.0,"enemies":"Book of Stabbing","floor":29.0,"turns":2.0},{"damage":0.0,"enemies":"Sentry and Sphere","floor":31.0,"turns":3.0},{"damage":16.0,"enemies":"Collector","floor":33.0,"turns":5.0},{"damage":0.0,"enemies":"Orb Walker","floor":35.0,"turns":1.0},{"damage":0.0,"enemies":"3 Darklings","floor":37.0,"turns":2.0},{"damage":1.0,"enemies":"Transient","floor":38.0,"turns":6.0},{"damage":14.0,"enemies":"4 Shapes","floor":39.0,"turns":2.0},{"damage":0.0,"enemies":"R_Hoarder","floor":40.0,"turns":2.0},{"damage":13,"enemies":"Nemesis","floor":42,"turns":3}],"seed_played":"-6651111855995176912","potions_obtained":[{"floor":1.0,"key":"Swift Potion"},{"floor":5.0,"key":"DistilledChaos"},{"floor":14.0,"key":"Energy Potion"},{"floor":23.0,"key":"SteroidPotion"},{"floor":25.0,"key":"Venom Potion"},{"floor":27.0,"key":"Adrenaline Potion"},{"floor":33.0,"key":"Elixir"},{"floor":38.0,"key":"Strength Potion"}],"is_trial":false,"path_per_floor":["M","?","$","?","M","E","M","?","T","E","R","M","R","E","R","B",null,"M","?","$","M","M","E","M","E","T","E","R","E","?","M","R","B",null,"M","$","M","M","M","E","R","E"],"character_chosen":"WATCHER","items_purchased":["Tantrum+1","Adaptation","OrangePellets","Matryoshka"],"campfire_rested":1,"item_purchase_floors":[3,3,20,36],"current_hp_per_floor":[61,61,61,54,54,54,54,43,43,40,40,38,38,43,43,48,63,47,47,47,47,47,35,35,12,12,12,32,35,35,35,35,19,56,56,56,56,55,41,41,41,28,28],"gold":233,"neow_bonus":"THREE_ENEMY_KILL","is_daily":false,"chose_seed":false,"campfire_upgraded":4,"win_rate":0.0,"timestamp":1609216529,"path_taken":["M","?","$","?","M","E","M","?","T","E","R","M","R","E","R","BOSS","M","?","$","M","M","E","M","E","T","E","R","E","?","M","R","BOSS","M","$","M","M","M","E","R","E"],"items_purchased_type":["Card","Card","Relic","Relic"],"build_version":"2020-12-22","purchased_purges":3,"victory":false,"max_hp_per_floor":[68,68,68,68,68,68,68,68,68,68,68,68,68,68,68,68,68,68,68,68,68,68,68,68,68,68,68,68,68,68,68,68,68,68,68,68,68,68,68,68,68,68,68],"card_choices":[{"not_picked":["ForeignInfluence","CarveReality","ThirdEye"],"picked":"SKIP","floor":1.0},{"not_picked":["EmptyBody","PathToVictory"],"picked":"Conclude","floor":5.0},{"not_picked":["Consecrate","FlyingSleeves","Conclude"],"picked":"SKIP","floor":6.0},{"not_picked":["Halt","Replay:ManipulateFuture","Fasting2"],"picked":"SKIP","floor":7.0},{"not_picked":["Replay:ManipulateFuture","CrushJoints"],"picked":"TalkToTheHand","floor":10.0},{"not_picked":["Evaluate","SashWhip"],"picked":"Adaptation","floor":12.0},{"not_picked":["FlurryOfBlows","EmptyBody","Replay:Anticipation"],"picked":"SKIP","floor":14.0},{"not_picked":["Brilliance","Devotion"],"picked":"Omniscience","floor":16.0},{"not_picked":["Replay:Anticipation","BowlingBash"],"picked":"ClearTheMind+1","floor":18.0},{"not_picked":["BowlingBash","Evaluate+1","ReachHeaven"],"picked":"SKIP","floor":21.0},{"not_picked":["Prostrate","FlurryOfBlows"],"picked":"Fasting2","floor":22.0},{"not_picked":["BattleHymn","PathToVictory","Pray"],"picked":"SKIP","floor":23.0},{"not_picked":["Halt","Evaluate","BowlingBash"],"picked":"SKIP","floor":24.0},{"not_picked":["Tantrum","EmptyFist"],"picked":"ClearTheMind","floor":25.0},{"not_picked":["ClearTheMind","Ragnarok","JustLucky"],"picked":"SKIP","floor":27.0},{"not_picked":["Crescendo","Weave","Collect+1","Replay:DivineShield"],"picked":"SKIP","floor":29.0},{"not_picked":["JustLucky","CarveReality","CutThroughFate","LikeWater"],"picked":"SKIP","floor":31.0},{"not_picked":["ConjureBlade","Blasphemy","DeusExMachina"],"picked":"Vault","floor":33.0},{"not_picked":["JustLucky+1","Ragnarok","Evaluate","CutThroughFate"],"picked":"SKIP","floor":35.0},{"not_picked":["PathToVictory","Protect","Prostrate","Replay:ManipulateFuture"],"picked":"SKIP","floor":37.0},{"not_picked":["ThirdEye","FollowUp","Replay:ManipulateFuture+1","Crescendo+1"],"picked":"SKIP","floor":38.0},{"not_picked":["Halt","CarveReality","Evaluate"],"picked":"Fasting2","floor":39.0},{"not_picked":["Conclude","Ragnarok","Nirvana","EmptyFist"],"picked":"SKIP","floor":40.0}],"player_experience":544675,"relics_obtained":[{"floor":6.0,"key":"Toy Ornithopter"},{"floor":10.0,"key":"Oddly Smooth Stone"},{"floor":14.0,"key":"Replay:Bottled Flurry"},{"floor":19.0,"key":"Ring of Hypnosis"},{"floor":19.0,"key":"ReplayTheSpireMod:Ring of Challenge"},{"floor":23.0,"key":"Centennial Puzzle"},{"floor":25.0,"key":"Blue Candle"},{"floor":26.0,"key":"Replay:Mystery Machine"},{"floor":27.0,"key":"Question Card"},{"floor":29.0,"key":"Nunchaku"},{"floor":33.0,"key":"Bottled Flame"},{"floor":34.0,"key":"PreservedInsect"},{"floor":34.0,"key":"HornCleat"},{"floor":34.0,"key":"Ginger"},{"floor":40.0,"key":"Bronze Scales"}],"event_choices":[{"damage_healed":0.0,"max_hp_gain":0.0,"max_hp_loss":0.0,"gold_gain":150.0,"event_name":"Liars Game","player_choice":"AGREE","floor":2.0,"gold_loss":0.0,"damage_taken":0.0,"cards_obtained":["Doubt"]},{"cards_removed":["Defend_P"],"damage_healed":0.0,"max_hp_gain":0.0,"max_hp_loss":0.0,"gold_gain":0.0,"event_name":"Golden Wing","player_choice":"Card Removal","floor":4.0,"gold_loss":0.0,"damage_taken":7.0},{"damage_healed":0.0,"max_hp_gain":0.0,"max_hp_loss":0.0,"gold_gain":0.0,"event_name":"Scrap Ooze","player_choice":"Success","floor":8.0,"gold_loss":0.0,"damage_taken":11.0,"relics_obtained":["Replay:Bottled Steam"]},{"damage_healed":0.0,"max_hp_gain":0.0,"max_hp_loss":0.0,"gold_gain":0.0,"event_name":"Wheel of Change","player_choice":"Cursed","floor":30.0,"gold_loss":0.0,"damage_taken":0.0,"cards_obtained":["Decay"]}],"is_beta":false,"boss_relics":[{"not_picked":["Busted Crown","Sozu"],"picked":"HolyWater"},{"not_picked":["Abe\u0027s Treasure","Replay:Drink Me"],"picked":"Replay:Grab Bag"},{"not_picked":["Velvet Choker","ChewingGum"],"picked":"Cursed Key"},{"not_picked":["Coffee Dripper","Fusion Hammer"],"picked":"Philosopher\u0027s Stone"},{"not_picked":["Astrolabe","Black Star"],"picked":"Calling Bell"},{"not_picked":["SacredBark","Snecko Eye"],"picked":"Kintsugi"}],"items_purged_floors":[3,20,36],"is_endless":false,"potions_floor_spawned":[1,5,12,14,23,24,25,27,33,38,40],"killed_by":"Nemesis","ascension_level":20}}