{"host":"Nexxot","time":1609233062,"event":{"mods":["AchievementEnabler","BaseMod","Colored Map","Downfall","Highlight Path","Jorbs\u0027s Wanderer Trilogy","Minty Spire (QoL Compilation)","Relic Stats","StSLib"],"gold_per_floor":[99,119,119,119,137,62,62,62,62,138,168,182,212,43,62,167,167,17,32,44,44,44,57,57,57,77,108,161,173,21,121,132,229,229,229,241,259,313,313,313,338,354,371,402,420,420,437,481,504,504],"floor_reached":51,"playtime":3190,"items_purged":["Guardian:Defend_Guardian"],"score":812,"play_id":"3a615646-0a02-4b1d-a618-7567663b2595","local_time":"20201229101102","is_ascension_mode":false,"campfire_choices":[{"floor":1,"key":"RECALL"},{"data":"Guardian:SentryBeam","floor":6,"key":"SMITH"},{"data":"Guardian:CurlUp","floor":9,"key":"SMITH"},{"data":"Guardian:DonusPower","floor":18,"key":"SMITH"},{"data":"RitualDagger","floor":25,"key":"SMITH"},{"data":"Guardian:PrismaticBarrier","floor":29,"key":"SMITH"},{"data":"Guardian:Orbwalk","floor":35,"key":"SMITH"},{"data":"Guardian:SpikerProtocol","floor":46,"key":"SMITH"}],"circlet_count":0,"master_deck":["Guardian:Strike_Guardian","Guardian:Strike_Guardian","Guardian:Strike_Guardian+1","Guardian:Defend_Guardian","Guardian:Defend_Guardian","Guardian:Defend_Guardian","Guardian:CurlUp+1","Guardian:TwinSlam+1","Guardian:RollAttack+1","Guardian:SentryBeam+1","Guardian:RevengeProtocol","Guardian:Recover","Guardian:PrismaticBarrier+1","Guardian:Incinerate","Guardian:ExploitGems","Guardian:DonusPower+1","Guardian:GemFinder","RitualDagger+1","Guardian:PolyBeam","Guardian:PiercingHide","Guardian:Clone","Guardian:EvasiveProtocol+1","Guardian:SpikerProtocol+1","Guardian:Orbwalk+1","Guardian:HyperBeam_Guardian","Guardian:ChargeUp+1","Guardian:TimeCapacitor","Guardian:ConstructionForm","Guardian:ShieldSpikes","Guardian:AncientConstruct","Guardian:ShieldSpikes+1","Guardian:BronzeArmor+1"],"relics":["Guardian:ModeShifter","Whetstone","downfall:HeartBlessingRed","Thread and Needle","Centennial Puzzle","Pen Nib","Runic Pyramid","downfall:HeartBlessingGreen","downfall:HeartBlessingBlue","Matryoshka","Pocketwatch","MawBank","Bag of Marbles","Lantern","Toy Ornithopter","Philosopher\u0027s Stone","Bird Faced Urn","Boot","PreservedInsect","CaptainsWheel","CeramicFish"],"acts_visited":["Exordium","TheCity","TheBeyond"],"potions_floor_usage":[16,19,23,26,27,33,43],"damage_taken":[{"damage":0,"enemies":"Small Slimes","floor":2,"turns":2},{"damage":0,"enemies":"2 Louse","floor":5,"turns":2},{"damage":0,"enemies":"3 Sentries","floor":11,"turns":4},{"damage":0,"enemies":"Cultist","floor":12,"turns":2},{"damage":10,"enemies":"Gremlin Nob","floor":13,"turns":3},{"damage":0,"enemies":"downfall:FleeingMerchant","floor":14,"turns":4},{"damage":0,"enemies":"Exordium Wildlife","floor":15,"turns":3},{"damage":6,"enemies":"downfall:Watcher","floor":16,"turns":6},{"damage":0,"enemies":"Chosen","floor":19,"turns":4},{"damage":11,"enemies":"Sentry and Sphere","floor":20,"turns":5},{"damage":0,"enemies":"3 Cultists","floor":23,"turns":4},{"damage":18,"enemies":"Snecko","floor":26,"turns":6},{"damage":6,"enemies":"Slavers","floor":27,"turns":4},{"damage":0,"enemies":"downfall:FleeingMerchant","floor":30,"turns":4},{"damage":0,"enemies":"downfall:LadyInBlue","floor":31,"turns":4},{"damage":0,"enemies":"Centurion and Healer","floor":32,"turns":4},{"damage":25,"enemies":"downfall:Silent","floor":33,"turns":7},{"damage":0,"enemies":"3 Shapes","floor":36,"turns":2},{"damage":0,"enemies":"Orb Walker","floor":37,"turns":1},{"damage":14,"enemies":"2 Orb Walkers","floor":38,"turns":5},{"damage":0,"enemies":"Transient","floor":42,"turns":5},{"damage":12,"enemies":"3 Darklings","floor":43,"turns":4},{"damage":0,"enemies":"Giant Head","floor":44,"turns":8},{"damage":6,"enemies":"Writhing Mass","floor":45,"turns":6},{"damage":0,"enemies":"Maw","floor":47,"turns":4},{"damage":0,"enemies":"Reptomancer","floor":48,"turns":4},{"damage":0,"enemies":"Transient","floor":49,"turns":5},{"damage":16,"enemies":"downfall:Ironclad","floor":50,"turns":11}],"seed_played":"7512439167904106113","potions_obtained":[{"floor":2,"key":"CultistPotion"},{"floor":12,"key":"Regen Potion"},{"floor":15,"key":"Strength Potion"},{"floor":16,"key":"Block Potion"},{"floor":19,"key":"FearPotion"},{"floor":31,"key":"DuplicationPotion"},{"floor":31,"key":"GamblersBrew"},{"floor":31,"key":"sneckomod:MuddlingPotion"},{"floor":32,"key":"Guardian:BlockOnCardUsePotion"},{"floor":36,"key":"Weak Potion"},{"floor":42,"key":"EntropicBrew"},{"floor":45,"key":"Strength Potion"}],"is_trial":false,"path_per_floor":["R","M","?","?","M","R","T","?","R","T","E","M","E","$","M","B",null,"R","M","M","?","?","M","T","R","M","E","T","R","$","?","M","B",null,"R","M","M","?","?","?","T","M","M","E","M","R","M","E","M","B",null],"character_chosen":"GUARDIAN","items_purchased":["Guardian:ExploitGems","Lantern"],"campfire_rested":0,"item_purchase_floors":[14,30],"current_hp_per_floor":[80,80,80,80,80,80,80,80,80,80,80,80,70,70,70,64,80,90,90,79,73,73,85,85,85,67,61,61,61,61,61,61,41,90,90,90,90,76,76,76,76,88,80,90,90,90,90,90,90,74],"gold":504,"neow_bonus":"RANDOM_COMMON_RELIC","is_daily":false,"chose_seed":false,"campfire_upgraded":7,"win_rate":0.0,"timestamp":1609233062,"path_taken":["R","M","?","?","?","R","T","?","R","?","E","M","E","?","M","BOSS","R","M","M","?","?","M","T","R","M","E","?","R","$","?","M","BOSS","R","M","M","?","?","?","T","M","M","E","M","R","M","E","M","BOSS"],"items_purchased_type":["Card","Relic"],"build_version":"2020-12-18","purchased_purges":1,"victory":true,"max_hp_per_floor":[80,80,80,80,80,80,80,80,80,80,80,80,80,80,80,80,80,90,90,90,90,90,90,90,90,90,90,90,90,90,90,90,90,90,90,90,90,90,90,90,90,90,90,90,90,90,90,90,90,90],"relic_stats":{"Centennial Puzzle":[28],"counters":[28,123],"Bird Faced Urn":[32],"CeramicFish":18,"Pen Nib":[18],"PreservedInsect":183,"Whetstone":["Guardian:Strike_Guardian","Guardian:TwinSlam"],"MawBank":24,"Boot":[2],"obtain_stats":[{"Lantern":30,"downfall:HeartBlessingRed":6,"CeramicFish":48,"Guardian:ModeShifter":0,"Thread and Needle":7,"downfall:HeartBlessingGreen":18,"Pen Nib":13,"PreservedInsect":41,"Whetstone":0,"MawBank":28,"Boot":41,"Centennial Puzzle":11,"CaptainsWheel":44,"Matryoshka":24,"downfall:HeartBlessingBlue":18,"Bird Faced Urn":38,"Philosopher\u0027s Stone":34,"Bag of Marbles":28,"Toy Ornithopter":31,"Runic Pyramid":17,"Pocketwatch":27},{"Lantern":14,"downfall:HeartBlessingRed":2,"CeramicFish":26,"Guardian:ModeShifter":0,"Thread and Needle":2,"downfall:HeartBlessingGreen":8,"Pen Nib":5,"PreservedInsect":20,"Whetstone":0,"MawBank":13,"Boot":20,"Centennial Puzzle":3,"CaptainsWheel":23,"Matryoshka":11,"downfall:HeartBlessingBlue":8,"Bird Faced Urn":20,"Philosopher\u0027s Stone":17,"Bag of Marbles":13,"Toy Ornithopter":15,"Runic Pyramid":8,"Pocketwatch":13},{"Lantern":53,"downfall:HeartBlessingRed":4,"CeramicFish":107,"Guardian:ModeShifter":0,"Thread and Needle":4,"downfall:HeartBlessingGreen":26,"Pen Nib":13,"PreservedInsect":76,"Whetstone":0,"MawBank":49,"Boot":76,"Centennial Puzzle":8,"CaptainsWheel":93,"Matryoshka":39,"downfall:HeartBlessingBlue":26,"Bird Faced Urn":76,"Philosopher\u0027s Stone":68,"Bag of Marbles":49,"Toy Ornithopter":57,"Runic Pyramid":26,"Pocketwatch":49}],"Toy Ornithopter":5,"Pocketwatch":[5]},"card_choices":[{"not_picked":["Guardian:Planning","Guardian:TemporalStrike"],"picked":"Guardian:RollAttack","floor":2},{"not_picked":["Guardian:RollAttack","Guardian:BronzeOrb"],"picked":"Guardian:SentryBeam","floor":5},{"not_picked":["Guardian:DonusPower","Guardian:Gem_Purple"],"picked":"Guardian:RevengeProtocol","floor":11},{"not_picked":["Guardian:CrystalBeam","Guardian:Reroute"],"picked":"Guardian:Recover","floor":12},{"not_picked":["Guardian:CrystalBeam","Guardian:Gem_Red"],"picked":"Guardian:PrismaticBarrier","floor":13},{"not_picked":["Guardian:RollAttack","Guardian:Preprogram"],"picked":"Guardian:Incinerate","floor":14},{"not_picked":["Guardian:BronzeOrb","Guardian:Gem_Lightblue"],"picked":"Guardian:DonusPower","floor":15},{"not_picked":["Guardian:Gem_Orange","Guardian:BaubleBeam"],"picked":"Guardian:GemFinder","floor":16},{"not_picked":["Guardian:Gem_Green","Guardian:Gem_Lightblue"],"picked":"Guardian:Gem_Red","floor":19},{"not_picked":["Guardian:DonusPower","Guardian:Gem_Green"],"picked":"Guardian:Gem_Cyan","floor":19},{"not_picked":["Guardian:Gem_Green","Guardian:Gem_Lightblue"],"picked":"Guardian:Gem_Cyan","floor":20},{"not_picked":["Guardian:TemporalStrike","Guardian:Gem_Green","Guardian:Reroute"],"picked":"SKIP","floor":20},{"not_picked":["Guardian:Preprogram","Guardian:ShieldCharger"],"picked":"Guardian:PolyBeam","floor":23},{"not_picked":["Guardian:PrismaticBarrier","Guardian:PrimingBeam"],"picked":"Guardian:PiercingHide","floor":26},{"not_picked":["Guardian:Gem_Red","Guardian:Gem_Green"],"picked":"Guardian:Gem_Cyan","floor":26},{"not_picked":["Guardian:Incinerate","Guardian:PiercingHide"],"picked":"Guardian:Clone","floor":27},{"not_picked":["Guardian:Gem_Cyan","Guardian:Gem_Lightblue"],"picked":"Guardian:Gem_Red","floor":27},{"not_picked":["Guardian:Gem_Lightblue","Guardian:Gem_Fragmented"],"picked":"Guardian:EvasiveProtocol+1","floor":30},{"not_picked":["Guardian:Reroute","Guardian:ShieldSpikes"],"picked":"Guardian:SpikerProtocol","floor":31},{"not_picked":["Guardian:SpikerProtocol","Guardian:VentSteam"],"picked":"Guardian:Orbwalk","floor":32},{"not_picked":["Guardian:StasisField","Guardian:GemFinder"],"picked":"Guardian:HyperBeam_Guardian","floor":33},{"not_picked":["Guardian:Planning","Guardian:Gem_Yellow"],"picked":"Guardian:ChargeUp+1","floor":36},{"not_picked":["Guardian:ShieldSpikes","Guardian:Suspension"],"picked":"Guardian:Gem_Red","floor":37},{"not_picked":["Guardian:PrimingBeam+1","Guardian:Recover+1"],"picked":"Guardian:TimeCapacitor","floor":38},{"not_picked":["Guardian:Reroute","Guardian:Gem_Red","Guardian:Gem_Green"],"picked":"SKIP","floor":42},{"not_picked":["Guardian:TemporalShield+1","Guardian:Recover"],"picked":"Guardian:ConstructionForm","floor":43},{"not_picked":["Guardian:Orbwalk+1","Guardian:Suspension+1"],"picked":"Guardian:Gem_Orange","floor":44},{"not_picked":["Guardian:BronzeOrb+1","Guardian:Gem_Cyan"],"picked":"Guardian:ShieldSpikes","floor":45},{"not_picked":["Guardian:Gem_Cyan","Guardian:Gem_Red"],"picked":"Guardian:Gem_Lightblue","floor":45},{"not_picked":["Guardian:ShieldCharger","Guardian:ShieldSpikes+1"],"picked":"Guardian:AncientConstruct","floor":47},{"not_picked":["Guardian:Gem_Lightblue","Guardian:Gem_Red"],"picked":"Guardian:ShieldSpikes+1","floor":48},{"not_picked":["Guardian:ChargeCore+1","Guardian:RollAttack+1"],"picked":"Guardian:BronzeArmor+1","floor":49}],"player_experience":355889,"relics_obtained":[{"floor":7,"key":"Thread and Needle"},{"floor":11,"key":"Centennial Puzzle"},{"floor":13,"key":"Pen Nib"},{"floor":24,"key":"Matryoshka"},{"floor":27,"key":"Pocketwatch"},{"floor":28,"key":"MawBank"},{"floor":28,"key":"Bag of Marbles"},{"floor":31,"key":"Toy Ornithopter"},{"floor":38,"key":"Bird Faced Urn"},{"floor":41,"key":"Boot"},{"floor":41,"key":"PreservedInsect"},{"floor":44,"key":"CaptainsWheel"},{"floor":48,"key":"CeramicFish"}],"event_choices":[{"damage_healed":0,"gold_gain":0,"player_choice":"Upgraded","damage_taken":0,"max_hp_gain":0,"max_hp_loss":0,"event_name":"Upgrade Shrine","floor":4,"gold_loss":0,"cards_upgraded":["Guardian:RollAttack"]},{"damage_healed":0,"gold_gain":0,"player_choice":"Fight","damage_taken":0,"max_hp_gain":0,"max_hp_loss":0,"event_name":"Mysterious Sphere","floor":38,"gold_loss":0}],"is_beta":true,"boss_relics":[{"not_picked":["Black Star","Cursed Key"],"picked":"Runic Pyramid"},{"not_picked":["Calling Bell","Runic Dome"],"picked":"Philosopher\u0027s Stone"}],"items_purged_floors":[14],"is_endless":false,"potions_floor_spawned":[2,12,15,16,19,20,32,36,42,45,49],"ascension_level":0}}