{"host":"tpad8qsc9e0g0pa5","time":1609253239,"event":{"mods":["BaseMod","Minty Spire (QoL Compilation)","Quick Restart","StSLib","The Bug Knight","The Servant 0.9.4"],"gold_per_floor":[117,67,43,43,62,62,73,405,405,405,415,428,428,428,428,524,524,539,539,569,31,49,49,80,90,117,117,132,37,65,81,81,176,176,195,417,417,469,482,482,30,46,46,74,74,91,91,103,103,103],"floor_reached":51,"playtime":4262,"items_purged":["HollowMod:QuickDashStart","HollowMod:NailStrikeStart"],"score":878,"play_id":"108dbcfe-f47b-4b09-ae87-0c01119dfb4b","local_time":"20201229224719","is_ascension_mode":true,"campfire_choices":[{"data":"HollowMod:InfectedAttack","floor":6.0,"key":"SMITH"},{"floor":13.0,"key":"REST"},{"data":"HollowMod:NewGlowingWomb","floor":15.0,"key":"SMITH"},{"data":"Ghostly","floor":23.0,"key":"SMITH"},{"data":"HollowMod:BrokenVessel","floor":27.0,"key":"SMITH"},{"data":"HollowMod:TaintedHusks","floor":32.0,"key":"SMITH"},{"data":"HollowMod:HerrahsAnger","floor":40.0,"key":"SMITH"},{"floor":47.0,"key":"RECALL"},{"floor":49,"key":"REST"}],"circlet_count":0,"master_deck":["HollowMod:NailStrikeStart+1","HollowMod:QuickDashStart+1","HollowMod:FocusHealStart+1","HollowMod:PogoStrike+1","HollowMod:InfectedAttack+1","HollowMod:GoodIntentions+1","HollowMod:BrokenVessel+1","HollowMod:BaldurShell+1","HollowMod:NewGlowingWomb+1","HollowMod:DungDefenderAura+1","HollowMod:NewInfectedGuardian+1","HollowMod:HowlingWraiths+1","Ghostly+1","Ghostly+1","Ghostly+1","Ghostly+1","Ghostly+1","HollowMod:MantisMark+1","HollowMod:CrystalDash+1","HollowMod:TaintedHusks+1","HollowMod:NewLittleFool+1","HollowMod:InfectedCysts+1","HollowMod:CloakDash+1","HollowMod:HerrahsAnger+1","HollowMod:MantisMark+1","HollowMod:InfectedCysts+1","HollowMod:MantisMark+1"],"relics":["HollowMod:VesselMask","Old Coin","Question Card","SlaversCollar","Red Mask","HandDrill","Eternal Feather","PreservedInsect","Anchor","Ginger","Philosopher\u0027s Stone","TungstenRod","Strange Spoon","Orichalcum","Kunai","Mercury Hourglass","Mark of the Bloom"],"acts_visited":["Exordium","TheCity","TheBeyond"],"potions_floor_usage":[],"damage_taken":[{"damage":1.0,"enemies":"Jaw Worm","floor":1.0,"turns":3.0},{"damage":0.0,"enemies":"2 Louse","floor":5.0,"turns":2.0},{"damage":0.0,"enemies":"Cultist","floor":7.0,"turns":3.0},{"damage":16.0,"enemies":"HollowMod:MossKnight","floor":8.0,"turns":7.0},{"damage":20.0,"enemies":"Exordium Wildlife","floor":11.0,"turns":4.0},{"damage":12.0,"enemies":"3 Louse","floor":12.0,"turns":3.0},{"damage":48.0,"enemies":"The Guardian","floor":16.0,"turns":9.0},{"damage":23.0,"enemies":"Spheric Guardian","floor":18.0,"turns":5.0},{"damage":9.0,"enemies":"Masked Bandits","floor":20.0,"turns":6.0},{"damage":10.0,"enemies":"3 Byrds","floor":22.0,"turns":5.0},{"damage":0.0,"enemies":"Slavers","floor":24.0,"turns":6.0},{"damage":7.0,"enemies":"Snake Plant","floor":25.0,"turns":5.0},{"damage":10.0,"enemies":"Centurion and Healer","floor":28.0,"turns":6.0},{"damage":6.0,"enemies":"Gremlin Leader","floor":30.0,"turns":6.0},{"damage":25.0,"enemies":"Chosen and Byrds","floor":31.0,"turns":4.0},{"damage":20.0,"enemies":"Automaton","floor":33.0,"turns":10.0},{"damage":13.0,"enemies":"3 Shapes","floor":35.0,"turns":3.0},{"damage":13.0,"enemies":"2 Orb Walkers","floor":38.0,"turns":5.0},{"damage":0.0,"enemies":"Orb Walker","floor":39.0,"turns":5.0},{"damage":1.0,"enemies":"Maw","floor":42.0,"turns":6.0},{"damage":2.0,"enemies":"HollowMod:StalkingDevout","floor":44.0,"turns":4.0},{"damage":0.0,"enemies":"3 Darklings","floor":46.0,"turns":3.0},{"damage":4,"enemies":"Writhing Mass","floor":48,"turns":3},{"damage":0,"enemies":"HollowMod:Radiance","floor":50,"turns":7}],"seed_played":"3411347525555185817","potions_obtained":[{"floor":1.0,"key":"Fire Potion"},{"floor":5.0,"key":"GamblersBrew"},{"floor":12.0,"key":"Block Potion"},{"floor":20.0,"key":"Weak Potion"},{"floor":25.0,"key":"BlessingOfTheForge"},{"floor":30.0,"key":"Energy Potion"},{"floor":31.0,"key":"Dexterity Potion"},{"floor":33.0,"key":"Fruit Juice"},{"floor":38.0,"key":"Dexterity Potion"},{"floor":42.0,"key":"Explosive Potion"},{"floor":46.0,"key":"Fruit Juice"}],"is_trial":false,"path_per_floor":["M","?","$","?","M","R","M","E","T","?","M","M","R","?","R","B",null,"M","?","?","$","M","R","E","M","T","R","M","$","E","M","R","B",null,"M","?","?","?","M","R","$","M","T","E","?","M","R","M","R","B",null],"character_chosen":"THE_BUGKNIGHT","items_purchased":["HollowMod:InfectedAttack","HollowMod:CrystalDash","HandDrill","Eternal Feather","HollowMod:InfectedCysts","HollowMod:CloakDash","HollowMod:InfectedCysts","Strange Spoon","Orichalcum"],"campfire_rested":2,"item_purchase_floors":[3,21,21,21,29,29,41,41,41],"current_hp_per_floor":[74,74,74,74,74,74,74,60,60,60,46,34,56,56,56,18,75,52,37,28,28,18,30,30,23,23,35,25,25,29,4,19,5,42,29,29,29,16,16,31,31,30,30,28,28,28,28,24,24,24],"gold":103,"neow_bonus":"REMOVE_CARD","is_daily":false,"chose_seed":false,"campfire_upgraded":6,"win_rate":0.0,"timestamp":1609253239,"path_taken":["M","?","$","?","M","R","M","E","T","?","?","M","R","?","R","BOSS","M","?","?","?","M","R","E","M","T","R","?","?","E","M","R","BOSS","M","?","?","?","?","R","$","M","T","E","?","M","R","M","R","BOSS"],"items_purchased_type":["Card","Card","Relic","Relic","Card","Card","Card","Relic","Relic"],"build_version":"2020-12-22","purchased_purges":2,"victory":true,"max_hp_per_floor":[75,75,75,75,75,75,75,75,75,75,75,75,75,75,75,75,75,75,37,37,37,37,37,37,37,37,37,37,37,37,37,37,37,42,42,42,42,42,42,42,42,42,42,42,42,42,47,47,47,47],"card_choices":[{"not_picked":["HollowMod:ShapeofUnn","HollowMod:WraithStrike"],"picked":"HollowMod:MonomonsArchive","floor":1.0},{"not_picked":["HollowMod:ShadowDash","HollowMod:DashSlash"],"picked":"HollowMod:GoodIntentions","floor":5.0},{"not_picked":["HollowMod:HowlingWraiths","HollowMod:ShadowDash"],"picked":"HollowMod:BrokenVessel","floor":7.0},{"not_picked":["HollowMod:HeavyBlow","HollowMod:CoiledNail"],"picked":"HollowMod:BaldurShell","floor":8.0},{"not_picked":["HollowMod:ShapeofUnn","HollowMod:BaldurShell","HollowMod:ChannelNail"],"picked":"HollowMod:NewGlowingWomb","floor":11.0},{"not_picked":["HollowMod:GoodIntentions","HollowMod:ShapeofUnn","HollowMod:LifebloodCocoon"],"picked":"HollowMod:DungDefenderAura","floor":12.0},{"not_picked":["HollowMod:ZotesMagnificence","HollowMod:AwokenDreamNail","HollowMod:LordofShades"],"picked":"HollowMod:NewInfectedGuardian","floor":16.0},{"not_picked":["HollowMod:NewGlowingWomb","HollowMod:ShapeofUnn","HollowMod:SiblingsShadow"],"picked":"HollowMod:HowlingWraiths+1","floor":18.0},{"not_picked":["HollowMod:SoulEater","HollowMod:HeavyBlow","HollowMod:VengefulVoid"],"picked":"HollowMod:MantisMark","floor":20.0},{"not_picked":["HollowMod:BaldurShell","HollowMod:VengefulVoid","HollowMod:HuntersJournal"],"picked":"HollowMod:TaintedHusks","floor":22.0},{"not_picked":["HollowMod:LifebloodCocoon","HollowMod:HowlingWraiths","HollowMod:RecoilStrike","HollowMod:SoulEater"],"picked":"SKIP","floor":24.0},{"not_picked":["HollowMod:SiblingsShadow","HollowMod:GreatSlash","HollowMod:HowlingWraiths","HollowMod:SiblingsSouls"],"picked":"SKIP","floor":25.0},{"not_picked":["HollowMod:WraithStrike","HollowMod:SoulMaster","HollowMod:SoulSplash+1"],"picked":"HollowMod:NewLittleFool+1","floor":28.0},{"not_picked":["HollowMod:CoiledNail+1","HollowMod:LordofShades","HollowMod:CycloneSlash","HollowMod:SoulStrike"],"picked":"SKIP","floor":30.0},{"not_picked":["HollowMod:LifebloodCocoon+1","HollowMod:DescendingDark","HollowMod:HeavyBlow","HollowMod:VengefulVoid"],"picked":"SKIP","floor":31.0},{"not_picked":["HollowMod:Weaversong","HollowMod:theNailsmith","HollowMod:MidwifesHunger"],"picked":"HollowMod:HerrahsAnger","floor":33.0},{"not_picked":["HollowMod:SiblingsSouls","HollowMod:NewLittleFool+1","HollowMod:MonomonsArchive+1","HollowMod:SharpenedNail+1"],"picked":"SKIP","floor":35.0},{"not_picked":["HollowMod:HowlingWraiths+1","HollowMod:CycloneSlash+1","HollowMod:HeavyBlow+1"],"picked":"HollowMod:MantisMark+1","floor":39.0},{"not_picked":["HollowMod:Grubsong","HollowMod:QuirrelsAssistance+1","HollowMod:BaldurShell"],"picked":"HollowMod:MantisMark+1","floor":42.0},{"not_picked":["HollowMod:LifebloodCocoon+1","HollowMod:HeavyBlow","HollowMod:GrimmsGift+1","HollowMod:DoubleDash"],"picked":"SKIP","floor":44.0},{"not_picked":["HollowMod:CornifersMapStart+1","HollowMod:SoulStrike","HollowMod:NewLittleFool+1","HollowMod:ShadowDash"],"picked":"SKIP","floor":46.0},{"not_picked":["HollowMod:Weaversong","HollowMod:DescendingDark+1","HollowMod:ChannelNail","HollowMod:WraithStrike"],"picked":"SKIP","floor":48}],"player_experience":286957,"relics_obtained":[{"floor":8.0,"key":"Old Coin"},{"floor":9.0,"key":"Question Card"},{"floor":20.0,"key":"Red Mask"},{"floor":24.0,"key":"PreservedInsect"},{"floor":26.0,"key":"Anchor"},{"floor":30.0,"key":"Ginger"},{"floor":38.0,"key":"TungstenRod"},{"floor":43.0,"key":"Kunai"},{"floor":44.0,"key":"Mercury Hourglass"}],"event_choices":[{"cards_removed":["HollowMod:NailStrikeStart"],"damage_healed":0.0,"max_hp_gain":0.0,"max_hp_loss":0.0,"gold_gain":0.0,"event_name":"The Cleric","player_choice":"Card Removal","floor":2.0,"gold_loss":50.0,"damage_taken":0.0},{"cards_removed":["HollowMod:NailStrikeStart"],"damage_healed":0.0,"max_hp_gain":0.0,"max_hp_loss":0.0,"gold_gain":0.0,"event_name":"Living Wall","player_choice":"Forget","floor":14.0,"gold_loss":0.0,"damage_taken":0.0},{"damage_healed":0.0,"max_hp_gain":0.0,"max_hp_loss":38.0,"gold_gain":0.0,"event_name":"Ghosts","player_choice":"Became a Ghost","floor":19.0,"gold_loss":0.0,"damage_taken":0.0,"cards_obtained":["Ghostly","Ghostly","Ghostly","Ghostly","Ghostly"]},{"damage_healed":0.0,"max_hp_gain":0.0,"max_hp_loss":0.0,"gold_gain":0.0,"event_name":"Masked Bandits","player_choice":"Fought Bandits","floor":20.0,"gold_loss":0.0,"damage_taken":0.0},{"damage_healed":0.0,"max_hp_gain":0.0,"max_hp_loss":0.0,"gold_gain":222.0,"event_name":"Tomb of Lord Red Mask","player_choice":"Wore Mask","floor":36.0,"gold_loss":0.0,"damage_taken":0.0},{"cards_removed":["HollowMod:MonomonsArchive"],"damage_healed":0.0,"max_hp_gain":0.0,"max_hp_loss":0.0,"gold_gain":0.0,"event_name":"Falling","player_choice":"Removed Skill","floor":37.0,"gold_loss":0.0,"damage_taken":0.0},{"damage_healed":0.0,"max_hp_gain":0.0,"max_hp_loss":0.0,"gold_gain":0.0,"event_name":"Mysterious Sphere","player_choice":"Fight","floor":38.0,"gold_loss":0.0,"damage_taken":0.0},{"damage_healed":0.0,"max_hp_gain":0.0,"max_hp_loss":0.0,"gold_gain":0.0,"event_name":"MindBloom","player_choice":"Upgrade","floor":45.0,"gold_loss":0.0,"damage_taken":0.0,"cards_upgraded":["HollowMod:NailStrikeStart","HollowMod:QuickDashStart","HollowMod:FocusHealStart","HollowMod:PogoStrike","HollowMod:GoodIntentions","HollowMod:BaldurShell","HollowMod:DungDefenderAura","HollowMod:NewInfectedGuardian","Ghostly","Ghostly","Ghostly","Ghostly","HollowMod:MantisMark","HollowMod:CrystalDash","HollowMod:InfectedCysts","HollowMod:CloakDash","HollowMod:InfectedCysts"],"relics_obtained":["Mark of the Bloom"]}],"is_beta":false,"boss_relics":[{"not_picked":["Tiny House","Cursed Key"],"picked":"SlaversCollar"},{"not_picked":["Fusion Hammer","Velvet Choker"],"picked":"Philosopher\u0027s Stone"}],"items_purged_floors":[21,41],"is_endless":false,"potions_floor_spawned":[1,5,12,20,25,30,31,33,38,42,46],"ascension_level":1}}