{"host":"Rich","time":1609276498,"event":{"mods":["AchievementEnabler","BaseMod","Highlight Path","Minty Spire (QoL Compilation)","Relic Stats"],"gold_per_floor":[109,34,34,53,53,83,109,184,184,184,200,200,36,36,36,36,36],"floor_reached":16,"playtime":213,"items_purged":["Strike_R","Strike_R"],"score":262,"play_id":"ff6f868e-6e81-45e1-9b97-26170e5b3de1","local_time":"20201229161458","is_ascension_mode":true,"campfire_choices":[{"floor":10.0,"key":"DIG"},{"floor":12.0,"key":"DIG"},{"floor":15,"key":"DIG"}],"circlet_count":0,"master_deck":["AscendersBane","Strike_R","Strike_R","Strike_R","Defend_R","Defend_R","Defend_R","Defend_R","Bash","Combust","Twin Strike","Body Slam","Flex"],"relics":["Burning Blood","NeowsBlessing","Unceasing Top","WingedGreaves","Kunai","Shovel","Smiling Mask","Pear","Golden Idol","The Courier"],"acts_visited":["Exordium"],"potions_floor_usage":[16],"damage_taken":[{"damage":0.0,"enemies":"Jaw Worm","floor":1.0,"turns":1.0},{"damage":0.0,"enemies":"2 Louse","floor":4.0,"turns":1.0},{"damage":0.0,"enemies":"Lagavulin","floor":6.0,"turns":1.0},{"damage":23.0,"enemies":"3 Sentries","floor":7.0,"turns":4.0},{"damage":11.0,"enemies":"Small Slimes","floor":11.0,"turns":3.0},{"damage":25,"enemies":"Hexaghost","floor":16,"turns":5}],"seed_played":"6008265879592211038","potions_obtained":[{"floor":1.0,"key":"PowerPotion"},{"floor":6.0,"key":"ElixirPotion"}],"is_trial":false,"path_per_floor":["M","$","?","M","?","E","E","?","T","R","M","R","$","?","R","B"],"character_chosen":"IRONCLAD","items_purchased":["FairyPotion"],"campfire_rested":0,"item_purchase_floors":[13],"current_hp_per_floor":[74,74,63,69,69,75,58,47,47,47,42,52,52,52,52,27,27],"gold":36,"neow_bonus":"THREE_ENEMY_KILL","is_daily":false,"chose_seed":false,"campfire_upgraded":0,"win_rate":0.0,"timestamp":1609276498,"path_taken":["M","$","?","M","?","E","E","?","T","R","?","R","$","?","R","BOSS"],"items_purchased_type":["Potion"],"build_version":"2020-12-18","purchased_purges":2,"victory":false,"max_hp_per_floor":[75,75,75,75,75,75,75,75,75,75,75,85,85,77,77,77,77],"relic_stats":{"Shovel":3,"counters":[6,15],"Golden Idol":0,"Kunai":[0],"Smiling Mask":50,"obtain_stats":[{"Shovel":9,"Pear":12,"NeowsBlessing":0,"Golden Idol":14,"WingedGreaves":6,"The Courier":15,"Kunai":7,"Smiling Mask":10,"Burning Blood":0,"Unceasing Top":3},{"Shovel":4,"Pear":5,"NeowsBlessing":0,"Golden Idol":5,"WingedGreaves":3,"The Courier":5,"Kunai":4,"Smiling Mask":4,"Burning Blood":0,"Unceasing Top":1},{"Shovel":7,"Pear":10,"NeowsBlessing":0,"Golden Idol":10,"WingedGreaves":3,"The Courier":10,"Kunai":7,"Smiling Mask":7,"Burning Blood":0,"Unceasing Top":1}],"Burning Blood":30,"Unceasing Top":[1]},"card_choices":[{"not_picked":["Flame Barrier","Heavy Blade"],"picked":"Combust","floor":1.0},{"not_picked":["Armaments","Anger"],"picked":"Twin Strike","floor":4.0},{"not_picked":["Pommel Strike","Rage"],"picked":"Body Slam","floor":6.0},{"not_picked":["Warcry","Searing Blow","Wild Strike"],"picked":"SKIP","floor":7.0},{"not_picked":["Cleave","Pommel Strike"],"picked":"Flex","floor":11.0}],"player_experience":1942294,"relics_obtained":[{"floor":6.0,"key":"WingedGreaves"},{"floor":7.0,"key":"Kunai"},{"floor":9.0,"key":"Shovel"},{"floor":10.0,"key":"Smiling Mask"},{"floor":12.0,"key":"Pear"},{"floor":15,"key":"The Courier"}],"event_choices":[{"damage_healed":0.0,"max_hp_gain":0.0,"max_hp_loss":0.0,"gold_gain":0.0,"event_name":"Scrap Ooze","player_choice":"Success","floor":3.0,"gold_loss":0.0,"damage_taken":11.0,"relics_obtained":["Unceasing Top"]},{"damage_healed":0.0,"max_hp_gain":0.0,"max_hp_loss":0.0,"gold_gain":0.0,"event_name":"The Cleric","player_choice":"Leave","floor":5.0,"gold_loss":0.0,"damage_taken":0.0},{"damage_healed":0.0,"max_hp_gain":0.0,"max_hp_loss":0.0,"gold_gain":75.0,"event_name":"World of Goop","player_choice":"Gather Gold","floor":8.0,"gold_loss":0.0,"damage_taken":11.0},{"damage_healed":0,"gold_gain":0,"player_choice":"Lose Max HP","damage_taken":0,"relics_obtained":["Golden Idol"],"max_hp_gain":0,"max_hp_loss":8,"event_name":"Golden Idol","floor":14,"gold_loss":0}],"is_beta":true,"boss_relics":[],"items_purged_floors":[2,13],"is_endless":false,"potions_floor_spawned":[1,6],"killed_by":"Hexaghost","ascension_level":20}}