{"host":"hfxp6ue4pvwo3fit","time":1609241021,"event":{"mods":["AchievementEnabler","BaseMod","Colored Map","Colored Powertips","Highlight Path","HololiveMod","Minty Spire (QoL Compilation)","StSLib","SuperFastMode"],"gold_per_floor":[84,9,22,42,59,92,92,127,127,127,148,148,165,186,186,269,319,335,350,350,371,385,385,416,416,443,471,471,471,386,410,410,491,491,505,525,23,72,82,82,0,31,31,31,31,71,83,124,124,124,128],"floor_reached":52,"playtime":2350,"items_purged":["Hololive_Strike","Hololive_Strike"],"score":2609,"play_id":"e82adf49-ee41-452e-83a0-053fe568372d","local_time":"20201229052341","is_ascension_mode":true,"campfire_choices":[{"data":"Hololive_Rebirth","floor":7,"key":"SMITH"},{"data":"Hololive_CallTsunomakiWatame","floor":10,"key":"SMITH"},{"data":"Hololive_DDD","floor":12,"key":"SMITH"},{"data":"Hololive_CallOzoraSubaru","floor":15,"key":"SMITH"},{"data":"Hololive_Breathe","floor":23,"key":"SMITH"},{"data":"Hololive_CallNakiriAyame","floor":25,"key":"SMITH"},{"floor":29,"key":"REST"},{"data":"Hololive_CallTsunomakiWatame","floor":32,"key":"SMITH"},{"data":"Hololive_CocoNews","floor":40,"key":"SMITH"},{"data":"Hololive_CallInugamiKorone","floor":45,"key":"SMITH"},{"data":"Hololive_CocoNews","floor":49,"key":"SMITH"}],"circlet_count":0,"master_deck":["AscendersBane","Hololive_Defend","Hololive_Defend","Hololive_CandyCastle","Hololive_CallHoshimachiSuisei","Hololive_CallOzoraSubaru+1","Hololive_CallSpadeEcho","Hololive_CallDoris+1","Hololive_CallRoboco","Hololive_CocoNews+1","Hololive_CallTsunomakiWatame+1","Hololive_CallMomosuzuNene+25","Hololive_CandyCastle","Hololive_Rebirth+1","Hololive_CandyCastle","Hololive_DDD+1","Hololive_CandyCastle+1","Hololive_CocoNews+1","Hololive_Thief","Hololive_Rebound","Hololive_CallUsadaPekora","Hololive_CallInugamiKorone+1","Hololive_CallNakiriAyame+1","Hololive_Breathe+1","Hololive_CallTsunomakiWatame+1","Hololive_StrengthChampion","Hololive_Thief","Hololive_StrengthChampion","Hololive_CandyCastle","Hololive_CallTokoyamiTowa","Hololive_ILoveYou"],"relics":["Hololive_TheStar","Dream Catcher","Ice Cream","Ornamental Fan","Tiny House","Shuriken","Hololive_FriedShrimpLion","StrikeDummy","Blood Vial","Runic Dome","Mango","Bird Faced Urn","Red Mask","Pocketwatch","Thread and Needle","Bag of Preparation"],"acts_visited":["Exordium","TheCity","TheBeyond"],"potions_floor_usage":[24,38],"damage_taken":[{"damage":0,"enemies":"Small Slimes","floor":1,"turns":3},{"damage":0,"enemies":"Jaw Worm","floor":3,"turns":3},{"damage":0,"enemies":"2 Louse","floor":4,"turns":3},{"damage":0,"enemies":"2 Fungi Beasts","floor":5,"turns":3},{"damage":0,"enemies":"Lagavulin","floor":6,"turns":5},{"damage":2,"enemies":"3 Sentries","floor":8,"turns":5},{"damage":0,"enemies":"Exordium Thugs","floor":11,"turns":4},{"damage":0,"enemies":"Looter","floor":13,"turns":3},{"damage":0,"enemies":"Large Slime","floor":14,"turns":4},{"damage":0,"enemies":"Hexaghost","floor":16,"turns":6},{"damage":0,"enemies":"3 Byrds","floor":18,"turns":4},{"damage":0,"enemies":"Chosen","floor":19,"turns":5},{"damage":0,"enemies":"Snecko","floor":21,"turns":5},{"damage":0,"enemies":"Snake Plant","floor":22,"turns":3},{"damage":0,"enemies":"Gremlin Leader","floor":24,"turns":6},{"damage":0,"enemies":"Book of Stabbing","floor":27,"turns":5},{"damage":0,"enemies":"3 Cultists","floor":31,"turns":5},{"damage":0,"enemies":"Automaton","floor":33,"turns":7},{"damage":0,"enemies":"3 Shapes","floor":35,"turns":4},{"damage":0,"enemies":"3 Darklings","floor":36,"turns":6},{"damage":2,"enemies":"2 Orb Walkers","floor":38,"turns":6},{"damage":0,"enemies":"Spire Growth","floor":39,"turns":4},{"damage":28,"enemies":"Reptomancer","floor":42,"turns":7},{"damage":0,"enemies":"Giant Head","floor":46,"turns":6},{"damage":10,"enemies":"4 Shapes","floor":47,"turns":5},{"damage":0,"enemies":"Nemesis","floor":48,"turns":5},{"damage":0,"enemies":"Time Eater","floor":50,"turns":9},{"damage":0,"enemies":"Donu and Deca","floor":51,"turns":7}],"seed_played":"-5470623803469159605","potions_obtained":[{"floor":1,"key":"Strength Potion"},{"floor":3,"key":"GamblersBrew"},{"floor":11,"key":"DistilledChaos"},{"floor":31,"key":"Block Potion"},{"floor":35,"key":"LiquidMemories"},{"floor":42,"key":"FairyPotion"}],"is_trial":false,"path_per_floor":["M","$","M","M","M","E","R","E","T","R","M","R","M","M","R","B",null,"M","M","?","M","M","R","E","R","T","E","?","R","?","M","R","B",null,"M","M","$","?","M","R","?","E","T","?","R","E","M","E","R","B","B",null],"character_chosen":"Hololive_HololiveCharacter","items_purchased":["Mango","Hololive_CandyCastle"],"campfire_rested":1,"item_purchase_floors":[37,37],"current_hp_per_floor":[27,27,27,27,27,27,27,25,25,25,25,25,25,25,25,25,34,34,34,34,34,34,34,34,34,34,34,13,23,23,25,25,27,33,35,35,49,47,49,49,49,31,31,31,31,49,45,49,49,49,49],"gold":128,"neow_bonus":"UPGRADE_CARD","is_daily":false,"chose_seed":false,"campfire_upgraded":10,"win_rate":0.0,"timestamp":1609241021,"path_taken":["M","$","M","M","M","E","R","E","T","R","M","R","M","M","R","BOSS","M","M","?","M","M","R","E","R","T","E","?","R","?","M","R","BOSS","M","M","$","?","M","R","?","E","T","?","R","E","M","E","R","BOSS","BOSS"],"items_purchased_type":["Relic","Card"],"build_version":"2020-12-22","purchased_purges":2,"victory":true,"max_hp_per_floor":[30,30,30,30,30,30,30,30,30,30,30,30,30,30,30,30,35,35,35,35,35,35,35,35,35,35,35,35,35,35,35,35,35,35,35,35,49,49,49,49,49,49,49,49,49,49,49,49,49,49,49],"card_choices":[{"not_picked":["Hololive_CallAyundaRisu","Hololive_Rebound","Hololive_Trident"],"picked":"Hololive_CocoNews","floor":1},{"not_picked":["Hololive_FlyingPonyTail","Hololive_CallAZKi","Hololive_Drill"],"picked":"Hololive_CallTsunomakiWatame","floor":3},{"not_picked":["Hololive_Psychosis","Hololive_BringToTrial","Hololive_DevilCharm"],"picked":"Hololive_CallMomosuzuNene","floor":4},{"not_picked":["Hololive_FlyingPonyTail","Hololive_OvertimeWork","Hololive_CallOkamiMio"],"picked":"Hololive_CandyCastle","floor":5},{"not_picked":["Hololive_Breathe","Hololive_StrengthChampion","Hololive_CallAkaiHaato"],"picked":"Hololive_Rebirth","floor":6},{"not_picked":["Hololive_Rebound","Hololive_CocoNews","Hololive_Psychosis"],"picked":"Hololive_CandyCastle","floor":8},{"not_picked":["Hololive_CallOkamiMio","Hololive_Psychosis","Hololive_Rebound"],"picked":"Hololive_DDD","floor":11},{"not_picked":["Hololive_CallSakuraMiko","Hololive_RevenueBasedLive","Hololive_StrengthChampion"],"picked":"Hololive_CandyCastle","floor":13},{"not_picked":["Hololive_Rebound","Hololive_Trident","Hololive_Sequa"],"picked":"Hololive_CocoNews","floor":14},{"not_picked":["Hololive_StarCraft","Hololive_DurableLive","Hololive_HighAtkLowDef"],"picked":"Hololive_Thief","floor":16},{"not_picked":["Hololive_CallMoonaHoshinova","Hololive_OvertimeWork","Hololive_RevenueBasedLive"],"picked":"Hololive_Rebound","floor":17},{"not_picked":["Hololive_Psychosis","Hololive_Drill","Hololive_HuntDinosaur"],"picked":"Hololive_CallUsadaPekora","floor":18},{"not_picked":["Hololive_CallShiranuiFlare","Hololive_CallAyundaRisu","Hololive_CocoNews"],"picked":"Hololive_CallInugamiKorone","floor":19},{"not_picked":["Hololive_Psychosis+1","Hololive_Rebound","Hololive_CallOmaruPolka"],"picked":"Hololive_CallNakiriAyame","floor":21},{"not_picked":["Hololive_CallCivia","Hololive_AWSL","Hololive_OvertimeWork"],"picked":"Hololive_Breathe","floor":22},{"not_picked":["Hololive_CallFriendA","Hololive_Rebound","Hololive_CocoNews","Hololive_OvertimeWork"],"picked":"SKIP","floor":24},{"not_picked":["Hololive_CallArtia","Hololive_Rebound","Hololive_CocoNews"],"picked":"Hololive_CallTsunomakiWatame","floor":27},{"not_picked":["Hololive_CallSpadeEcho","Hololive_Rebound","Hololive_HuntDinosaur+1"],"picked":"Hololive_StrengthChampion","floor":29},{"not_picked":["Hololive_StrengthChampion","Hololive_CallTokinoSora+1","Hololive_Psychosis"],"picked":"Hololive_Thief","floor":31},{"not_picked":["Hololive_CallUruhaRushia+1","Hololive_HuntDinosaur+1","Hololive_CallOmaruPolka"],"picked":"Hololive_StrengthChampion","floor":35},{"not_picked":["Hololive_FlyingPonyTail","Hololive_OvertimeWork","Hololive_CocoNews"],"picked":"Hololive_Trident+1","floor":36},{"not_picked":["Hololive_RevenueBasedLive","Hololive_Breathe+1","Hololive_FlyingPonyTail"],"picked":"Hololive_CallTokoyamiTowa","floor":39},{"not_picked":["Hololive_StrengthChampion","Hololive_CocoNews","Hololive_Trident","Hololive_LuckPotion"],"picked":"SKIP","floor":42},{"not_picked":["Hololive_OpenUp","Hololive_CallHoushouMarine+1","Hololive_Yoholoon+1"],"picked":"Hololive_ILoveYou","floor":46},{"not_picked":["Hololive_HuntDinosaur","Hololive_CallSpadeEcho","Hololive_CallRosalyn","Hololive_Drill"],"picked":"SKIP","floor":47},{"not_picked":["Hololive_StrengthChampion+1","Hololive_ILoveYou","Hololive_Trident","Hololive_OvertimeWork+1"],"picked":"SKIP","floor":48}],"player_experience":511058,"relics_obtained":[{"floor":6,"key":"Dream Catcher"},{"floor":8,"key":"Ice Cream"},{"floor":9,"key":"Ornamental Fan"},{"floor":24,"key":"Shuriken"},{"floor":26,"key":"Hololive_FriedShrimpLion"},{"floor":27,"key":"StrikeDummy"},{"floor":38,"key":"Bird Faced Urn"},{"floor":42,"key":"Pocketwatch"},{"floor":43,"key":"Thread and Needle"},{"floor":46,"key":"Bag of Preparation"}],"event_choices":[{"damage_healed":0,"gold_gain":0,"player_choice":"Ignored","damage_taken":0,"max_hp_gain":0,"max_hp_loss":0,"event_name":"Vampires","floor":20,"gold_loss":0},{"damage_healed":0,"gold_gain":0,"player_choice":"Obtained Book","damage_taken":21,"max_hp_gain":0,"max_hp_loss":0,"event_name":"Cursed Tome","floor":28,"gold_loss":0},{"damage_healed":0,"gold_gain":0,"player_choice":"Obtained Relic","damage_taken":0,"relics_obtained":["Blood Vial"],"max_hp_gain":0,"max_hp_loss":0,"event_name":"Addict","floor":30,"gold_loss":85},{"damage_healed":0,"gold_gain":0,"player_choice":"Fight","damage_taken":0,"max_hp_gain":0,"max_hp_loss":0,"event_name":"Mysterious Sphere","floor":38,"gold_loss":0},{"damage_healed":0,"gold_gain":0,"player_choice":"Paid","damage_taken":0,"relics_obtained":["Red Mask"],"max_hp_gain":0,"max_hp_loss":0,"event_name":"Tomb of Lord Red Mask","floor":41,"gold_loss":82},{"cards_removed":["Hololive_Trident"],"damage_healed":0,"gold_gain":0,"player_choice":"Removed Attack","damage_taken":0,"max_hp_gain":0,"max_hp_loss":0,"event_name":"Falling","floor":44,"gold_loss":0}],"is_beta":false,"boss_relics":[{"not_picked":["Astrolabe","SlaversCollar"],"picked":"Tiny House"},{"not_picked":["Pandora\u0027s Box","Black Star"],"picked":"Runic Dome"}],"items_purged_floors":[2,37],"is_endless":false,"potions_floor_spawned":[1,3,11,14,19,21,22,31,35,42,47],"ascension_level":20}}