{"host":"5fpb1gzflhq9886n","time":1609203099,"event":{"mods":["AchievementEnabler","BaseMod","Colored Map","Colored Powertips","Minty Spire (QoL Compilation)","Permanent Neow"],"gold_per_floor":[210,128,142,5,5,5,5,5,5,33,33,45,45,63,63,168,168,183,183,183,95,108,133,133,165,191,216,216,216],"floor_reached":28,"playtime":1600,"items_purged":["Strike_G"],"score":338,"play_id":"b9b8680e-5892-4aa9-945e-5735881f4312","local_time":"20201228195139","is_ascension_mode":true,"campfire_choices":[{"floor":6.0,"key":"REST"},{"data":"Catalyst","floor":8.0,"key":"SMITH"},{"data":"Noxious Fumes","floor":11.0,"key":"SMITH"},{"floor":15,"key":"REST"},{"data":"J.A.X.","floor":24,"key":"SMITH"}],"circlet_count":0,"master_deck":["Strike_G","Strike_G","Strike_G","Strike_G+1","Defend_G","Defend_G+1","Defend_G","Defend_G","Defend_G","Survivor+1","Neutralize","Well Laid Plans","Catalyst+1","Dagger Spray","Noxious Fumes+1","Corpse Explosion","Caltrops+1","Flying Knee","Die Die Die","Poisoned Stab+1","J.A.X.+1","Backstab","Riddle With Holes","Deadly Poison"],"relics":["Ring of the Snake","Singing Bowl","The Courier","Coffee Dripper","Art of War","Pear","Whetstone","Gremlin Horn"],"acts_visited":["Exordium","TheCity"],"potions_floor_usage":[25,27,27],"damage_taken":[{"damage":0.0,"enemies":"Small Slimes","floor":1.0,"turns":4.0},{"damage":14.0,"enemies":"Jaw Worm","floor":3.0,"turns":5.0},{"damage":12.0,"enemies":"Lagavulin","floor":10.0,"turns":6.0},{"damage":0,"enemies":"2 Louse","floor":12,"turns":2},{"damage":18,"enemies":"Gremlin Gang","floor":14,"turns":2},{"damage":28,"enemies":"Hexaghost","floor":16,"turns":7},{"damage":0,"enemies":"3 Byrds","floor":18,"turns":3},{"damage":3,"enemies":"Spheric Guardian","floor":22,"turns":3},{"damage":10,"enemies":"Gremlin Leader","floor":23,"turns":6},{"damage":25,"enemies":"Slavers","floor":25,"turns":3},{"damage":35,"enemies":"Gremlin Leader","floor":27,"turns":5},{"damage":21,"enemies":"Centurion and Healer","floor":28,"turns":1}],"seed_played":"7247124076864353658","potions_obtained":[{"floor":1.0,"key":"LiquidMemories"},{"floor":3.0,"key":"SkillPotion"},{"floor":14,"key":"CunningPotion"},{"floor":16,"key":"BlessingOfTheForge"},{"floor":18,"key":"Explosive Potion"},{"floor":25,"key":"ColorlessPotion"},{"floor":27,"key":"FearPotion"}],"is_trial":false,"path_per_floor":["M","$","M","$","?","R","T","R","T","E","R","M","?","M","R","B",null,"M","?","?","$","M","E","R","E","T","E","M"],"character_chosen":"THE_SILENT","items_purchased":["Catalyst","Dagger Spray","Corpse Explosion","Riddle With Holes"],"campfire_rested":2,"item_purchase_floors":[2,2,4,21],"current_hp_per_floor":[70,70,56,56,42,63,63,63,63,51,51,51,51,35,56,28,72,72,72,72,72,71,63,63,48,48,15,0,0],"gold":216,"neow_bonus":"HUNDRED_GOLD","is_daily":false,"chose_seed":false,"campfire_upgraded":3,"win_rate":0.0,"timestamp":1609203099,"path_taken":["M","$","M","$","?","R","?","R","T","E","R","?","?","?","R","BOSS","M","?","?","?","?","E","R","E","T","E","M"],"items_purchased_type":["Card","Card","Card","Card"],"build_version":"2020-12-22","purchased_purges":1,"victory":false,"max_hp_per_floor":[70,70,70,70,70,70,70,70,70,70,70,70,70,72,72,72,72,72,72,72,72,74,76,76,86,86,88,88,88],"card_choices":[{"not_picked":["Dagger Throw","Expertise"],"picked":"Well Laid Plans","floor":1.0},{"not_picked":["Flying Knee","Deadly Poison"],"picked":"Noxious Fumes","floor":3.0},{"not_picked":["Blade Dance","Dagger Throw"],"picked":"Caltrops","floor":10.0},{"not_picked":["Reflex","Predator"],"picked":"Flying Knee","floor":12},{"not_picked":["Dagger Throw","Expertise","Endless Agony"],"picked":"Singing Bowl","floor":14},{"not_picked":["Malaise","Venomology"],"picked":"Die Die Die","floor":16},{"not_picked":["Sucker Punch","Flying Knee+1"],"picked":"Poisoned Stab","floor":18},{"not_picked":["Deflect","Accuracy","Outmaneuver"],"picked":"Singing Bowl","floor":22},{"not_picked":["Expertise","Deflect","Riddle With Holes"],"picked":"Singing Bowl","floor":23},{"not_picked":["Slice+1","Predator"],"picked":"Deadly Poison","floor":25},{"not_picked":["Outmaneuver","Unload","Underhanded Strike"],"picked":"Singing Bowl","floor":27}],"player_experience":637508,"relics_obtained":[{"floor":7.0,"key":"Singing Bowl"},{"floor":10.0,"key":"The Courier"},{"floor":23,"key":"Art of War"},{"floor":25,"key":"Pear"},{"floor":26,"key":"Whetstone"},{"floor":27,"key":"Gremlin Horn"}],"event_choices":[{"damage_healed":0.0,"max_hp_gain":0.0,"max_hp_loss":0.0,"gold_gain":0.0,"event_name":"Shining Light","player_choice":"Entered Light","floor":5.0,"gold_loss":0.0,"damage_taken":14.0,"cards_upgraded":["Survivor","Defend_G"]},{"damage_healed":0,"gold_gain":0,"player_choice":"Upgraded","damage_taken":0,"max_hp_gain":0,"max_hp_loss":0,"event_name":"Upgrade Shrine","floor":13,"gold_loss":0,"cards_upgraded":["Caltrops"]},{"damage_healed":0,"gold_gain":0,"player_choice":"Obtain J.A.X.","damage_taken":0,"max_hp_gain":0,"max_hp_loss":0,"event_name":"Drug Dealer","floor":19,"gold_loss":0,"cards_obtained":["J.A.X."]},{"damage_healed":0,"gold_gain":0,"player_choice":"Read","damage_taken":0,"max_hp_gain":0,"max_hp_loss":0,"event_name":"The Library","floor":20,"gold_loss":0,"cards_obtained":["Backstab"]}],"is_beta":false,"boss_relics":[{"not_picked":["Tiny House","Snecko Eye"],"picked":"Coffee Dripper"}],"items_purged_floors":[21],"is_endless":false,"potions_floor_spawned":[1,3,14,16,18,23,25,27],"killed_by":"Centurion and Healer","ascension_level":3}}