{"host":"78zdngn0u28jm0pp","time":1609211443,"event":{"mods":["BaseMod","Jorbs\u0027s Wanderer Trilogy","Minty Spire (QoL Compilation)","Permanent Neow","Quick Restart","Relic Stats","StSLib","Unceasing Turn Reminder"],"gold_per_floor":[110,110,128,278,16,16,16,49,49,49,80,90,90,103,103,103,103],"floor_reached":16,"playtime":429,"items_purged":["Doubt"],"score":216,"play_id":"815359f1-9be3-4b8b-981d-fa0d9ef0aecc","local_time":"20201228201043","is_ascension_mode":true,"campfire_choices":[{"floor":6,"key":"REST"},{"floor":15,"key":"REST"}],"circlet_count":0,"master_deck":["AscendersBane","Strike_G","Strike_G","Strike_G","Strike_G","Strike_G","Defend_G","Defend_G","Defend_G","Defend_G","Defend_G","Survivor","Neutralize","Blade Dance","Flying Knee","Dagger Throw","Cloak And Dagger","Wraith Form v2"],"relics":["Philosopher\u0027s Stone","TungstenRod","Sling","Dream Catcher","Happy Flower","WarpedTongs","Calipers"],"acts_visited":["Exordium"],"potions_floor_usage":[16,16],"damage_taken":[{"damage":4,"enemies":"Cultist","floor":1,"turns":5},{"damage":3,"enemies":"Small Slimes","floor":3,"turns":3},{"damage":19,"enemies":"Lagavulin","floor":8,"turns":5},{"damage":4,"enemies":"3 Sentries","floor":11,"turns":6},{"damage":0,"enemies":"Jaw Worm","floor":12,"turns":2},{"damage":1,"enemies":"2 Fungi Beasts","floor":14,"turns":3},{"damage":51,"enemies":"Slime Boss","floor":16,"turns":9}],"seed_played":"-4036866438595004747","potions_obtained":[{"floor":12,"key":"GhostInAJar"},{"floor":14,"key":"Fruit Juice"}],"is_trial":false,"path_per_floor":["M","?","M","?","$","R","$","E","T","?","E","M","?","M","R","B"],"character_chosen":"THE_SILENT","items_purchased":["Sling","Dagger Throw"],"campfire_rested":2,"item_purchase_floors":[5,5],"current_hp_per_floor":[55,29,26,26,26,45,45,26,26,26,22,22,22,21,40,0,0],"gold":103,"neow_bonus":"BOSS_RELIC","is_daily":false,"chose_seed":false,"campfire_upgraded":0,"win_rate":0.0,"timestamp":1609211443,"path_taken":["M","?","M","?","$","R","?","E","T","?","E","?","?","M","R","BOSS"],"items_purchased_type":["Relic","Card"],"build_version":"2020-12-22","purchased_purges":1,"victory":false,"max_hp_per_floor":[66,66,66,66,66,66,66,66,66,66,66,66,66,66,66,71,71],"relic_stats":{"Dream Catcher":1,"Happy Flower":[6],"counters":[7,33],"obtain_stats":[{"Dream Catcher":8,"Calipers":11,"Happy Flower":9,"Philosopher\u0027s Stone":0,"Sling":5,"TungstenRod":2,"Ring of the Snake":0,"WarpedTongs":10},{"Dream Catcher":3,"Calipers":4,"Happy Flower":3,"Philosopher\u0027s Stone":0,"Sling":2,"TungstenRod":1,"Ring of the Snake":0,"WarpedTongs":3},{"Dream Catcher":13,"Calipers":19,"Happy Flower":13,"Philosopher\u0027s Stone":0,"Sling":8,"TungstenRod":5,"Ring of the Snake":0,"WarpedTongs":13}],"TungstenRod":22,"WarpedTongs":[20]},"card_choices":[{"not_picked":["Cloak And Dagger","Deflect"],"picked":"Blade Dance","floor":1},{"not_picked":["Calculated Gamble","Prepared"],"picked":"Flying Knee","floor":3},{"not_picked":["Escape Plan","Distraction"],"picked":"Cloak And Dagger","floor":8},{"not_picked":["Sucker Punch","Prepared","Flying Knee"],"picked":"SKIP","floor":11},{"not_picked":["Sucker Punch","Prepared","Flying Knee"],"picked":"SKIP","floor":11},{"not_picked":["Setup","Sucker Punch","Predator"],"picked":"SKIP","floor":12},{"not_picked":["Accuracy","Blade Dance"],"picked":"Wraith Form v2","floor":14}],"player_experience":704217,"relics_obtained":[{"floor":8,"key":"Dream Catcher"},{"floor":9,"key":"Happy Flower"},{"floor":11,"key":"Calipers"}],"event_choices":[{"damage_healed":0,"gold_gain":0,"player_choice":"Success","damage_taken":26,"relics_obtained":["TungstenRod"],"max_hp_gain":0,"max_hp_loss":0,"event_name":"Scrap Ooze","floor":2,"gold_loss":0},{"damage_healed":0,"gold_gain":150,"player_choice":"AGREE","damage_taken":0,"max_hp_gain":0,"max_hp_loss":0,"event_name":"Liars Game","floor":4,"gold_loss":0,"cards_obtained":["Doubt"]},{"damage_healed":0,"gold_gain":0,"player_choice":"Rummage","damage_taken":0,"relics_obtained":["WarpedTongs"],"max_hp_gain":0,"max_hp_loss":0,"event_name":"Accursed Blacksmith","floor":10,"gold_loss":0,"cards_obtained":["Pain"]},{"cards_removed":["Pain"],"damage_healed":0,"gold_gain":0,"player_choice":"Removed Curses","damage_taken":0,"max_hp_gain":0,"max_hp_loss":0,"event_name":"Fountain of Cleansing","floor":13,"gold_loss":0}],"is_beta":false,"boss_relics":[],"items_purged_floors":[5],"is_endless":false,"potions_floor_spawned":[12,14],"killed_by":"Slime Boss","ascension_level":20}}