{"host":"89b1o62hw5aqf71h","time":1609214432,"event":{"mods":["Ascension Reborn","Ascension Unlocker","Aspiration","Bard","BaseMod","Bestiary","Better Silent Start","Better-Laid Plans","BetterRewards","Challenge The Spire","Colored Map","Colored Powertips","Conspire","Downfall","Energized Spire","Grow up Mod","GungeonMod","Hubris","HumanHunterMod(????mod)","Infinite Spire","JesterMod","Marisa????????","Mimic Mod","Minty Spire (QoL Compilation)","Potionbrewer","Random Character Mod","Replay The Spire","Retaliation","Shop Mod","Small Relic Pack","Spicy Shops","Spikes Relics","StSLib","The Blue Laboratory","Thieving Mod","Uncapped","Waifu the Spire","everything is the same but u backflip on backflip","vexMod","??????REMEMod"],"gold_per_floor":[153,153,164,38,10,10,10],"floor_reached":6,"playtime":531,"items_purged":["DemoMod:Slinger"],"score":84,"play_id":"400104ac-47bb-417a-8752-f662a061d3f7","local_time":"20201228230032","is_ascension_mode":true,"campfire_choices":[],"circlet_count":0,"master_deck":["DemoMod:Strike_Huntress","DemoMod:Strike_Huntress","DemoMod:Defend_Huntress","DemoMod:Defend_Huntress","DemoMod:Defend_Huntress","DemoMod:Defend_Huntress","DemoMod:Roll","DemoMod:ManualReload","DemoMod:RustySidearm","DemoMod:CrossBow","DemoMod:PotionOfGunFriendShip","DemoMod:AWP","DemoMod:StickyCrossBow","DemoMod:AWP","DemoMod:SniperShot","DemoMod:ShadowBullets","Replay:BasicMightCard","DemoMod:ChanceBullets","DemoMod:ChanceBullets"],"relics":["DemoMod:Dog","REME_ComplimentaryCards","Membership Card","MerchantsRug","DemoMod:GnawedKey","Chemical X"],"acts_visited":["Exordium"],"potions_floor_usage":[6,6,6],"damage_taken":[{"damage":16,"enemies":"Jaw Worm","floor":1,"turns":2},{"damage":5,"enemies":"Cultist","floor":3,"turns":3},{"damage":83,"enemies":"3 Sentries","floor":6,"turns":11}],"seed_played":"7341699325732867542","potions_obtained":[{"floor":1,"key":"Regen Potion"}],"is_trial":false,"path_per_floor":["M","?","M","$","$","E"],"character_chosen":"HUNTRESS","items_purchased":["Membership Card","Replay:Baseball","PowerPotion","MerchantsRug","DemoMod:GnawedKey","SteroidPotion","DemoMod:PotionOfGunFriendShip","DemoMod:AWP","DemoMod:StickyCrossBow","Chemical X","Replay:BasicMightCard","DemoMod:ChanceBullets"],"campfire_rested":0,"item_purchase_floors":[0,0,0,0,0,0,0,0,0,4,4,5],"current_hp_per_floor":[42,52,57,67,77,3,3],"gold":10,"neow_bonus":"","is_daily":false,"chose_seed":false,"campfire_upgraded":0,"win_rate":0.0,"timestamp":1609214432,"path_taken":["M","?","?","?","$","E"],"items_purchased_type":["Relic","Relic","Potion","Relic","Relic","Potion","Card","Card","Card","Relic","Card","Card"],"build_version":"2020-12-22","purchased_purges":1,"victory":false,"max_hp_per_floor":[90,100,110,120,130,130,130],"card_choices":[{"not_picked":["DemoMod:FastSwitch","DemoMod:ConditionalReflex"],"picked":"DemoMod:SniperShot","floor":1},{"not_picked":["DemoMod:FortunesFavor","DemoMod:MegaHand"],"picked":"DemoMod:ShadowBullets","floor":3}],"player_experience":5057,"relics_obtained":[],"event_choices":[{"cards_removed":["DemoMod:Strike_Huntress"],"damage_healed":0,"gold_gain":0,"player_choice":"Offered Basic","damage_taken":0,"max_hp_gain":0,"max_hp_loss":0,"event_name":"Bonfire Elementals","floor":2,"gold_loss":0}],"is_beta":false,"boss_relics":[],"items_purged_floors":[0],"is_endless":false,"potions_floor_spawned":[1],"killed_by":"3 Sentries","ascension_level":0}}