{"host":"qxeepl7ydvsgmfdb","time":1609224235,"event":{"mods":["AchievementEnabler","BaseMod","Colored Powertips","Minty Spire (QoL Compilation)","Quick Restart","slay the spire mod where everything is the same but ironclad has a cowboy hat"],"gold_per_floor":[115,115,132,51,51,51,82,82,108,140,215,225,242,262,262,361,361,372,322,305,325,325,337,372,372,398,418,20,20,30,49,49,144,144,160,7,7,7],"floor_reached":37,"playtime":1097,"items_purged":["Hello World"],"score":564,"play_id":"31ac210c-a1e4-40f6-92cc-cf484c77b3ad","local_time":"20201229014355","is_ascension_mode":true,"campfire_choices":[{"data":"Defragment","floor":6.0,"key":"SMITH"},{"data":"Melter","floor":15.0,"key":"SMITH"},{"floor":25.0,"key":"REST"},{"floor":32,"key":"REST"}],"circlet_count":0,"master_deck":["Strike_B","Strike_B","Strike_B","Defend_B","Defend_B","Defend_B","Defend_B","Zap+1","Dualcast","Self Repair","Chill","Defragment+1","Cold Snap","Melter+1","Rainbow","White Noise","Fusion","Turbo+1","Electrodynamics","Capacitor","Darkness","Conserve Battery+1"],"relics":["Cracked Core","NeowsBlessing","Pantograph","PreservedInsect","Anchor","Letter Opener","MutagenicStrength","Prayer Wheel","Strawberry","Orichalcum","Black Star","Runic Capacitor"],"acts_visited":["Exordium","TheCity","TheBeyond"],"potions_floor_usage":[30,30,33,37,37],"damage_taken":[{"damage":0.0,"enemies":"2 Louse","floor":1.0,"turns":1.0},{"damage":0.0,"enemies":"Cultist","floor":3.0,"turns":1.0},{"damage":0.0,"enemies":"Lagavulin","floor":7.0,"turns":2.0},{"damage":0.0,"enemies":"Gremlin Nob","floor":10.0,"turns":2.0},{"damage":0.0,"enemies":"Jaw Worm","floor":12.0,"turns":3.0},{"damage":4.0,"enemies":"2 Fungi Beasts","floor":13.0,"turns":3.0},{"damage":15.0,"enemies":"Large Slime","floor":14.0,"turns":3.0},{"damage":51.0,"enemies":"Hexaghost","floor":16.0,"turns":12.0},{"damage":0.0,"enemies":"Chosen","floor":18.0,"turns":5.0},{"damage":2.0,"enemies":"2 Thieves","floor":20.0,"turns":4.0},{"damage":25.0,"enemies":"3 Cultists","floor":21.0,"turns":6.0},{"damage":28.0,"enemies":"Centurion and Healer","floor":23.0,"turns":7.0},{"damage":23.0,"enemies":"Book of Stabbing","floor":24.0,"turns":4.0},{"damage":30.0,"enemies":"Snake Plant","floor":27.0,"turns":5.0},{"damage":9,"enemies":"Snecko","floor":30,"turns":4},{"damage":0,"enemies":"Sentry and Sphere","floor":31,"turns":3},{"damage":72,"enemies":"Champ","floor":33,"turns":12},{"damage":8,"enemies":"Orb Walker","floor":35,"turns":4},{"damage":87,"enemies":"2 Orb Walkers","floor":37,"turns":4}],"seed_played":"6237579885714351563","potions_obtained":[{"floor":1.0,"key":"Explosive Potion"},{"floor":3.0,"key":"Fire Potion"},{"floor":10.0,"key":"Explosive Potion"},{"floor":12.0,"key":"Energy Potion"},{"floor":16.0,"key":"EssenceOfDarkness"},{"floor":21.0,"key":"EntropicBrew"},{"floor":24.0,"key":"Dexterity Potion"},{"floor":29.0,"key":"Explosive Potion"},{"floor":30,"key":"SteroidPotion"},{"floor":33,"key":"CultistPotion"}],"is_trial":false,"path_per_floor":["M","?","M","$","?","R","E","?","T","E","?","M","M","M","R","B",null,"M","?","M","M","?","M","E","R","T","M","$","?","M","M","R","B",null,"M","$","?"],"character_chosen":"DEFECT","items_purchased":["Defragment","Electrodynamics","Fruit Juice","Orichalcum","Runic Capacitor"],"campfire_rested":2,"item_purchase_floors":[4,28,28,28,36],"current_hp_per_floor":[75,75,75,75,68,68,75,68,68,75,64,71,74,66,66,31,64,71,71,75,57,57,36,20,42,49,26,31,31,29,29,55,8,67,66,66,0,0],"gold":7,"neow_bonus":"THREE_ENEMY_KILL","is_daily":false,"chose_seed":false,"campfire_upgraded":2,"win_rate":0.0,"timestamp":1609224235,"path_taken":["M","?","?","$","?","R","E","?","T","E","?","M","M","M","R","BOSS","M","?","?","M","?","M","E","R","T","M","$","?","?","M","R","BOSS","M","$","?"],"items_purchased_type":["Card","Card","Potion","Relic","Relic"],"build_version":"2020-12-22","purchased_purges":1,"victory":false,"max_hp_per_floor":[75,75,75,75,75,75,75,75,75,75,75,75,75,75,75,75,75,75,75,75,75,75,75,75,75,82,82,87,87,87,87,87,87,87,87,87,87,87],"card_choices":[{"not_picked":["Fusion","Barrage"],"picked":"Self Repair","floor":1.0},{"not_picked":["Skim","Barrage"],"picked":"Chill","floor":3.0},{"not_picked":["Stack","Aggregate"],"picked":"Cold Snap","floor":7.0},{"not_picked":["Sweeping Beam","Redo"],"picked":"Melter","floor":10.0},{"not_picked":["Fusion","Aggregate","Rip and Tear"],"picked":"SKIP","floor":12.0},{"not_picked":["Blizzard","Conserve Battery","Loop"],"picked":"SKIP","floor":13.0},{"not_picked":["Reinforced Body","Go for the Eyes","Conserve Battery"],"picked":"SKIP","floor":14.0},{"not_picked":["Fission","Hyperbeam"],"picked":"Rainbow","floor":16.0},{"not_picked":["Go for the Eyes+1","Leap+1"],"picked":"White Noise","floor":18.0},{"not_picked":["Auto Shields","Turbo"],"picked":"Fusion","floor":20.0},{"not_picked":["Barrage","Go for the Eyes"],"picked":"Turbo+1","floor":21.0},{"not_picked":["Fission","Undo","Cold Snap"],"picked":"SKIP","floor":23.0},{"not_picked":["Rip and Tear","Storm","Steam+1"],"picked":"SKIP","floor":24.0},{"not_picked":["Compile Driver","Heatsinks"],"picked":"Hello World","floor":27.0},{"not_picked":["Reprogram+1","Ball Lightning+1","Lockon+1"],"picked":"SKIP","floor":27.0},{"not_picked":["Hologram","Doom and Gloom"],"picked":"Capacitor","floor":30},{"not_picked":["Beam Cell","Stack","Hello World"],"picked":"SKIP","floor":30},{"not_picked":["Compile Driver","Streamline"],"picked":"Darkness","floor":31},{"not_picked":["Rebound+1","Chill","Beam Cell"],"picked":"SKIP","floor":31},{"not_picked":["Chill","Ball Lightning"],"picked":"Conserve Battery+1","floor":35},{"not_picked":["Barrage","Coolheaded+1","Streamline+1"],"picked":"SKIP","floor":35}],"player_experience":421019,"relics_obtained":[{"floor":7.0,"key":"PreservedInsect"},{"floor":9.0,"key":"Anchor"},{"floor":10.0,"key":"Letter Opener"},{"floor":24.0,"key":"Prayer Wheel"},{"floor":26.0,"key":"Strawberry"}],"event_choices":[{"damage_healed":0.0,"max_hp_gain":0.0,"max_hp_loss":0.0,"gold_gain":0.0,"event_name":"Accursed Blacksmith","player_choice":"Forge","floor":2.0,"gold_loss":0.0,"damage_taken":0.0,"cards_upgraded":["Zap"]},{"damage_healed":0.0,"max_hp_gain":0.0,"max_hp_loss":0.0,"gold_gain":0.0,"event_name":"Scrap Ooze","player_choice":"Success","floor":5.0,"gold_loss":0.0,"damage_taken":7.0,"relics_obtained":["Pantograph"]},{"cards_removed":["Strike_B"],"damage_healed":0.0,"max_hp_gain":0.0,"max_hp_loss":0.0,"gold_gain":0.0,"event_name":"Golden Wing","player_choice":"Card Removal","floor":8.0,"gold_loss":0.0,"damage_taken":7.0},{"damage_healed":0.0,"max_hp_gain":0.0,"max_hp_loss":0.0,"gold_gain":75.0,"event_name":"World of Goop","player_choice":"Gather Gold","floor":11.0,"gold_loss":0.0,"damage_taken":11.0},{"damage_healed":0.0,"max_hp_gain":0.0,"max_hp_loss":0.0,"gold_gain":0.0,"event_name":"The Joust","player_choice":"Bet on Murderer","floor":19.0,"gold_loss":50.0,"damage_taken":0.0},{"damage_healed":0.0,"max_hp_gain":0.0,"max_hp_loss":0.0,"gold_gain":0.0,"event_name":"Drug Dealer","player_choice":"Inject Mutagens","floor":22.0,"gold_loss":0.0,"damage_taken":0.0,"relics_obtained":["MutagenicStrength"]},{"damage_healed":0.0,"max_hp_gain":0.0,"max_hp_loss":0.0,"gold_gain":0.0,"event_name":"Lab","player_choice":"Got Potions","floor":29.0,"gold_loss":0.0,"damage_taken":0.0},{"damage_healed":0,"gold_gain":0,"player_choice":"Fight","damage_taken":0,"max_hp_gain":0,"max_hp_loss":0,"event_name":"Mysterious Sphere","floor":37,"gold_loss":0}],"is_beta":false,"boss_relics":[{"not_picked":["Pandora\u0027s Box","Velvet Choker","Runic Pyramid"]},{"not_picked":["Runic Dome","Sozu"],"picked":"Black Star"}],"items_purged_floors":[28],"is_endless":false,"potions_floor_spawned":[1,3,10,12,16,18,21,24,27,30,33],"killed_by":"2 Orb Walkers","ascension_level":5}}