{"host":"nmjik3bzoelmmajy","time":1609257326,"event":{"mods":["BaseMod","Better Third Choice","Colored Map","DeckTracker","Minty Spire (QoL Compilation)","Quick Restart","Say the Spire","StSLib","SuperFastMode"],"gold_per_floor":[111,0,0,0,18,53,73,93,93,18,32,32,32,68,68,159,159,175,175,1,20,20,36,52,52,52,52,64,64,64],"floor_reached":29,"playtime":1141,"items_purged":["Pain","Strike_G"],"score":513,"play_id":"5e6685d9-e2db-41e0-9425-0b3506156729","local_time":"20201230005526","is_ascension_mode":true,"campfire_choices":[{"data":"Backflip","floor":12,"key":"SMITH"},{"data":"Enlightenment","floor":15,"key":"SMITH"},{"floor":25,"key":"REST"},{"data":"Calculated Gamble","floor":27,"key":"SMITH"}],"circlet_count":0,"master_deck":["AscendersBane","Strike_G","Strike_G","Strike_G","Defend_G","Defend_G","Defend_G","Defend_G","Defend_G","Survivor","Neutralize","Underhanded Strike","Enlightenment+1","Backflip+1","Bouncing Flask","Blur","Cloak And Dagger","PiercingWail","Corpse Explosion","Calculated Gamble+1","Infinite Blades","Cloak And Dagger","Acrobatics","Envenom"],"relics":["Ring of the Snake","NeowsBlessing","WarpedTongs","CaptainsWheel","Darkstone Periapt","Bloody Idol","Paper Crane","Philosopher\u0027s Stone","Pantograph"],"acts_visited":["Exordium","TheCity"],"potions_floor_usage":[14,23,29,29],"damage_taken":[{"damage":0,"enemies":"Jaw Worm","floor":1,"turns":1},{"damage":0,"enemies":"Small Slimes","floor":5,"turns":1},{"damage":0,"enemies":"Lagavulin","floor":6,"turns":1},{"damage":1,"enemies":"2 Louse","floor":7,"turns":3},{"damage":8,"enemies":"Red Slaver","floor":8,"turns":6},{"damage":7,"enemies":"Large Slime","floor":11,"turns":7},{"damage":6,"enemies":"Gremlin Nob","floor":14,"turns":4},{"damage":23,"enemies":"Hexaghost","floor":16,"turns":13},{"damage":7,"enemies":"Shell Parasite","floor":18,"turns":7},{"damage":0,"enemies":"3 Byrds","floor":21,"turns":2},{"damage":25,"enemies":"Cultist and Chosen","floor":23,"turns":9},{"damage":13,"enemies":"Centurion and Healer","floor":24,"turns":9},{"damage":16,"enemies":"3 Cultists","floor":28,"turns":3},{"damage":27,"enemies":"Book of Stabbing","floor":29,"turns":5}],"seed_played":"-6926199311503444745","potions_obtained":[{"floor":6,"key":"Weak Potion"},{"floor":11,"key":"Explosive Potion"},{"floor":16,"key":"Strength Potion"},{"floor":28,"key":"LiquidMemories"}],"is_trial":false,"path_per_floor":["M","?","?","?","M","E","M","M","T","$","M","R","?","E","R","B",null,"M","?","$","M","?","M","M","R","T","R","M","E"],"character_chosen":"THE_SILENT","items_purchased":["Infinite Blades"],"campfire_rested":1,"item_purchase_floors":[20],"current_hp_per_floor":[59,65,65,65,65,65,64,56,56,56,49,49,49,43,43,20,54,47,47,47,52,43,23,15,34,34,34,23,0,0],"gold":64,"neow_bonus":"THREE_ENEMY_KILL","is_daily":false,"chose_seed":false,"campfire_upgraded":3,"win_rate":0.0,"timestamp":1609257326,"path_taken":["M","?","?","?","?","E","M","M","T","$","M","R","?","E","R","BOSS","M","?","$","M","?","M","?","R","T","R","M","E"],"items_purchased_type":["Card"],"build_version":"2020-12-22","purchased_purges":2,"victory":false,"max_hp_per_floor":[66,72,72,72,72,72,72,72,72,72,72,72,65,65,65,65,65,65,65,65,65,65,65,65,65,65,65,65,65,65],"card_choices":[{"not_picked":["Eviscerate","Outmaneuver"],"picked":"Underhanded Strike","floor":1},{"not_picked":["Endless Agony","Underhanded Strike"],"picked":"Backflip","floor":5},{"not_picked":["Grand Finale","Leg Sweep"],"picked":"Bouncing Flask","floor":6},{"not_picked":["Backflip","Bouncing Flask"],"picked":"Blur","floor":7},{"not_picked":["PiercingWail","Bane"],"picked":"Cloak And Dagger","floor":8},{"not_picked":["Flying Knee","Skewer","Deadly Poison"],"picked":"SKIP","floor":11},{"not_picked":["Underhanded Strike","Phantasmal Killer"],"picked":"PiercingWail","floor":14},{"not_picked":["Bullet Time","Unload"],"picked":"Corpse Explosion","floor":16},{"not_picked":["PiercingWail","Underhanded Strike"],"picked":"Calculated Gamble","floor":18},{"not_picked":["Dagger Throw+1","Outmaneuver"],"picked":"Cloak And Dagger","floor":21},{"not_picked":["Riddle With Holes","Quick Slash"],"picked":"Acrobatics","floor":23},{"not_picked":["Quick Slash","Skewer"],"picked":"Envenom","floor":24},{"not_picked":["Deflect","Sucker Punch","Bouncing Flask"],"picked":"SKIP","floor":28}],"player_experience":826515,"relics_obtained":[{"floor":6,"key":"CaptainsWheel"},{"floor":9,"key":"Darkstone Periapt"},{"floor":14,"key":"Paper Crane"},{"floor":26,"key":"Pantograph"}],"event_choices":[{"damage_healed":0,"gold_gain":0,"player_choice":"RENOUNCE","damage_taken":111,"max_hp_gain":0,"max_hp_loss":0,"event_name":"betterThird:BetterSerpent","floor":2,"gold_loss":111,"cards_obtained":["Enlightenment"]},{"cards_removed":["Strike_G"],"damage_healed":0,"gold_gain":0,"player_choice":"Forget","damage_taken":0,"max_hp_gain":0,"max_hp_loss":0,"event_name":"Living Wall","floor":3,"gold_loss":0},{"damage_healed":0,"gold_gain":0,"player_choice":"Rummage","damage_taken":0,"relics_obtained":["WarpedTongs"],"max_hp_gain":0,"max_hp_loss":0,"event_name":"Accursed Blacksmith","floor":4,"gold_loss":0,"cards_obtained":["Pain"]},{"damage_healed":0,"gold_gain":0,"player_choice":"Lose Max HP","damage_taken":0,"relics_obtained":["Golden Idol"],"max_hp_gain":0,"max_hp_loss":7,"event_name":"Golden Idol","floor":13,"gold_loss":0},{"damage_healed":0,"gold_gain":0,"player_choice":"Gave Idol","damage_taken":0,"relics_obtained":["Bloody Idol"],"max_hp_gain":0,"max_hp_loss":0,"event_name":"Forgotten Altar","floor":19,"relics_lost":["Golden Idol"],"gold_loss":0},{"damage_healed":0,"gold_gain":0,"player_choice":"Damaged","damage_taken":9,"max_hp_gain":0,"max_hp_loss":0,"event_name":"Wheel of Change","floor":22,"gold_loss":0}],"is_beta":false,"boss_relics":[{"not_picked":["Fusion Hammer","HoveringKite"],"picked":"Philosopher\u0027s Stone"}],"items_purged_floors":[10,20],"is_endless":false,"potions_floor_spawned":[6,11,16,18,21,28],"killed_by":"Book of Stabbing","ascension_level":16}}