{"host":"w2kjv12xyhtt0cv2","time":1609216420,"event":{"mods":["10 clothes from DAL","Act Like it!","BaseMod","Colored Map","Conspire","Friendly Minions","Gensokyo","Highlight Path","Hubris","Marisa（F雨　魔理沙）","Minty Spire (QoL Compilation)","Quick Restart","Reimu（博丽灵梦）","Relic Stats","Replay The Spire","RumiaBox-露米娅的神秘盒子","Spicy Shops","StSLib","The Servant 0.9.4","UnlockEverythingMod","Waifu the Spire","[功能]功能增强和修复MOD","vexMod","【功能Mod】Neow奖励","【功能Mod】混沌之环修复补丁","【遗物卡牌】REMEMod","没有小屋子和绿帽子啦"],"gold_per_floor":[110,110,42,42,42,74,91,126,126,145,145,176,193,79,79,181,181,193,60,80,80,92,122,139,167,167,192,207,207,226,253,253,351,351,370,16,16,16,36,63,63,90,90,102,128,140,115,140,140,140,140,140,10,39,99],"floor_reached":56,"playtime":5344,"items_purged":["Defend_S","hubris:Despair"],"score":1784,"play_id":"98da9dc1-dc86-4f1c-bc98-99618bcf7e65","local_time":"20201229123340","is_ascension_mode":true,"campfire_choices":[{"data":"Limit Break","floor":15.0,"key":"SMITH"},{"data":"KillingDoll","floor":32.0,"key":"SMITH"},{"data":"REME_FirmDetermination","floor":41.0,"key":"SMITH"},{"floor":49.0,"key":"RECALL"},{"data":"SoulSculpture","floor":52,"key":"SMITH"}],"circlet_count":0,"master_deck":["KidneyShot","Exchange","Limit Break+1","BottledTime","Gouge","FlawlessForm","Embodiment","Sabotage","BestPractice","MurderousAura","CommonCold","Rearm+1","Luminosity","Sabotage","DoubleEdge","KillingDoll+1","Solidify","SurpressingFire","LightFlow","Desolation","ManaConvection","Rewind+1","SoulSculpture+1","CurseOfTheBell","Starlight+1","REME_FirmDetermination+1","MurderousAura","BottledTime+1","Misdirection+1","Dilation","Sunlight","FastForward+1","SurpressingFire+1","ReplayTheSpireMod:Faulty Equipment","Solidify","Desolation"],"relics":["Uniform","REME_ComplimentaryCards","NeowsBlessing","hubris:Icosahedron","DALC_SIX","Question Card","REME_HandOfSuture","Ccalipers","vexMod:Spyglass","Kintsugi","vexMod:Cooldron","GodSword6","Kunai","Pen Nib","Eternal Feather","InkBottle","Calling Bell","Oddly Smooth Stone","Sundial","hubris:AstralHammer","BargainBundle","hubris:EmptyBottle","Replay:Rubber Ducky","RuthlessExorcism:ReiMu","Broom","ZombieArmy","ReplayTheSpireMod:TigerMarble","ReplayTheSpireMod:CursedCoin","REME_LimitBreaker","Onion Ring"],"acts_visited":["Exordium","TheCity","Gensokyo:Gensokyoest","TheEnding"],"potions_floor_usage":[50,50,50,50,50,50,50,50,50,50,54,54,54,55,55,55,55,55,55,55,55,55,55,55,55,55,55,55,55,55,55],"damage_taken":[{"damage":0.0,"enemies":"Small Slimes","floor":1.0,"turns":1.0},{"damage":0.0,"enemies":"3 Sentries","floor":6.0,"turns":1.0},{"damage":0.0,"enemies":"2 Louse","floor":7.0,"turns":1.0},{"damage":10.0,"enemies":"Lagavulin","floor":8.0,"turns":3.0},{"damage":0.0,"enemies":"Cultist","floor":10.0,"turns":2.0},{"damage":4.0,"enemies":"3 Sentries","floor":12.0,"turns":11.0},{"damage":20.0,"enemies":"Gremlin Gang","floor":13.0,"turns":5.0},{"damage":0.0,"enemies":"Hexaghost","floor":16.0,"turns":6.0},{"damage":4.0,"enemies":"Chosen","floor":18.0,"turns":7.0},{"damage":6.0,"enemies":"3 Byrds","floor":20.0,"turns":5.0},{"damage":6.0,"enemies":"3 Byrds","floor":22.0,"turns":4.0},{"damage":0.0,"enemies":"Slavers","floor":23.0,"turns":3.0},{"damage":12.0,"enemies":"Snake Plant","floor":24.0,"turns":4.0},{"damage":0.0,"enemies":"REME_1_Revenger","floor":25.0,"turns":4.0},{"damage":15.0,"enemies":"conspire:SneckoGhost","floor":27.0,"turns":5.0},{"damage":0.0,"enemies":"Centurion and Healer","floor":28.0,"turns":3.0},{"damage":3.0,"enemies":"3 Cultists","floor":30.0,"turns":3.0},{"damage":6.0,"enemies":"Book of Stabbing","floor":31.0,"turns":4.0},{"damage":12.0,"enemies":"Automaton","floor":33.0,"turns":8.0},{"damage":17.0,"enemies":"Gensokyo:AncientGuardian","floor":35.0,"turns":7.0},{"damage":4.0,"enemies":"Gensokyo:3_Boulders","floor":39.0,"turns":4.0},{"damage":0.0,"enemies":"Gensokyo:Marisa","floor":40.0,"turns":4.0},{"damage":16.0,"enemies":"Gensokyo:Kasen","floor":42.0,"turns":5.0},{"damage":0.0,"enemies":"Gensokyo:Dusk_and_Dawn","floor":44.0,"turns":4.0},{"damage":0.0,"enemies":"Gensokyo:Doremy","floor":45.0,"turns":5.0},{"damage":0.0,"enemies":"Gensokyo:4_Bats","floor":46.0,"turns":5.0},{"damage":1.0,"enemies":"Gensokyo:Kasen","floor":48.0,"turns":7.0},{"damage":0,"enemies":"Gensokyo:Shinki","floor":50,"turns":5},{"damage":26,"enemies":"Shield and Spear","floor":54,"turns":5},{"damage":5,"enemies":"The Heart","floor":55,"turns":6}],"seed_played":"-9004863640209437569","potions_obtained":[{"floor":6.0,"key":"Reflective Coating"},{"floor":7.0,"key":"DuplicationPotion"},{"floor":8.0,"key":"Flashbang"},{"floor":13.0,"key":"BlessingOfTheForge"},{"floor":18.0,"key":"GrandPatriotsElixir:ReiMu"},{"floor":20.0,"key":"EntropicBrew"},{"floor":24.0,"key":"EntropicBrew"},{"floor":25.0,"key":"EntropicBrew"},{"floor":28.0,"key":"EntropicBrew"},{"floor":31.0,"key":"EntropicBrew"},{"floor":39.0,"key":"EntropicBrew"},{"floor":42.0,"key":"EntropicBrew"},{"floor":45.0,"key":"EntropicBrew"},{"floor":46.0,"key":"EntropicBrew"},{"floor":48.0,"key":"EntropicBrew"},{"floor":54,"key":"EntropicBrew"}],"is_trial":false,"path_per_floor":["M","?","$","?","?","E","M","E","T","M","?","E","M","$","R","B",null,"M","$","M","$","M","E","M","E","T","E","M","?","M","E","R","B",null,"M","$","?","$","M","E","R","E","T","M","E","M","?","E","R_BF","B",null,"R","$","E","B",null],"character_chosen":"THE_SERVANT","items_purchased":["vexMod:Spyglass","SteroidPotion","vexMod:Cooldron","BargainBundle","REME_FirmDetermination","EntropicBrew","EntropicBrew","EntropicBrew","EntropicBrew","hubris:EmptyBottle","MurderousAura","ReplayTheSpireMod:CursedCoin","REME_LimitBreaker","Solidify"],"campfire_rested":0,"item_purchase_floors":[14,14,19,36,36,36,36,36,36,36,36,53,53,53],"current_hp_per_floor":[65,65,65,65,65,65,65,55,55,55,55,51,31,31,31,31,65,61,61,55,55,49,49,37,49,49,34,34,34,31,25,37,25,65,48,48,48,48,44,44,62,55,55,65,65,65,65,64,65,65,65,65,65,39,40],"gold":99,"neow_bonus":"THREE_ENEMY_KILL","is_daily":false,"chose_seed":false,"campfire_upgraded":4,"win_rate":0.0,"timestamp":1609216420,"path_taken":["M","?","$","?","?","E","?","E","T","?","?","E","?","?","R","BOSS","M","$","?","$","M","E","M","E","T","E","M","?","?","E","R","BOSS","M","$","?","$","M","E","R","E","T","?","E","?","?","E","R_BF","BOSS","R","$","E","BOSS"],"items_purchased_type":["Relic","Potion","Relic","Relic","Card","Potion","Potion","Potion","Potion","Relic","Card","Relic","Relic","Card"],"build_version":"2020-12-22","purchased_purges":2,"victory":true,"max_hp_per_floor":[65,65,65,65,65,65,65,65,65,65,65,65,65,65,65,65,65,65,65,65,65,65,65,65,65,65,65,65,65,65,65,65,65,65,65,65,65,65,65,65,65,65,65,65,65,65,65,65,65,65,65,65,65,65,65],"relic_stats":{"counters":[30,136],"Sundial":[6],"Eternal Feather":31,"Pen Nib":[13],"Kunai":[19],"Question Card":27,"obtain_stats":[{"Uniform":0,"Broom":45,"hubris:EmptyBottle":36,"vexMod:Spyglass":14,"Replay:Rubber Ducky":40,"hubris:Icosahedron":4,"Ccalipers":12,"Sundial":34,"hubris:AstralHammer":34,"Kunai":25,"InkBottle":31,"ZombieArmy":47,"BargainBundle":36,"NeowsBlessing":0,"ReplayTheSpireMod:CursedCoin":53,"DALC_SIX":6,"Oddly Smooth Stone":34,"Eternal Feather":27,"Pen Nib":26,"REME_LimitBreaker":53,"Question Card":8,"Calling Bell":34,"vexMod:Cooldron":19,"Onion Ring":54,"REME_HandOfSuture":9,"GodSword6":23,"ReplayTheSpireMod:TigerMarble":48,"Kintsugi":17,"REME_ComplimentaryCards":0,"RuthlessExorcism:ReiMu":42},{"Uniform":0,"Broom":25,"hubris:EmptyBottle":20,"vexMod:Spyglass":7,"Replay:Rubber Ducky":22,"hubris:Icosahedron":1,"Ccalipers":6,"Sundial":19,"hubris:AstralHammer":19,"Kunai":14,"InkBottle":18,"ZombieArmy":26,"BargainBundle":20,"NeowsBlessing":0,"ReplayTheSpireMod:CursedCoin":28,"DALC_SIX":2,"Oddly Smooth Stone":19,"Eternal Feather":15,"Pen Nib":14,"REME_LimitBreaker":28,"Question Card":4,"Calling Bell":19,"vexMod:Cooldron":9,"Onion Ring":29,"REME_HandOfSuture":4,"GodSword6":12,"ReplayTheSpireMod:TigerMarble":27,"Kintsugi":8,"REME_ComplimentaryCards":0,"RuthlessExorcism:ReiMu":23},{"Uniform":0,"Broom":108,"hubris:EmptyBottle":87,"vexMod:Spyglass":24,"Replay:Rubber Ducky":95,"hubris:Icosahedron":1,"Ccalipers":19,"Sundial":80,"hubris:AstralHammer":80,"Kunai":57,"InkBottle":72,"ZombieArmy":113,"BargainBundle":87,"NeowsBlessing":0,"ReplayTheSpireMod:CursedCoin":125,"DALC_SIX":2,"Oddly Smooth Stone":80,"Eternal Feather":62,"Pen Nib":57,"REME_LimitBreaker":125,"Question Card":6,"Calling Bell":80,"vexMod:Cooldron":37,"Onion Ring":130,"REME_HandOfSuture":6,"GodSword6":49,"ReplayTheSpireMod:TigerMarble":120,"Kintsugi":30,"REME_ComplimentaryCards":0,"RuthlessExorcism:ReiMu":100}],"InkBottle":[31]},"card_choices":[{"not_picked":["Rewind","Revamp"],"picked":"BottledTime","floor":1.0},{"not_picked":["Misdirection","Ricochet"],"picked":"Gouge","floor":6.0},{"not_picked":["ReturningBlade","BottledTime"],"picked":"FlawlessForm","floor":7.0},{"not_picked":["Defy","ShatteredReality","Unruled"],"picked":"SKIP","floor":8.0},{"not_picked":["Alleviate","ShatteredReality","Misdirection","FastForward"],"picked":"SKIP","floor":10.0},{"not_picked":["Advance","Foresight","DoubleEdge"],"picked":"Sabotage","floor":12.0},{"not_picked":["Barrier","ShatteredReality","Starlight"],"picked":"BestPractice","floor":13.0},{"not_picked":["ForgedInTime","PendulumOfEternity","Deny"],"picked":"MurderousAura","floor":16.0},{"not_picked":["ReturningBlade+1","WasteNot+1","Starlight"],"picked":"Rearm+1","floor":18.0},{"not_picked":["Unruled","Shuttle","SpecialFormula+1"],"picked":"Luminosity","floor":20.0},{"not_picked":["TimeWarp","Barrier","Unruled","Hightail"],"picked":"SKIP","floor":22.0},{"not_picked":["Rewind","Reset+1","ReturningBlade"],"picked":"Solidify","floor":23.0},{"not_picked":["ShiftingGears+1","FanOfKnives","DoubleEdge"],"picked":"SurpressingFire","floor":24.0},{"not_picked":["ShatteredReality+1","BottledTime+1","ReturningBlade"],"picked":"LightFlow","floor":25.0},{"not_picked":["ReturningBlade","Alleviate","TimeWarp","WasteNot+1"],"picked":"SKIP","floor":27.0},{"not_picked":["ReturningBlade+1","Ricochet","ShatteredReality"],"picked":"Desolation","floor":28.0},{"not_picked":["ReturningBlade","ShiftingGears","Ricochet","FastForward"],"picked":"SKIP","floor":30.0},{"not_picked":["BottledTime","FanOfKnives","ShatteredReality"],"picked":"Rewind+1","floor":31.0},{"not_picked":["KillingDoll","Sunlight","Dilation"],"picked":"SoulSculpture","floor":33.0},{"not_picked":["Defy+1","Revamp","Reset+1"],"picked":"Starlight+1","floor":35.0},{"not_picked":["Revamp+1","Potential","FanOfKnives+1"],"picked":"BottledTime+1","floor":39.0},{"not_picked":["BottledTime","Defy+1","ReturningBlade"],"picked":"Misdirection+1","floor":40.0},{"not_picked":["Gouge","BottledTime","GearUp+1"],"picked":"Dilation","floor":42.0},{"not_picked":["Read","Collapse","TimeWarp+1"],"picked":"InstantArmor+1","floor":44.0},{"not_picked":["DoubleEdge+1","Defy","Manipulate+1"],"picked":"Sunlight","floor":45.0},{"not_picked":["Starlight","WasteNot","Unruled"],"picked":"FastForward+1","floor":46.0},{"not_picked":["FastForward","RealityMarble+1","Revamp+1"],"picked":"SurpressingFire+1","floor":48.0},{"not_picked":["Rewind+1","Spin+1","Contraction"],"picked":"Desolation","floor":54}],"player_experience":49237,"relics_obtained":[{"floor":6.0,"key":"DALC_SIX"},{"floor":8.0,"key":"Question Card"},{"floor":9.0,"key":"REME_HandOfSuture"},{"floor":12.0,"key":"Ccalipers"},{"floor":23.0,"key":"GodSword6"},{"floor":25.0,"key":"Kunai"},{"floor":26.0,"key":"Pen Nib"},{"floor":27.0,"key":"Eternal Feather"},{"floor":31.0,"key":"InkBottle"},{"floor":34.0,"key":"Oddly Smooth Stone"},{"floor":34.0,"key":"Sundial"},{"floor":34.0,"key":"hubris:AstralHammer"},{"floor":40.0,"key":"Replay:Rubber Ducky"},{"floor":42.0,"key":"RuthlessExorcism:ReiMu"},{"floor":45.0,"key":"Broom"},{"floor":48.0,"key":"ReplayTheSpireMod:TigerMarble"},{"floor":54,"key":"Onion Ring"}],"event_choices":[{"cards_removed":["Defend_S"],"damage_healed":0.0,"max_hp_gain":0.0,"max_hp_loss":0.0,"gold_gain":0.0,"event_name":"Living Wall","player_choice":"Forget","floor":2.0,"gold_loss":0.0,"damage_taken":0.0},{"cards_removed":["Strike_S"],"damage_healed":0.0,"max_hp_gain":0.0,"max_hp_loss":0.0,"gold_gain":0.0,"event_name":"Purifier","player_choice":"Purged","floor":5.0,"gold_loss":0.0,"damage_taken":0.0},{"damage_healed":0.0,"max_hp_gain":0.0,"max_hp_loss":0.0,"gold_gain":0.0,"event_name":"Match and Keep!","player_choice":"1 cards matched","floor":11.0,"gold_loss":0.0,"damage_taken":0.0,"cards_obtained":["Embodiment"]},{"damage_healed":0.0,"max_hp_gain":0.0,"max_hp_loss":0.0,"gold_gain":0.0,"event_name":"Match and Keep!","player_choice":"3 cards matched","floor":20.0,"gold_loss":0.0,"damage_taken":0.0,"cards_obtained":["Sabotage","DoubleEdge","KillingDoll"]},{"damage_healed":0.0,"max_hp_gain":0.0,"max_hp_loss":0.0,"gold_gain":0.0,"event_name":"The Library","player_choice":"Read","floor":29.0,"gold_loss":0.0,"damage_taken":0.0,"cards_obtained":["ManaConvection"]}],"is_beta":false,"boss_relics":[{"not_picked":["vexMod:MegatonBomb","Philosopher\u0027s Stone"],"picked":"Kintsugi"},{"not_picked":["hubris:VirtuousBlindfold","Replay:Ancient Bell"],"picked":"Calling Bell"}],"items_purged_floors":[3,36],"is_endless":false,"potions_floor_spawned":[6,7,8,13,18,20,24,25,28,31,39,42,45,46,48,54],"ascension_level":3}}