{"host":"m1ntkrf87179kmo6","time":1609262268,"event":{"mods":["BaseMod","Better Third Choice","Minty Spire (QoL Compilation)","Shade Mod","StSLib"],"gold_per_floor":[117,137,157,157,157,157,198,250,250,32,32,56,75,98,98,227,227,247,247,247,247,263,263,9,9,9,0,25,39,39,60,60,186,186,205,115,133,61,38,38,78,78,102,115,0,21,21,21,21,21,21],"floor_reached":50,"playtime":4259,"items_purged":["Injury","Writhe"],"score":470,"play_id":"1bfbd368-5b9f-458a-8f2b-1b89c7ae9e64","local_time":"20201229121748","is_ascension_mode":false,"campfire_choices":[{"data":"Shade:TouchOfTheGrave","floor":6.0,"key":"SMITH"},{"floor":11.0,"key":"REST"},{"floor":15.0,"key":"RECALL"},{"data":"Shade:Premonition","floor":23.0,"key":"SMITH"},{"data":"Shade:GreyBargain","floor":25.0,"key":"SMITH"},{"data":"Shade:AnimateDead","floor":30.0,"key":"SMITH"},{"data":"Shade:AncientSpear","floor":32.0,"key":"SMITH"},{"data":"Shade:Bite_Shade","floor":40.0,"key":"SMITH"},{"data":"Shade:FleshToFlesh","floor":42,"key":"SMITH"},{"floor":49,"key":"REST"}],"circlet_count":0,"master_deck":["Shade:Strike_Shade+1","Shade:Strike_Shade+1","Shade:Strike_Shade+1","Shade:Defend_Shade+1","Shade:Defend_Shade+1","Shade:Defend_Shade+1","Shade:Defend_Shade+1","Shade:AnimateDead+1","Shade:CarefulCut","Shade:AncientSpear+1","Shade:Excise+1","Shade:TouchOfTheGrave+1","Shade:GreyBargain+1","Shade:Bite_Shade+1","Shade:Premonition+1","Shade:FleshToFlesh","Shade:FleshToFlesh+1","Shade:AncientSpear+1","Shade:AblativeArmor","Shade:FuneraryArmor","Madness","Madness"],"relics":["Shade:YorickSkull","Anchor","Golden Idol","Whetstone","Blood Vial","CaptainsWheel","Busted Crown","Toy Ornithopter","Oddly Smooth Stone","Mummified Hand","SlaversCollar","Frozen Egg 2","Red Mask"],"acts_visited":["Exordium","TheCity","TheBeyond"],"potions_floor_usage":[41,50,50],"damage_taken":[{"damage":0.0,"enemies":"Jaw Worm","floor":1.0,"turns":3.0},{"damage":0.0,"enemies":"Cultist","floor":2.0,"turns":3.0},{"damage":0.0,"enemies":"Small Slimes","floor":3.0,"turns":2.0},{"damage":11.0,"enemies":"Lagavulin","floor":7.0,"turns":4.0},{"damage":1.0,"enemies":"2 Fungi Beasts","floor":12.0,"turns":4.0},{"damage":0.0,"enemies":"Large Slime","floor":13.0,"turns":3.0},{"damage":0.0,"enemies":"3 Louse","floor":14.0,"turns":4.0},{"damage":41.0,"enemies":"Slime Boss","floor":16.0,"turns":17.0},{"damage":0.0,"enemies":"Spheric Guardian","floor":18.0,"turns":4.0},{"damage":0.0,"enemies":"Shell Parasite","floor":22.0,"turns":4.0},{"damage":0.0,"enemies":"Snecko","floor":28.0,"turns":4.0},{"damage":0.0,"enemies":"Shelled Parasite and Fungi","floor":29.0,"turns":5.0},{"damage":0.0,"enemies":"Sentry and Sphere","floor":31.0,"turns":5.0},{"damage":16.0,"enemies":"Collector","floor":33.0,"turns":12.0},{"damage":3.0,"enemies":"3 Shapes","floor":35.0,"turns":4.0},{"damage":0.0,"enemies":"Orb Walker","floor":37.0,"turns":3.0},{"damage":20,"enemies":"Reptomancer","floor":41,"turns":9},{"damage":3,"enemies":"4 Shapes","floor":44,"turns":6},{"damage":0,"enemies":"Sphere and 2 Shapes","floor":46,"turns":7},{"damage":91,"enemies":"Donu and Deca","floor":50,"turns":12}],"seed_played":"-7654428287794583846","potions_obtained":[{"floor":1.0,"key":"SpeedPotion"},{"floor":7.0,"key":"FearPotion"},{"floor":12.0,"key":"Ancient Potion"},{"floor":16.0,"key":"Regen Potion"},{"floor":22.0,"key":"Dexterity Potion"},{"floor":28.0,"key":"LiquidBronze"},{"floor":37.0,"key":"SteroidPotion"},{"floor":41,"key":"Ancient Potion"}],"is_trial":false,"path_per_floor":["M","M","M","?","?","R","E","T","T","$","R","M","M","M","R","B",null,"M","?","?","?","M","R","$","R","T","?","M","M","R","M","R","B",null,"M","?","M","$","$","R","E","R","T","M","?","M","?","$","R","B"],"character_chosen":"SHADE","items_purchased":["Shade:Bite_Shade","Shade:Premonition","Shade:FleshToFlesh","Oddly Smooth Stone","Ancient Potion","Shade:FuneraryArmor"],"campfire_rested":2,"item_purchase_floors":[10,10,10,24,38,39],"current_hp_per_floor":[65,65,65,65,52,52,41,41,41,41,60,63,65,65,65,26,65,65,65,65,65,65,65,65,65,65,65,65,65,65,65,65,53,65,62,62,64,64,64,64,51,51,51,53,53,58,50,50,65,0,0],"gold":21,"neow_bonus":"RANDOM_COMMON_RELIC","is_daily":false,"chose_seed":false,"campfire_upgraded":7,"win_rate":0.0,"timestamp":1609262268,"path_taken":["M","M","M","?","?","R","E","?","T","$","R","M","?","M","R","BOSS","M","?","?","?","M","R","$","R","T","?","M","M","R","M","R","BOSS","M","?","M","?","$","R","E","R","T","?","?","M","?","?","R","BOSS"],"items_purchased_type":["Card","Card","Card","Relic","Potion","Card"],"build_version":"2020-12-22","purchased_purges":2,"victory":false,"max_hp_per_floor":[65,65,65,65,65,65,65,65,65,65,65,65,65,65,65,65,65,65,65,65,65,65,65,65,65,65,65,65,65,65,65,65,65,65,65,65,65,65,65,65,65,65,65,65,65,65,65,65,65,65,65],"card_choices":[{"not_picked":["Shade:PoundOfFlesh","Shade:CommandSoldier"],"picked":"Shade:AncientSpear","floor":1.0},{"not_picked":["Shade:BoneShards","Shade:CommandSoldier"],"picked":"Shade:Excise","floor":2.0},{"not_picked":["Shade:FuneraryArmor","Shade:DangerousRitual"],"picked":"Shade:TouchOfTheGrave","floor":3.0},{"not_picked":["Shade:OneIsEnough","Shade:Premonition"],"picked":"Shade:GreyBargain","floor":7.0},{"not_picked":["Shade:ScuttlingHand","Shade:Trample","Shade:GraveStillness"],"picked":"SKIP","floor":12.0},{"not_picked":["Shade:Trample","Shade:GraveStillness"],"picked":"Shade:FleshToFlesh","floor":13.0},{"not_picked":["Shade:GreaterAnimation","Shade:CommandSoldier","Shade:Bonestorm"],"picked":"SKIP","floor":14.0},{"not_picked":["Shade:WallOfFlesh"],"picked":"SKIP","floor":18.0},{"not_picked":["Shade:CoffinDance"],"picked":"SKIP","floor":22.0},{"not_picked":["Shade:DangerousRitual"],"picked":"SKIP","floor":28.0},{"not_picked":["Shade:WallOfFlesh"],"picked":"SKIP","floor":29.0},{"not_picked":[],"picked":"Shade:AncientSpear","floor":31.0},{"not_picked":[],"picked":"Shade:AblativeArmor","floor":35.0},{"not_picked":["Shade:FreshBones"],"picked":"SKIP","floor":37.0},{"not_picked":["Shade:LyeBath+1"],"picked":"SKIP","floor":41},{"not_picked":["Shade:Trample+1"],"picked":"SKIP","floor":44},{"not_picked":["Shade:Doomsay+1"],"picked":"SKIP","floor":46}],"player_experience":1148841,"relics_obtained":[{"floor":7.0,"key":"Whetstone"},{"floor":8.0,"key":"Blood Vial"},{"floor":9.0,"key":"CaptainsWheel"},{"floor":26.0,"key":"Mummified Hand"},{"floor":41,"key":"Frozen Egg 2"}],"event_choices":[{"damage_healed":0.0,"max_hp_gain":0.0,"max_hp_loss":0.0,"gold_gain":0.0,"event_name":"Golden Idol","player_choice":"Take Wound","floor":4.0,"gold_loss":0.0,"damage_taken":0.0,"relics_obtained":["Golden Idol"],"cards_obtained":["Injury"]},{"damage_healed":65.0,"max_hp_gain":0.0,"max_hp_loss":65.0,"gold_gain":0.0,"event_name":"betterThird:BetterShining","player_choice":"Upgrade","floor":5.0,"gold_loss":0.0,"damage_taken":13.0,"cards_upgraded":["Shade:AncientSpear","Shade:Defend_Shade"]},{"damage_healed":0.0,"max_hp_gain":0.0,"max_hp_loss":0.0,"gold_gain":0.0,"event_name":"The Mausoleum","player_choice":"Opened","floor":19.0,"gold_loss":0.0,"damage_taken":0.0,"relics_obtained":["Toy Ornithopter"],"cards_obtained":["Writhe"]},{"damage_healed":0.0,"max_hp_gain":0.0,"max_hp_loss":0.0,"gold_gain":0.0,"event_name":"Ghosts","player_choice":"Ignored","floor":20.0,"gold_loss":0.0,"damage_taken":0.0},{"damage_healed":0.0,"max_hp_gain":0.0,"max_hp_loss":5.0,"gold_gain":0.0,"event_name":"betterThird:BetterWriting","player_choice":"Simplicity","floor":21.0,"gold_loss":0.0,"damage_taken":0.0},{"damage_healed":0.0,"max_hp_gain":0.0,"max_hp_loss":0.0,"gold_gain":0.0,"event_name":"Masked Bandits","player_choice":"Paid Fearfully","floor":27.0,"gold_loss":9.0,"damage_taken":0.0},{"cards_removed":["Shade:Strike_Shade"],"damage_healed":0.0,"max_hp_gain":0.0,"max_hp_loss":0.0,"gold_gain":0.0,"event_name":"Designer","player_choice":"Upgrade and Remove","floor":36.0,"gold_loss":90.0,"damage_taken":0.0,"cards_upgraded":["Shade:Excise"]},{"damage_healed":0,"gold_gain":0,"player_choice":"Paid","damage_taken":0,"relics_obtained":["Red Mask"],"max_hp_gain":0,"max_hp_loss":0,"event_name":"Tomb of Lord Red Mask","floor":45,"gold_loss":115},{"damage_healed":0,"gold_gain":0,"player_choice":"Embrace Madness","damage_taken":8,"max_hp_gain":0,"max_hp_loss":0,"event_name":"Winding Halls","floor":47,"gold_loss":0,"cards_obtained":["Madness","Madness"]}],"is_beta":false,"boss_relics":[{"not_picked":["Sozu","Fusion Hammer"],"picked":"Busted Crown"},{"not_picked":["Snecko Eye","Empty Cage"],"picked":"SlaversCollar"}],"items_purged_floors":[10,24],"is_endless":false,"potions_floor_spawned":[1,7,12,14,16,22,28,37,41,44],"killed_by":"Donu and Deca","ascension_level":0}}