{"host":"dcj2yvrgcvh5dl2s","time":1609219412,"event":{"mods":["BaseMod","Better Note","Block Reminder","Colored Powertips","DeckTracker","Minty Spire (QoL Compilation)","Quick Restart","Rare Cards Sparkle","Relic Stats","StSLib"],"gold_per_floor":[112,132,132,142,155,155,155,155],"floor_reached":7,"playtime":280,"items_purged":[],"score":82,"play_id":"9a7ccaee-98a4-4d4a-b822-cbc1e7da8c92","local_time":"20201229152332","is_ascension_mode":true,"campfire_choices":[{"data":"Heavy Blade","floor":6,"key":"SMITH"}],"circlet_count":0,"master_deck":["AscendersBane","Strike_R","Strike_R","Strike_R","Strike_R","Strike_R","Defend_R","Defend_R","Defend_R","Defend_R","Bash","Heavy Blade+1","Pummel"],"relics":["Burning Blood","NeowsBlessing","Pen Nib"],"acts_visited":["Exordium"],"potions_floor_usage":[],"damage_taken":[{"damage":0,"enemies":"Jaw Worm","floor":1,"turns":1},{"damage":0,"enemies":"Cultist","floor":2,"turns":1},{"damage":0,"enemies":"2 Louse","floor":4,"turns":1},{"damage":34,"enemies":"Lots of Slimes","floor":5,"turns":6},{"damage":60,"enemies":"Lagavulin","floor":7,"turns":7}],"seed_played":"-4199924864174219737","potions_obtained":[{"floor":1,"key":"GamblersBrew"},{"floor":5,"key":"Explosive Potion"}],"is_trial":false,"path_per_floor":["M","M","?","M","M","R","E"],"character_chosen":"IRONCLAD","items_purchased":[],"campfire_rested":0,"item_purchase_floors":[],"current_hp_per_floor":[74,75,75,75,47,47,0,0],"gold":155,"neow_bonus":"THREE_ENEMY_KILL","is_daily":false,"chose_seed":false,"campfire_upgraded":1,"win_rate":0.0,"timestamp":1609219412,"path_taken":["M","M","?","M","M","R","E"],"items_purchased_type":[],"build_version":"2020-12-22","purchased_purges":0,"victory":false,"max_hp_per_floor":[75,75,75,75,75,75,75,75],"relic_stats":{"counters":[5,16],"Pen Nib":[2],"obtain_stats":[{"NeowsBlessing":0,"Pen Nib":3,"Burning Blood":0},{"NeowsBlessing":0,"Pen Nib":2,"Burning Blood":0},{"NeowsBlessing":0,"Pen Nib":2,"Burning Blood":0}],"Burning Blood":13},"card_choices":[{"not_picked":["Flame Barrier","Clothesline"],"picked":"True Grit","floor":1},{"not_picked":["Burning Pact","Power Through","Warcry"],"picked":"SKIP","floor":2},{"not_picked":["Armaments","Wild Strike"],"picked":"Heavy Blade","floor":4},{"not_picked":["Headbutt","Corruption"],"picked":"Pummel","floor":5}],"player_experience":2099520,"relics_obtained":[],"event_choices":[{"cards_removed":["True Grit"],"damage_healed":0,"gold_gain":0,"player_choice":"Gave Card","damage_taken":0,"relics_obtained":["Pen Nib"],"max_hp_gain":0,"max_hp_loss":0,"event_name":"WeMeetAgain","floor":3,"gold_loss":0}],"is_beta":false,"boss_relics":[],"items_purged_floors":[],"is_endless":false,"potions_floor_spawned":[1,5],"killed_by":"Lagavulin","ascension_level":18}}