{"host":"k4et7hlhlqy8fuoz","time":1609248899,"event":{"mods":["2.2 Compatiblity","AchievementEnabler","BaseMod","Colored Map","DeckTracker","Highlight Path","Minty Spire (QoL Compilation)","Random Character Button","Rare Cards Sparkle"],"gold_per_floor":[366,383,9,25,43,43,218,231,276,276,276,286,24,50,50,70,70],"floor_reached":16,"playtime":897,"items_purged":["Shame","Doubt"],"score":102,"play_id":"0678e7b8-0495-424a-9fc7-e468069e4f1f","local_time":"20201229143459","is_ascension_mode":false,"campfire_choices":[{"data":"Searing Blow","floor":6,"key":"SMITH"},{"floor":11,"key":"REST"},{"floor":15,"key":"REST"}],"circlet_count":0,"master_deck":["Strike_R","Strike_R","Strike_R","Strike_R","Strike_R","Defend_R","Defend_R","Defend_R","Defend_R","Bash","Blood for Blood","Searing Blow+1","Transmutation","Impatience","Thunderclap","Cleave","Armaments","Thunderclap","Headbutt","Shockwave","Rage","Iron Wave","Perfected Strike"],"relics":["Burning Blood","Centennial Puzzle","Paper Frog"],"acts_visited":["Exordium"],"potions_floor_usage":[],"damage_taken":[{"damage":8,"enemies":"Small Slimes","floor":1,"turns":4},{"damage":22,"enemies":"Jaw Worm","floor":2,"turns":5},{"damage":5,"enemies":"Cultist","floor":4,"turns":4},{"damage":12,"enemies":"Large Slime","floor":5,"turns":5},{"damage":28,"enemies":"Gremlin Gang","floor":8,"turns":5},{"damage":20,"enemies":"Exordium Thugs","floor":12,"turns":4},{"damage":32,"enemies":"Lagavulin","floor":14,"turns":7},{"damage":43,"enemies":"Slime Boss","floor":16,"turns":8}],"seed_played":"6401307733529370261","potions_obtained":[{"floor":1,"key":"SpeedPotion"},{"floor":5,"key":"FearPotion"},{"floor":12,"key":"Dexterity Potion"}],"is_trial":false,"path_per_floor":["M","M","$","M","M","R","?","M","T","?","R","M","$","E","R","B"],"character_chosen":"IRONCLAD","items_purchased":["Transmutation","Impatience","Thunderclap","Shockwave","Rage","Iron Wave"],"campfire_rested":2,"item_purchase_floors":[3,3,3,13,13,13],"current_hp_per_floor":[78,62,62,63,57,57,57,35,35,35,59,45,45,19,43,0,0],"gold":70,"neow_bonus":"TWO_FIFTY_GOLD","is_daily":false,"chose_seed":false,"campfire_upgraded":1,"win_rate":0.0,"timestamp":1609248899,"path_taken":["M","M","$","M","M","R","?","M","T","?","R","M","$","E","R","BOSS"],"items_purchased_type":["Card","Card","Card","Card","Card","Card"],"build_version":"2020-12-22","purchased_purges":2,"victory":false,"max_hp_per_floor":[80,80,80,80,80,80,80,80,80,80,80,80,80,80,80,80,80],"card_choices":[{"not_picked":["Pommel Strike","Armaments"],"picked":"Blood for Blood","floor":1},{"not_picked":["Sword Boomerang","Pommel Strike"],"picked":"Searing Blow","floor":2},{"not_picked":["Shrug It Off","Pommel Strike"],"picked":"Cleave","floor":4},{"not_picked":["Feel No Pain","Thunderclap"],"picked":"Armaments","floor":5},{"not_picked":["Burning Pact","Second Wind"],"picked":"Thunderclap","floor":8},{"not_picked":["Brutality","Clash"],"picked":"Headbutt","floor":12},{"not_picked":["Iron Wave","Armaments"],"picked":"Perfected Strike","floor":14}],"player_experience":30468,"relics_obtained":[{"floor":9,"key":"Centennial Puzzle"},{"floor":14,"key":"Paper Frog"}],"event_choices":[{"damage_healed":0,"gold_gain":175,"player_choice":"AGREE","damage_taken":0,"max_hp_gain":0,"max_hp_loss":0,"event_name":"Liars Game","floor":7,"gold_loss":0,"cards_obtained":["Doubt"]},{"damage_healed":0,"gold_gain":0,"player_choice":"Ignored","damage_taken":0,"max_hp_gain":0,"max_hp_loss":0,"event_name":"Golden Idol","floor":10,"gold_loss":0}],"is_beta":false,"boss_relics":[],"items_purged_floors":[3,13],"is_endless":false,"potions_floor_spawned":[1,5,12],"killed_by":"Slime Boss","ascension_level":0}}