{"host":"9gczkbtdkbhjojey","time":1609246817,"event":{"mods":["BaseMod","Colored Map","Minty Spire (QoL Compilation)","Quick Restart","StSLib","[功能]功能增强和修复MOD"],"gold_per_floor":[109,109,94,94,94,105,102,133,133,133,113,113,113,146,146,247,247,261,316,311,321,311,311,311,325,325,325,325,325,352,347,347,451,451,467,467,467,480,480,480,530,530,576,576,605,660,655,680,680,680,680,680,680,712,712],"floor_reached":56,"playtime":1405,"items_purged":["Strike_R","Strike_R","Defend_R","Defend_R","Inflame","Defend_R","Strike_R","Strike_R","Strike_R+1","Defend_R","Cleave","Inflame","Injury"],"score":1551,"play_id":"d67c16e8-8af9-4d49-9ed1-84204327b411","local_time":"20201229210017","is_ascension_mode":true,"campfire_choices":[{"floor":13.0,"key":"RECALL"},{"data":"Inflame","floor":15.0,"key":"SMITH"},{"data":"Heavy Blade","floor":23.0,"key":"SMITH"},{"data":"Heavy Blade","floor":27.0,"key":"SMITH"},{"data":"Limit Break","floor":29.0,"key":"SMITH"},{"data":"Battle Trance","floor":32.0,"key":"SMITH"},{"data":"Double Tap","floor":40.0,"key":"SMITH"},{"floor":42.0,"key":"REST"},{"floor":44.0,"key":"REST"},{"floor":49.0,"key":"REST"},{"floor":52.0,"key":"REST"}],"circlet_count":0,"master_deck":["Bash+1","Inflame+1","Limit Break+1","Shrug It Off+1","Shrug It Off+1","Limit Break+1","Heavy Blade+1","Battle Trance+1","Heavy Blade+1","Bloodletting+1","Double Tap+1"],"relics":["Burning Blood","NeowsBlessing","Lantern","Nunchaku","Omamori","Lizard Tail","DollysMirror","Champion Belt","Blood Vial","Membership Card","Whetstone","Vajra","PreservedInsect","ClockworkSouvenir","Pen Nib","Cursed Key","Red Skull","Lee\u0027s Waffle","Letter Opener","War Paint","Orichalcum","Question Card","Medical Kit","Juzu Bracelet","Happy Flower","Sundial","Bag of Marbles","Strawberry","TheAbacus","Potion Belt","Paper Frog","Art of War","Cauldron","Philosopher\u0027s Stone","InkBottle","Bird Faced Urn","Toolbox","Self Forming Clay","Oddly Smooth Stone","Orrery","CaptainsWheel","Toy Ornithopter","MealTicket","Ice Cream","Calipers","FossilizedHelix","HandDrill","Boot","Anchor","OrangePellets","Eternal Feather","Pocketwatch"],"acts_visited":["Exordium","TheCity","TheBeyond","TheEnding"],"potions_floor_usage":[55,55],"damage_taken":[{"damage":0.0,"enemies":"Small Slimes","floor":1.0,"turns":1.0},{"damage":0.0,"enemies":"Jaw Worm","floor":6.0,"turns":1.0},{"damage":0.0,"enemies":"3 Sentries","floor":8.0,"turns":2.0},{"damage":2.0,"enemies":"Lagavulin","floor":14.0,"turns":5.0},{"damage":27.0,"enemies":"Slime Boss","floor":16.0,"turns":5.0},{"damage":3.0,"enemies":"Spheric Guardian","floor":18.0,"turns":3.0},{"damage":3.0,"enemies":"Shell Parasite","floor":21.0,"turns":3.0},{"damage":3.0,"enemies":"Centurion and Healer","floor":25.0,"turns":3.0},{"damage":21.0,"enemies":"Slavers","floor":30.0,"turns":5.0},{"damage":26.0,"enemies":"Collector","floor":33.0,"turns":3.0},{"damage":0.0,"enemies":"3 Shapes","floor":35.0,"turns":2.0},{"damage":0.0,"enemies":"3 Darklings","floor":38.0,"turns":2.0},{"damage":0.0,"enemies":"Mind Bloom Boss Battle","floor":41.0,"turns":1.0},{"damage":3.0,"enemies":"Reptomancer","floor":45.0,"turns":1.0},{"damage":3.0,"enemies":"2 Orb Walkers","floor":46.0,"turns":1.0},{"damage":0.0,"enemies":"Nemesis","floor":48.0,"turns":1.0},{"damage":0.0,"enemies":"Time Eater","floor":50.0,"turns":1.0},{"damage":0.0,"enemies":"Shield and Spear","floor":54.0,"turns":1.0},{"damage":35,"enemies":"The Heart","floor":55,"turns":3}],"seed_played":"-3790901828007583626","potions_obtained":[{"floor":1.0,"key":"SkillPotion"},{"floor":6.0,"key":"Dexterity Potion"},{"floor":16.0,"key":"Weak Potion"},{"floor":30.0,"key":"DistilledChaos"},{"floor":31.0,"key":"SmokeBomb"},{"floor":35.0,"key":"Fruit Juice"}],"is_trial":false,"path_per_floor":["M","?","$","?","$","M","$","E","T","?","$","?","R","E","R","B",null,"M","T","$","M","$","R","$","M","T","R","$","R","E","$","R","B",null,"M","$","?","M","$","R","?","R","T","R","E","?","$","E","R","B",null,"R","$","E","B",null],"character_chosen":"IRONCLAD","items_purchased":["Lantern","Nunchaku","Omamori","Lizard Tail","Inflame","DollysMirror","Champion Belt","Blood Vial","Membership Card","Limit Break","Inflame","Shrug It Off","Vajra","PreservedInsect","ClockworkSouvenir","Limit Break","Cleave","Lee\u0027s Waffle","Letter Opener","War Paint","Orichalcum","Question Card","Medical Kit","Double Tap","Juzu Bracelet","Happy Flower","Heavy Blade","Bag of Marbles","Strawberry","TheAbacus","Paper Frog","Art of War","Cauldron","InkBottle","Bird Faced Urn","Toolbox","Strength Potion","Self Forming Clay","Oddly Smooth Stone","Orrery","Calipers","FossilizedHelix","HandDrill","Anchor","OrangePellets","Eternal Feather"],"campfire_rested":4,"item_purchase_floors":[3,3,5,5,5,5,7,7,7,7,7,7,11,11,11,11,11,20,20,20,22,22,22,22,24,24,24,28,28,28,31,31,31,36,36,36,36,39,39,39,47,47,47,53,53,53],"current_hp_per_floor":[80,85,85,85,85,85,85,85,85,85,85,85,85,85,85,64,85,85,85,92,92,92,92,92,92,92,92,99,99,84,84,84,66,99,104,104,104,104,104,104,104,104,104,104,104,104,104,104,104,104,104,104,104,104,75],"gold":712,"neow_bonus":"THREE_ENEMY_KILL","is_daily":false,"chose_seed":false,"campfire_upgraded":6,"win_rate":0.0,"timestamp":1609246817,"path_taken":["M","?","$","?","$","M","$","E","T","?","$","?","R","E","R","BOSS","M","?","$","M","$","R","?","M","T","R","$","R","E","$","R","BOSS","M","$","?","M","$","R","?","R","T","R","E","?","$","E","R","BOSS","R","$","E","BOSS"],"items_purchased_type":["Relic","Relic","Relic","Relic","Card","Relic","Relic","Relic","Relic","Card","Card","Card","Relic","Relic","Relic","Card","Card","Relic","Relic","Relic","Relic","Relic","Relic","Card","Relic","Relic","Card","Relic","Relic","Relic","Relic","Relic","Relic","Relic","Relic","Relic","Potion","Relic","Relic","Relic","Relic","Relic","Relic","Relic","Relic","Relic"],"build_version":"2020-12-22","purchased_purges":13,"victory":true,"max_hp_per_floor":[80,85,85,85,85,85,85,85,85,85,85,85,85,85,85,85,85,85,85,92,92,92,92,92,92,92,92,99,99,99,99,99,99,99,104,104,104,104,104,104,104,104,104,104,104,104,104,104,104,104,104,104,104,104,104],"card_choices":[{"not_picked":["Clash","Wild Strike","Pommel Strike"],"picked":"SKIP","floor":1.0},{"not_picked":["Searing Blow","Headbutt","Clash"],"picked":"SKIP","floor":6.0},{"not_picked":["Infernal Blade","Power Through"],"picked":"Shrug It Off","floor":8.0},{"not_picked":["Pommel Strike","Anger","Clash"],"picked":"SKIP","floor":14.0},{"not_picked":["Power Through+1","Feel No Pain"],"picked":"Heavy Blade","floor":18.0},{"not_picked":["Thunderclap","Shrug It Off"],"picked":"Battle Trance","floor":21.0},{"not_picked":["Iron Wave","Perfected Strike+1","Flex+1","Blood for Blood"],"picked":"SKIP","floor":25.0},{"not_picked":["Havoc","Pommel Strike","Flex","Perfected Strike"],"picked":"SKIP","floor":30.0},{"not_picked":["Rage","Evolve","Blood for Blood","Anger+1"],"picked":"SKIP","floor":35.0},{"not_picked":["True Grit+1","Headbutt+1","Dropkick+1","Shrug It Off+1"],"picked":"SKIP","floor":38.0},{"not_picked":["Feel No Pain+1","Intimidate","Havoc+1"],"picked":"Bloodletting+1","floor":39.0},{"not_picked":["Havoc+1","Warcry","Iron Wave+1"],"picked":"Double Tap","floor":39.0},{"not_picked":["Rampage","Combust+1","Dropkick","Clothesline"],"picked":"SKIP","floor":45.0},{"not_picked":["Entrench","Cleave+1","True Grit","Heavy Blade"],"picked":"SKIP","floor":48.0},{"not_picked":["Perfected Strike+1","Iron Wave","Double Tap","Brutality"],"picked":"SKIP","floor":54.0}],"player_experience":110705,"relics_obtained":[{"floor":8.0,"key":"Whetstone"},{"floor":14.0,"key":"Pen Nib"},{"floor":19.0,"key":"Red Skull"},{"floor":26.0,"key":"Sundial"},{"floor":30.0,"key":"Potion Belt"},{"floor":41.0,"key":"CaptainsWheel"},{"floor":43.0,"key":"Toy Ornithopter"},{"floor":45.0,"key":"MealTicket"},{"floor":46.0,"key":"Ice Cream"},{"floor":48.0,"key":"Boot"},{"floor":54.0,"key":"Pocketwatch"}],"event_choices":[{"damage_healed":0.0,"max_hp_gain":5.0,"max_hp_loss":0.0,"gold_gain":0.0,"event_name":"Big Fish","player_choice":"Donut","floor":2.0,"gold_loss":0.0,"damage_taken":0.0},{"damage_healed":0.0,"max_hp_gain":0.0,"max_hp_loss":0.0,"gold_gain":0.0,"event_name":"The Cleric","player_choice":"Leave","floor":4.0,"gold_loss":0.0,"damage_taken":0.0},{"damage_healed":0.0,"max_hp_gain":0.0,"max_hp_loss":0.0,"gold_gain":0.0,"event_name":"Liars Game","player_choice":"Ignored","floor":10.0,"gold_loss":0.0,"damage_taken":0.0},{"damage_healed":0.0,"max_hp_gain":0.0,"max_hp_loss":0.0,"gold_gain":0.0,"event_name":"Upgrade Shrine","player_choice":"Upgraded","floor":12.0,"gold_loss":0.0,"damage_taken":0.0,"cards_upgraded":["Limit Break"]},{"cards_removed":["Double Tap"],"damage_healed":0.0,"max_hp_gain":0.0,"max_hp_loss":0.0,"gold_gain":0.0,"event_name":"Falling","player_choice":"Removed Skill","floor":37.0,"gold_loss":0.0,"damage_taken":0.0},{"damage_healed":0.0,"max_hp_gain":0.0,"max_hp_loss":0.0,"gold_gain":0.0,"event_name":"MindBloom","player_choice":"Fight","floor":41.0,"gold_loss":0.0,"damage_taken":0.0},{"damage_healed":0.0,"max_hp_gain":0.0,"max_hp_loss":0.0,"gold_gain":0.0,"event_name":"Mysterious Sphere","player_choice":"Fight","floor":46.0,"gold_loss":0.0,"damage_taken":0.0}],"is_beta":false,"boss_relics":[{"not_picked":["Astrolabe","SlaversCollar"],"picked":"Cursed Key"},{"not_picked":["Black Blood","SacredBark"],"picked":"Philosopher\u0027s Stone"}],"items_purged_floors":[3,3,3,7,11,11,11,11,20,22,22,31,47],"is_endless":false,"potions_floor_spawned":[1,6,8,14,16,16,18,18,21,25,30,33,35,38,38,45,46,48,54],"ascension_level":2}}