{"host":"t8l92xzjkmihtain","time":1609238534,"event":{"mods":["AchievementEnabler","BaseMod","Colored Map","Minty Spire (QoL Compilation)","Rare Cards Sparkle","SuperFastMode","everything is the same but u backflip on backflip"],"gold_per_floor":[119,119,119,194,207,247,262,277,277,277,320,340,378,152,152,152,152],"floor_reached":16,"playtime":557,"items_purged":["Bash"],"score":174,"play_id":"b97c38e0-afc5-4451-af17-183a1460dcdd","local_time":"20201229194214","is_ascension_mode":true,"campfire_choices":[{"floor":15,"key":"REST"}],"circlet_count":0,"master_deck":["Strike_R","Strike_R","Strike_R","Strike_R","Strike_R","Defend_R","Defend_R","Defend_R","Defend_R","Warcry","Pommel Strike","Pommel Strike","Pommel Strike","Pommel Strike","Flex"],"relics":["Burning Blood","NeowsBlessing","Kunai","Golden Idol","PreservedInsect","Meat on the Bone","Omamori","Odd Mushroom","Orichalcum"],"acts_visited":["Exordium"],"potions_floor_usage":[12,13,13],"damage_taken":[{"damage":0,"enemies":"Cultist","floor":1,"turns":1},{"damage":0,"enemies":"Jaw Worm","floor":5,"turns":1},{"damage":0,"enemies":"Gremlin Nob","floor":6,"turns":1},{"damage":10,"enemies":"2 Louse","floor":7,"turns":2},{"damage":21,"enemies":"Large Slime","floor":8,"turns":3},{"damage":27,"enemies":"3 Sentries","floor":11,"turns":6},{"damage":8,"enemies":"3 Louse","floor":12,"turns":2},{"damage":32,"enemies":"The Mushroom Lair","floor":13,"turns":4},{"damage":48,"enemies":"Hexaghost","floor":16,"turns":9}],"seed_played":"-2419028409339769994","potions_obtained":[{"floor":1,"key":"BlessingOfTheForge"},{"floor":8,"key":"SpeedPotion"},{"floor":11,"key":"Strength Potion"}],"is_trial":false,"path_per_floor":["M","?","?","?","M","E","M","M","T","?","E","M","?","$","R","B"],"character_chosen":"IRONCLAD","items_purchased":["Orichalcum"],"campfire_rested":1,"item_purchase_floors":[14],"current_hp_per_floor":[80,80,60,49,55,61,57,42,42,35,26,36,22,22,46,0,0],"gold":152,"neow_bonus":"THREE_ENEMY_KILL","is_daily":false,"chose_seed":false,"campfire_upgraded":0,"win_rate":0.0,"timestamp":1609238534,"path_taken":["M","?","?","?","M","E","M","M","T","?","E","M","?","$","R","BOSS"],"items_purchased_type":["Relic"],"build_version":"2020-12-22","purchased_purges":1,"victory":false,"max_hp_per_floor":[80,80,80,80,80,80,80,80,80,80,80,80,80,80,80,80,80],"card_choices":[{"not_picked":["Hemokinesis","Armaments"],"picked":"Warcry","floor":1},{"not_picked":["Feel No Pain","Twin Strike"],"picked":"Pommel Strike","floor":5},{"not_picked":["Feed","Pummel"],"picked":"Pommel Strike","floor":6},{"not_picked":["Body Slam","Searing Blow","True Grit"],"picked":"SKIP","floor":7},{"not_picked":["Flex","Rampage"],"picked":"Pommel Strike","floor":8},{"not_picked":["Body Slam","Heavy Blade","Fiend Fire"],"picked":"SKIP","floor":11},{"not_picked":["Armaments","Wild Strike"],"picked":"Pommel Strike","floor":12},{"not_picked":["Rupture","Entrench"],"picked":"Flex","floor":13}],"player_experience":26806,"relics_obtained":[{"floor":6,"key":"PreservedInsect"},{"floor":9,"key":"Meat on the Bone"},{"floor":11,"key":"Omamori"},{"floor":13,"key":"Odd Mushroom"}],"event_choices":[{"damage_healed":0,"gold_gain":0,"player_choice":"Box","damage_taken":0,"relics_obtained":["Kunai"],"max_hp_gain":0,"max_hp_loss":0,"event_name":"Big Fish","floor":2,"gold_loss":0,"cards_obtained":["Regret"]},{"damage_healed":0,"gold_gain":0,"player_choice":"Take Damage","damage_taken":20,"relics_obtained":["Golden Idol"],"max_hp_gain":0,"max_hp_loss":0,"event_name":"Golden Idol","floor":3,"gold_loss":0},{"damage_healed":0,"gold_gain":75,"player_choice":"Gather Gold","damage_taken":11,"max_hp_gain":0,"max_hp_loss":0,"event_name":"World of Goop","floor":4,"gold_loss":0},{"cards_removed":["Regret"],"damage_healed":0,"gold_gain":0,"player_choice":"Card Removal","damage_taken":7,"max_hp_gain":0,"max_hp_loss":0,"event_name":"Golden Wing","floor":10,"gold_loss":0},{"damage_healed":0,"gold_gain":0,"player_choice":"Fought Mushrooms","damage_taken":0,"max_hp_gain":0,"max_hp_loss":0,"event_name":"Mushrooms","floor":13,"gold_loss":0}],"is_beta":false,"boss_relics":[],"items_purged_floors":[14],"is_endless":false,"potions_floor_spawned":[1,8,11],"killed_by":"Hexaghost","ascension_level":2}}