{"host":"x1qj4d8ympd5jdqh","time":1609230310,"event":{"mods":["AchievementEnabler","AlwaysNeverKeys","BaseMod","Colored Map","Custom Start","DeckTracker","Highlight Path","Minty Spire (QoL Compilation)","StSLib","SuperFastMode"],"gold_per_floor":[113,126,141,157,82,82,94,94,94,94,109,119,138,157,157,157,157],"floor_reached":16,"playtime":638,"items_purged":["Strike_G"],"score":196,"play_id":"a98234d4-a113-436e-97b4-75b5346757f6","local_time":"20201229172510","is_ascension_mode":true,"campfire_choices":[{"data":"Neutralize","floor":6.0,"key":"SMITH"},{"floor":8.0,"key":"REST"},{"data":"All Out Attack","floor":10.0,"key":"SMITH"},{"data":"Noxious Fumes","floor":15.0,"key":"SMITH"}],"circlet_count":0,"master_deck":["AscendersBane","Strike_G","Strike_G","Strike_G","Strike_G","Defend_G","Defend_G","Defend_G","Defend_G","Defend_G","Survivor","Neutralize+1","Heel Hook","Noxious Fumes+1","Acrobatics","Dash","All Out Attack+1","Poisoned Stab","Wraith Form v2","PiercingWail"],"relics":["Ring of the Snake","Omamori"],"acts_visited":["Exordium"],"potions_floor_usage":[16],"damage_taken":[{"damage":1.0,"enemies":"Cultist","floor":1.0,"turns":5.0},{"damage":1.0,"enemies":"Jaw Worm","floor":2.0,"turns":5.0},{"damage":5.0,"enemies":"Small Slimes","floor":3.0,"turns":4.0},{"damage":16.0,"enemies":"Exordium Wildlife","floor":4.0,"turns":5.0},{"damage":16.0,"enemies":"Large Slime","floor":7.0,"turns":9.0},{"damage":0.0,"enemies":"Exordium Thugs","floor":11.0,"turns":7.0},{"damage":0.0,"enemies":"3 Louse","floor":12.0,"turns":1.0},{"damage":19.0,"enemies":"Gremlin Gang","floor":13.0,"turns":4.0},{"damage":2.0,"enemies":"Large Slime","floor":14.0,"turns":6.0},{"damage":28,"enemies":"Slime Boss","floor":16,"turns":9}],"seed_played":"1629139354523845512","potions_obtained":[{"floor":2.0,"key":"SpeedPotion"},{"floor":3.0,"key":"SteroidPotion"},{"floor":7.0,"key":"Explosive Potion"}],"is_trial":false,"path_per_floor":["M","M","M","M","$","R","M","R","T","R","M","M","M","M","R","B"],"character_chosen":"THE_SILENT","items_purchased":[],"campfire_rested":1,"item_purchase_floors":[],"current_hp_per_floor":[64,63,58,42,42,42,26,47,47,47,47,47,28,26,26,0,0],"gold":157,"neow_bonus":"TEN_PERCENT_HP_BONUS","is_daily":false,"chose_seed":false,"campfire_upgraded":3,"win_rate":0.0,"timestamp":1609230310,"path_taken":["M","M","M","M","$","R","M","R","T","R","M","?","M","?","R","BOSS"],"items_purchased_type":[],"build_version":"2020-12-22","purchased_purges":1,"victory":false,"max_hp_per_floor":[72,72,72,72,72,72,72,72,72,72,72,72,72,72,72,72,72],"card_choices":[{"not_picked":["Prepared","Catalyst"],"picked":"Heel Hook","floor":1.0},{"not_picked":["Slice","Deflect"],"picked":"Noxious Fumes","floor":2.0},{"not_picked":["Finisher","Caltrops"],"picked":"Acrobatics","floor":3.0},{"not_picked":["Deadly Poison","Outmaneuver"],"picked":"Dash","floor":4.0},{"not_picked":["Deflect","Reflex"],"picked":"All Out Attack","floor":7.0},{"not_picked":["Cloak And Dagger","Riddle With Holes"],"picked":"Poisoned Stab","floor":11.0},{"not_picked":["Cloak And Dagger","Deflect","Blur"],"picked":"SKIP","floor":12.0},{"not_picked":["Poisoned Stab","Bouncing Flask"],"picked":"Wraith Form v2","floor":13.0},{"not_picked":["Finisher","Cloak And Dagger"],"picked":"PiercingWail","floor":14.0}],"player_experience":1285461,"relics_obtained":[{"floor":9.0,"key":"Omamori"}],"event_choices":[],"is_beta":false,"boss_relics":[],"items_purged_floors":[5],"is_endless":false,"potions_floor_spawned":[2,3,7,11],"killed_by":"Slime Boss","ascension_level":20}}