{"host":"9ylwqx3xq4e4v98b","time":1609284698,"event":{"mods":["AchievementEnabler","BaseMod","Colored Map","DeckTracker","Minty Spire (QoL Compilation)","Permanent Neow","StSLib","SuperFastMode","Td1madao Mod","The Animator"],"gold_per_floor":[117,135,135,60,71,71,71,71,71,71,90,90,90,100,100,100,100],"floor_reached":16,"playtime":362,"items_purged":["Strike_R"],"score":90,"play_id":"50c9ecf0-49ef-4855-8550-1dbe8826942a","local_time":"20201229153138","is_ascension_mode":false,"campfire_choices":[{"data":"Bash","floor":6,"key":"SMITH"},{"data":"Heavy Blade","floor":8,"key":"SMITH"},{"data":"Bloodletting","floor":10,"key":"SMITH"},{"data":"Rage","floor":12,"key":"SMITH"},{"data":"Iron Wave","floor":15,"key":"SMITH"}],"circlet_count":0,"master_deck":["Strike_R","Strike_R","Strike_R","Defend_R","Defend_R","Defend_R","Defend_R","Bash+1","Enlightenment+1","Iron Wave+1","Bloodletting+1","Heavy Blade+1","Rage+1","Iron Wave"],"relics":["Burning Blood"],"acts_visited":["Exordium"],"potions_floor_usage":[1,11],"damage_taken":[{"damage":2,"enemies":"2 Louse","floor":1,"turns":4},{"damage":1,"enemies":"Jaw Worm","floor":2,"turns":3},{"damage":1,"enemies":"Cultist","floor":5,"turns":3},{"damage":27,"enemies":"Exordium Thugs","floor":11,"turns":5},{"damage":10,"enemies":"Red Slaver","floor":14,"turns":5},{"damage":53,"enemies":"Hexaghost","floor":16,"turns":11}],"seed_played":"-2339740577415275955","potions_obtained":[{"floor":1,"key":"EntropicBrew"},{"floor":14,"key":"ColorlessPotion"}],"is_trial":false,"path_per_floor":["M","M","?","$","M","R","?","R","T","R","M","R","?","M","R","B"],"character_chosen":"IRONCLAD","items_purchased":[],"campfire_rested":0,"item_purchase_floors":[],"current_hp_per_floor":[80,80,80,80,80,80,85,85,85,85,64,64,57,53,53,0,0],"gold":100,"neow_bonus":"RANDOM_COLORLESS","is_daily":false,"chose_seed":false,"campfire_upgraded":5,"win_rate":0.0,"timestamp":1609284698,"path_taken":["M","M","?","$","M","R","?","R","T","R","M","R","?","M","R","BOSS"],"items_purchased_type":[],"build_version":"2020-12-22","purchased_purges":1,"victory":false,"max_hp_per_floor":[80,80,80,80,80,80,85,85,85,85,85,85,85,85,85,85,85],"card_choices":[{"not_picked":["Impatience","Purity"],"picked":"Enlightenment","floor":0},{"not_picked":["Twin Strike","Heavy Blade"],"picked":"Iron Wave","floor":1},{"not_picked":["Flame Barrier","Shockwave"],"picked":"Bloodletting","floor":2},{"not_picked":["Reckless Charge","Metallicize"],"picked":"Heavy Blade","floor":5},{"not_picked":["Disarm","Warcry"],"picked":"Rage","floor":11},{"not_picked":["Heavy Blade","Armaments"],"picked":"Iron Wave","floor":14}],"player_experience":191262,"relics_obtained":[],"event_choices":[{"damage_healed":0,"gold_gain":0,"player_choice":"Grow","damage_taken":0,"max_hp_gain":0,"max_hp_loss":0,"event_name":"Living Wall","floor":3,"gold_loss":0,"cards_upgraded":["Enlightenment"]},{"damage_healed":0,"gold_gain":0,"player_choice":"Donut","damage_taken":0,"max_hp_gain":5,"max_hp_loss":0,"event_name":"Big Fish","floor":7,"gold_loss":0},{"cards_removed":["Strike_R"],"damage_healed":0,"gold_gain":0,"player_choice":"Card Removal","damage_taken":7,"max_hp_gain":0,"max_hp_loss":0,"event_name":"Golden Wing","floor":13,"gold_loss":0}],"is_beta":false,"boss_relics":[],"items_purged_floors":[4],"is_endless":false,"potions_floor_spawned":[1,14],"killed_by":"Hexaghost","ascension_level":0}}