{"host":"raai0vtvcfkt8csp","time":1609280304,"event":{"mods":["2.2 Compatiblity","AchievementEnabler","BaseMod","Block Reminder","DeckTracker","Defective Defect","GifTheSpireLib","Minty Spire (QoL Compilation)","Quick Restart","Random Character Button","Rare Cards Sparkle","StSLib","Unceasing Turn Reminder"],"gold_per_floor":[110,123,140,160,176,210,210,240,240,240,275,293,293,293,293,388,388,407,377,49,69,85,115,126,153,153,172,172,172,172,197,197,298,298,314,314,325,343,35,35,35,51,51,101,128,128,0,33,33,33,33,33,33,62,62,62],"floor_reached":55,"playtime":5614,"items_purged":[],"score":899,"play_id":"b9be66a3-1eeb-4bc6-b6b0-310b4e94d73d","local_time":"20201229231824","is_ascension_mode":true,"campfire_choices":[{"data":"Wish","floor":7,"key":"SMITH"},{"floor":10,"key":"REST"},{"floor":13,"key":"REST"},{"floor":15,"key":"REST"},{"floor":28,"key":"REST"},{"floor":30,"key":"REST"},{"floor":32,"key":"REST"},{"floor":41,"key":"REST"},{"floor":46,"key":"REST"},{"floor":49,"key":"RECALL"},{"floor":52,"key":"REST"}],"circlet_count":0,"master_deck":["Strike_P","Defend_P","Defend_P","Defend_P+1","Defend_P","Eruption","Vigilance","Pray","FlurryOfBlows","ClearTheMind","FlurryOfBlows","Wish+1","ReachHeaven","Weave","LikeWater","PathToVictory","Evaluate","LikeWater","ThirdEye+1","BattleHymn","Protect","WheelKick","DevaForm","PathToVictory","JustLucky","Sanctity","Halt","Sanctity","DeceiveReality+1","DevaForm","Vengeance+1","Nirvana","Wish","Prostrate","Brilliance","Necronomicurse","Adaptation","Devotion","Adaptation+1","Wish+1","Wallop+1","Protect+1","Pray+1","Mayhem","Study+1","Pray+1","Fasting2+1","Halt+1","MasterReality","SandsOfTime","Parasite","Wallop+1","Pray+1","Protect","Pray+1","FlurryOfBlows+1","Ragnarok"],"relics":["PureWater","Prayer Wheel","CaptainsWheel","Bottled Tornado","Mercury Hourglass","Anchor","Fusion Hammer","White Beast Statue","HornCleat","Yang","Necronomicon","Bag of Preparation","Astrolabe","Toy Ornithopter","Pocketwatch","Du-Vu Doll","Ancient Tea Set","Red Mask","Pantograph","Bag of Marbles"],"acts_visited":["Exordium","TheCity","TheBeyond","TheEnding"],"potions_floor_usage":[6,11,16,22,23,25,27,31,37,40,40,45,48,54,55],"damage_taken":[{"damage":0,"enemies":"Cultist","floor":1,"turns":2},{"damage":0,"enemies":"2 Louse","floor":2,"turns":4},{"damage":0,"enemies":"Small Slimes","floor":3,"turns":2},{"damage":2,"enemies":"Blue Slaver","floor":4,"turns":6},{"damage":0,"enemies":"2 Fungi Beasts","floor":5,"turns":6},{"damage":15,"enemies":"Lagavulin","floor":6,"turns":9},{"damage":27,"enemies":"Gremlin Nob","floor":8,"turns":8},{"damage":14,"enemies":"3 Sentries","floor":11,"turns":6},{"damage":0,"enemies":"Exordium Wildlife","floor":12,"turns":4},{"damage":12,"enemies":"Hexaghost","floor":16,"turns":9},{"damage":11,"enemies":"3 Byrds","floor":18,"turns":5},{"damage":5,"enemies":"2 Thieves","floor":21,"turns":3},{"damage":1,"enemies":"Sentry and Sphere","floor":22,"turns":9},{"damage":13,"enemies":"Book of Stabbing","floor":23,"turns":7},{"damage":0,"enemies":"Snecko","floor":24,"turns":6},{"damage":22,"enemies":"Gremlin Leader","floor":25,"turns":10},{"damage":1,"enemies":"3 Cultists","floor":27,"turns":7},{"damage":24,"enemies":"Slavers","floor":31,"turns":8},{"damage":9,"enemies":"Collector","floor":33,"turns":11},{"damage":0,"enemies":"3 Darklings","floor":35,"turns":6},{"damage":0,"enemies":"Orb Walker","floor":37,"turns":4},{"damage":13,"enemies":"Transient","floor":38,"turns":5},{"damage":20,"enemies":"Nemesis","floor":40,"turns":8},{"damage":14,"enemies":"Writhing Mass","floor":42,"turns":7},{"damage":0,"enemies":"Mind Bloom Boss Battle","floor":44,"turns":4},{"damage":44,"enemies":"Reptomancer","floor":45,"turns":7},{"damage":16,"enemies":"Nemesis","floor":48,"turns":5},{"damage":47,"enemies":"Time Eater","floor":50,"turns":13},{"damage":57,"enemies":"Shield and Spear","floor":54,"turns":9},{"damage":69,"enemies":"The Heart","floor":55,"turns":6}],"seed_played":"-5290335975541302684","potions_obtained":[{"floor":2,"key":"SpeedPotion"},{"floor":5,"key":"DuplicationPotion"},{"floor":11,"key":"Fruit Juice"},{"floor":12,"key":"SpeedPotion"},{"floor":19,"key":"Ambrosia"},{"floor":19,"key":"Regen Potion"},{"floor":21,"key":"Explosive Potion"},{"floor":22,"key":"Energy Potion"},{"floor":23,"key":"BlessingOfTheForge"},{"floor":25,"key":"PowerPotion"},{"floor":27,"key":"StancePotion"},{"floor":31,"key":"FairyPotion"},{"floor":37,"key":"SmokeBomb"},{"floor":42,"key":"AttackPotion"},{"floor":44,"key":"SmokeBomb"},{"floor":45,"key":"ColorlessPotion"},{"floor":48,"key":"Dexterity Potion"},{"floor":54,"key":"StancePotion"}],"is_trial":false,"path_per_floor":["M","M","M","M","M","E","R","E","T","R","E","M","R","?","R","B",null,"M","?","$","M","M","E","M","E","T","M","R","?","R","E","R","B",null,"M","?","M","M","$","E","R","M","T","?","E","R","?","E","R","B",null,"R","$","E","B"],"character_chosen":"WATCHER","items_purchased":["White Beast Statue","Sanctity","MasterReality","Toy Ornithopter","SandsOfTime"],"campfire_rested":9,"item_purchase_floors":[20,20,39,39,39],"current_hp_per_floor":[65,65,65,63,63,48,48,21,21,40,31,31,52,38,59,47,70,59,59,59,54,68,55,55,33,33,32,53,37,58,34,55,46,70,70,70,70,57,57,47,68,54,54,54,15,36,36,25,25,3,70,70,70,13,0,0],"gold":62,"neow_bonus":"ONE_RARE_RELIC","is_daily":false,"chose_seed":false,"campfire_upgraded":1,"win_rate":0.0,"timestamp":1609280304,"path_taken":["M","M","M","M","?","E","R","E","T","R","E","M","R","?","R","BOSS","M","?","$","M","?","E","M","E","T","M","R","?","R","E","R","BOSS","M","?","M","M","$","E","R","M","T","?","E","R","?","E","R","BOSS","R","$","E","BOSS"],"items_purchased_type":["Relic","Card","Card","Relic","Card"],"build_version":"2020-12-22","purchased_purges":0,"victory":false,"max_hp_per_floor":[65,65,65,65,65,65,65,65,65,65,70,70,70,70,70,70,70,70,70,70,70,70,70,70,70,70,70,70,70,70,70,70,70,70,70,70,70,70,70,70,70,70,70,70,70,70,70,70,70,70,70,70,70,70,70,70],"card_choices":[{"not_picked":["EmptyFist","Collect"],"picked":"Pray","floor":1},{"not_picked":["Crescendo","Halt"],"picked":"FlurryOfBlows","floor":1},{"not_picked":["EmptyFist","Halt"],"picked":"ClearTheMind","floor":2},{"not_picked":["SashWhip","ClearTheMind"],"picked":"FlurryOfBlows","floor":2},{"not_picked":["Collect","Halt"],"picked":"Wish","floor":3},{"not_picked":["EmptyBody","CrushJoints"],"picked":"ReachHeaven","floor":3},{"not_picked":["BowlingBash","CrushJoints"],"picked":"Weave","floor":4},{"not_picked":["EmptyBody","Protect"],"picked":"LikeWater","floor":4},{"not_picked":["CarveReality","Swivel"],"picked":"PathToVictory","floor":5},{"not_picked":["Swivel","LessonLearned"],"picked":"Evaluate","floor":5},{"not_picked":["CrushJoints","FlurryOfBlows"],"picked":"LikeWater","floor":6},{"not_picked":["SashWhip","BowlingBash"],"picked":"ThirdEye","floor":8},{"not_picked":["Vengeance","Scrawl"],"picked":"BattleHymn","floor":11},{"not_picked":["FlyingSleeves","EmptyBody"],"picked":"Protect","floor":12},{"not_picked":["Indignation","Protect"],"picked":"WheelKick","floor":12},{"not_picked":["Blasphemy","MasterReality"],"picked":"DevaForm","floor":16},{"not_picked":["CutThroughFate","SashWhip"],"picked":"PathToVictory","floor":18},{"not_picked":["Halt","CrushJoints"],"picked":"JustLucky","floor":18},{"not_picked":["BowlingBash","Collect"],"picked":"Halt","floor":21},{"not_picked":["Collect","CrushJoints"],"picked":"Sanctity","floor":21},{"not_picked":["Meditate+1","SashWhip"],"picked":"DeceiveReality+1","floor":22},{"not_picked":["Protect","Evaluate"],"picked":"DevaForm","floor":22},{"not_picked":["InnerPeace+1","EmptyMind"],"picked":"Vengeance+1","floor":23},{"not_picked":["JustLucky","FlurryOfBlows+1"],"picked":"Nirvana","floor":24},{"not_picked":["Evaluate","ClearTheMind"],"picked":"Wish","floor":24},{"not_picked":["ThirdEye","Indignation"],"picked":"Prostrate","floor":25},{"not_picked":["JustLucky+1","Evaluate"],"picked":"Brilliance","floor":27},{"not_picked":["BowlingBash","CutThroughFate","FollowUp"],"picked":"SKIP","floor":27},{"not_picked":["CrushJoints+1","CarveReality+1"],"picked":"Adaptation","floor":31},{"not_picked":["DeusExMachina","Wish"],"picked":"Devotion","floor":33},{"not_picked":["SashWhip+1","Halt+1"],"picked":"Protect+1","floor":35},{"not_picked":["Protect+1","WreathOfFlame"],"picked":"Pray+1","floor":35},{"not_picked":["Impatience","Jack Of All Trades"],"picked":"Mayhem","floor":36},{"not_picked":["Evaluate","BowlingBash+1"],"picked":"Study+1","floor":37},{"not_picked":["EmptyBody","Protect+1"],"picked":"Pray+1","floor":37},{"not_picked":["Evaluate+1","CrushJoints+1"],"picked":"Fasting2+1","floor":38},{"not_picked":["ClearTheMind","Collect"],"picked":"Halt+1","floor":38},{"not_picked":["Worship+1","Evaluate+1"],"picked":"Wallop+1","floor":42},{"not_picked":["EmptyFist","Tantrum+1"],"picked":"Pray+1","floor":42},{"not_picked":["FollowUp+1","Tantrum"],"picked":"Protect","floor":44},{"not_picked":["Fasting2","Tantrum"],"picked":"Pray+1","floor":45},{"not_picked":["Scrawl","Protect+1"],"picked":"FlurryOfBlows+1","floor":48},{"not_picked":["Devotion","Meditate+1"],"picked":"Ragnarok","floor":54}],"player_experience":509005,"relics_obtained":[{"floor":6,"key":"CaptainsWheel"},{"floor":8,"key":"Bottled Tornado"},{"floor":9,"key":"Mercury Hourglass"},{"floor":11,"key":"Anchor"},{"floor":23,"key":"HornCleat"},{"floor":25,"key":"Yang"},{"floor":29,"key":"Necronomicon"},{"floor":31,"key":"Bag of Preparation"},{"floor":43,"key":"Pocketwatch"},{"floor":44,"key":"Du-Vu Doll"},{"floor":45,"key":"Ancient Tea Set"},{"floor":48,"key":"Pantograph"},{"floor":54,"key":"Bag of Marbles"}],"event_choices":[{"damage_healed":0,"gold_gain":0,"player_choice":"Entered Light","damage_taken":14,"max_hp_gain":0,"max_hp_loss":0,"event_name":"Shining Light","floor":14,"gold_loss":0,"cards_upgraded":["Defend_P","ThirdEye"]},{"damage_healed":0,"gold_gain":0,"player_choice":"Bought 2 Potions","damage_taken":0,"max_hp_gain":0,"max_hp_loss":0,"event_name":"The Woman in Blue","floor":19,"gold_loss":0},{"damage_healed":0,"gold_gain":0,"player_choice":"Obtained Book","damage_taken":16,"max_hp_gain":0,"max_hp_loss":0,"event_name":"Cursed Tome","floor":29,"gold_loss":0},{"damage_healed":0,"gold_gain":0,"player_choice":"Memory 1","damage_taken":0,"max_hp_gain":0,"max_hp_loss":0,"event_name":"SensoryStone","floor":36,"gold_loss":0},{"damage_healed":0,"gold_gain":0,"player_choice":"Fight","damage_taken":0,"max_hp_gain":0,"max_hp_loss":0,"event_name":"MindBloom","floor":44,"gold_loss":0},{"damage_healed":0,"gold_gain":0,"player_choice":"Paid","damage_taken":0,"relics_obtained":["Red Mask"],"max_hp_gain":0,"max_hp_loss":0,"event_name":"Tomb of Lord Red Mask","floor":47,"gold_loss":128}],"is_beta":false,"boss_relics":[{"not_picked":["Busted Crown","Runic Pyramid"],"picked":"Fusion Hammer"},{"not_picked":["Calling Bell","VioletLotus"],"picked":"Astrolabe"}],"items_purged_floors":[],"is_endless":false,"potions_floor_spawned":[2,5,11,12,21,22,23,24,25,27,31,33,35,37,38,40,42,44,45,48,54],"killed_by":"The Heart","ascension_level":1}}