{"host":"4dbgro9q4v1tkbhe","time":1609225413,"event":{"mods":["BaseMod","Minty Spire (QoL Compilation)","Quick Restart","Replay The Spire","StSLib"],"gold_per_floor":[118,135,135,150,115,147,147,147,147],"floor_reached":8,"playtime":325,"items_purged":[],"score":212,"play_id":"3eae9c39-12ae-478b-9e53-530085b3361e","local_time":"20201229150333","daily_mods":["DeadlyEvents"],"is_ascension_mode":true,"campfire_choices":[{"floor":7.0,"key":"REST"}],"circlet_count":0,"master_deck":["AscendersBane","Strike_R","Strike_R","Strike_R","Strike_R","Strike_R","Defend_R","Defend_R","Defend_R","Defend_R","Bash","Limit Break","Blood for Blood","Bloodletting"],"relics":["Burning Blood","ReplayTheSpireMod:Lightbulb"],"acts_visited":["Exordium"],"potions_floor_usage":[],"damage_taken":[{"damage":11.0,"enemies":"2 Louse","floor":1.0,"turns":3.0},{"damage":6.0,"enemies":"Cultist","floor":2.0,"turns":3.0},{"damage":14.0,"enemies":"Jaw Worm","floor":4.0,"turns":4.0},{"damage":40.0,"enemies":"Lagavulin","floor":6.0,"turns":6.0},{"damage":56,"enemies":"3 Sentries","floor":8,"turns":8}],"seed_played":"-1485263346713158458","potions_obtained":[{"floor":1.0,"key":"BlessingOfTheForge"}],"is_trial":true,"path_per_floor":["M","M","?","M","?","E","R","E"],"character_chosen":"IRONCLAD","items_purchased":[],"campfire_rested":1,"item_purchase_floors":[],"current_hp_per_floor":[63,63,63,55,73,39,61,5,5],"gold":147,"neow_bonus":"","is_daily":false,"chose_seed":false,"campfire_upgraded":0,"win_rate":0.0,"timestamp":1609225413,"path_taken":["M","M","?","?","?","E","R","E"],"items_purchased_type":[],"build_version":"2020-12-22","purchased_purges":0,"victory":false,"max_hp_per_floor":[75,75,75,75,75,75,75,75,75],"card_choices":[{"not_picked":["Fire Breathing","Heavy Blade","Headbutt"],"picked":"SKIP","floor":1.0},{"not_picked":["Fire Breathing","Clothesline","Cleave"],"picked":"SKIP","floor":2.0},{"not_picked":["Cleave","Clash"],"picked":"Blood for Blood","floor":4.0},{"not_picked":["Sever Soul","Warcry"],"picked":"Bloodletting","floor":6.0}],"player_experience":281845,"relics_obtained":[{"floor":6.0,"key":"ReplayTheSpireMod:Lightbulb"}],"event_choices":[{"damage_healed":0.0,"max_hp_gain":0.0,"max_hp_loss":0.0,"gold_gain":0.0,"event_name":"Match and Keep!","player_choice":"1 cards matched","floor":3.0,"gold_loss":0.0,"damage_taken":0.0,"cards_obtained":["Limit Break"]},{"damage_healed":18.0,"max_hp_gain":0.0,"max_hp_loss":0.0,"gold_gain":0.0,"event_name":"The Cleric","player_choice":"Healed","floor":5.0,"gold_loss":35.0,"damage_taken":0.0}],"is_beta":false,"boss_relics":[],"items_purged_floors":[],"is_endless":true,"potions_floor_spawned":[1],"killed_by":"3 Sentries","ascension_level":20}}