{"host":"tr12w2fixbnujl15","time":1609200613,"event":{"mods":["2.2 Compatiblity","BaseMod","Better Skull","BetterRewards","Colored Powertips","Hubris","Infinite Spire","Jorbs\u0027s Wanderer Trilogy","Melee Mod","Minty Spire (QoL Compilation)","Quick Restart","Railgun Mod","Replay The Spire","StSLib","SuperFastMode","The Animator","The Dragon Tamer","The Marked","WarShipGirlsR/????R mod"],"gold_per_floor":[112,122,132,144,157,157,177,193,218,228,154,164,183,198,198,198,198],"floor_reached":16,"playtime":640,"items_purged":[],"score":102,"play_id":"d7400be0-0ceb-417a-805d-9b2ab61d58da","local_time":"20201228191013","is_ascension_mode":false,"campfire_choices":[{"floor":6,"key":"REST"},{"floor":15,"key":"REST"}],"circlet_count":0,"master_deck":["theMarked:Strike","theMarked:Strike","theMarked:Strike","theMarked:Strike","theMarked:Strike","theMarked:Defend","theMarked:Defend","theMarked:Defend","theMarked:Defend","theMarked:SoldierOfQuellstein","theMarked:Static","theMarked:ReduceFriction","theMarked:Aftermath","theMarked:ChainLightning","theMarked:ThrowWeapon","theMarked:Electrocute","theMarked:KeepCalmAndFightOn","theMarked:Reabsorb","theMarked:MagicAdept","theMarked:SwordAndMagic","theMarked:ChainLightning","theMarked:EmpowerWeapon"],"relics":["theMarked:ArtifactOfAir","NeowsBlessing","Ancient Tea Set"],"acts_visited":["Exordium"],"potions_floor_usage":[4,10,14],"damage_taken":[{"damage":0,"enemies":"Cultist","floor":1,"turns":1},{"damage":0,"enemies":"Jaw Worm","floor":2,"turns":1},{"damage":0,"enemies":"2 Louse","floor":3,"turns":1},{"damage":11,"enemies":"Lots of Slimes","floor":4,"turns":3},{"damage":9,"enemies":"Blue Slaver","floor":5,"turns":3},{"damage":3,"enemies":"3 Louse","floor":7,"turns":3},{"damage":0,"enemies":"Looter","floor":8,"turns":2},{"damage":20,"enemies":"Large Slime","floor":10,"turns":5},{"damage":0,"enemies":"3 Louse","floor":12,"turns":2},{"damage":28,"enemies":"Gremlin Gang","floor":13,"turns":4},{"damage":2,"enemies":"Blue Slaver","floor":14,"turns":2},{"damage":44,"enemies":"Slime Boss","floor":16,"turns":8}],"seed_played":"-7074010254725579432","potions_obtained":[{"floor":2,"key":"SpeedPotion"},{"floor":3,"key":"PowerPotion"},{"floor":4,"key":"Block Potion"}],"is_trial":false,"path_per_floor":["M","M","M","M","M","R","M","M","T","M","$","M","M","M","R","B"],"character_chosen":"THE_DEFAULT","items_purchased":["theMarked:MagicAdept"],"campfire_rested":2,"item_purchase_floors":[11],"current_hp_per_floor":[70,70,70,59,50,70,67,67,67,47,47,47,19,17,38,0,0],"gold":198,"neow_bonus":"THREE_ENEMY_KILL","is_daily":false,"chose_seed":false,"campfire_upgraded":0,"win_rate":0.0,"timestamp":1609200613,"path_taken":["M","?","M","M","M","R","M","M","T","M","?","M","M","?","R","BOSS"],"items_purchased_type":["Card"],"build_version":"2020-12-22","purchased_purges":0,"victory":false,"max_hp_per_floor":[70,70,70,70,70,70,70,70,70,70,70,70,70,70,70,70,70],"card_choices":[{"not_picked":["theMarked:TwofoldDefense","theMarked:ElectricStrings"],"picked":"theMarked:Static","floor":1},{"not_picked":["theMarked:TwofoldDefense","theMarked:EmpowerWeapon"],"picked":"theMarked:ReduceFriction","floor":2},{"not_picked":["theMarked:WastefulAttack","theMarked:TwofoldDefense"],"picked":"theMarked:Aftermath","floor":3},{"not_picked":["theMarked:RogueSparks","theMarked:Seal"],"picked":"theMarked:ChainLightning","floor":4},{"not_picked":["theMarked:HeightenedSenses","theMarked:Aftermath"],"picked":"theMarked:ThrowWeapon","floor":5},{"not_picked":["theMarked:Overthink","theMarked:EnhanceMovement"],"picked":"theMarked:Electrocute","floor":7},{"not_picked":["theMarked:EmpowerWeapon","theMarked:TwofoldDefense"],"picked":"theMarked:KeepCalmAndFightOn","floor":8},{"not_picked":["theMarked:MaelstromOfLightning","theMarked:Convert"],"picked":"theMarked:Reabsorb","floor":10},{"not_picked":["theMarked:Improvise","theMarked:EnhancedHearing"],"picked":"theMarked:SwordAndMagic","floor":12},{"not_picked":["theMarked:HeightenedSenses","theMarked:ReduceFriction"],"picked":"theMarked:ChainLightning","floor":13},{"not_picked":["theMarked:HeightenedSenses","theMarked:EnhancedHearing"],"picked":"theMarked:EmpowerWeapon","floor":14}],"player_experience":4250,"relics_obtained":[{"floor":9,"key":"Ancient Tea Set"}],"event_choices":[],"is_beta":false,"boss_relics":[],"items_purged_floors":[],"is_endless":false,"potions_floor_spawned":[2,3,4],"killed_by":"Slime Boss","ascension_level":0}}