{"host":"7o30bgpqouqblh42","time":1609210463,"event":{"mods":["AchievementEnabler","Aspiration","BaseMod","Colored Map","Downfall","Highlight Path","Minty Spire (QoL Compilation)","StSLib","SuperFastMode"],"gold_per_floor":[117,117,137,137,59,93,93,93,93,93,18,51,16,35,35,140,190,206,226,226,141,141,141,155,155,155,166,192,202,221,234,234,335,335,352,99,99,112,127,127,127,127],"floor_reached":41,"playtime":3512,"items_purged":["Injury"],"score":476,"play_id":"f7c8a975-23b7-40e0-9582-52a399d605f1","local_time":"20201228215423","is_ascension_mode":false,"campfire_choices":[{"data":"Consecrate","floor":8,"key":"SMITH"},{"data":"Sanctity","floor":10,"key":"SMITH"},{"data":"Crescendo","floor":15,"key":"SMITH"},{"floor":23,"key":"RECALL"},{"data":"Vigilance","floor":25,"key":"SMITH"},{"data":"Swivel","floor":32,"key":"SMITH"},{"data":"Strike_P","floor":40,"key":"SMITH"}],"circlet_count":0,"master_deck":["Strike_P+1","Strike_P","Strike_P","Strike_P+1","Defend_P","Defend_P","Defend_P","Defend_P+1","Eruption+1","Vigilance+1","Consecrate+1","CutThroughFate+1","TalkToTheHand+1","Sanctity+1","Crescendo+1","Ragnarok+1","FollowUp+1","Swivel+1"],"relics":["PureWater","NeowsBlessing","Molten Egg 2","Turnip","Gambling Chip","Shuriken","Singing Bowl","Tiny House","aspiration:ChemicalBlood","aspiration:RitualStick","Red Mask","expansioncontent:StudyCardRelic","Bottled Lightning"],"acts_visited":["Exordium","TheCity","TheBeyond"],"potions_floor_usage":[24,33,33,35,39,41],"damage_taken":[{"damage":0,"enemies":"Small Slimes","floor":1,"turns":2},{"damage":0,"enemies":"Jaw Worm","floor":3,"turns":1},{"damage":0,"enemies":"3 Sentries","floor":6,"turns":1},{"damage":15,"enemies":"Gremlin Nob","floor":12,"turns":3},{"damage":0,"enemies":"2 Louse","floor":14,"turns":2},{"damage":7,"enemies":"Slime Boss","floor":16,"turns":6},{"damage":0,"enemies":"Spheric Guardian","floor":18,"turns":1},{"damage":1,"enemies":"Chosen","floor":19,"turns":2},{"damage":0,"enemies":"Snecko","floor":24,"turns":2},{"damage":9,"enemies":"Centurion and Healer","floor":27,"turns":5},{"damage":20,"enemies":"Masked Bandits","floor":28,"turns":3},{"damage":6,"enemies":"Sentry and Sphere","floor":29,"turns":3},{"damage":0,"enemies":"Snake Plant","floor":30,"turns":1},{"damage":0,"enemies":"Shelled Parasite and Fungi","floor":31,"turns":1},{"damage":30,"enemies":"Collector","floor":33,"turns":4},{"damage":11,"enemies":"3 Darklings","floor":35,"turns":2},{"damage":0,"enemies":"Orb Walker","floor":38,"turns":2},{"damage":72,"enemies":"Transient","floor":39,"turns":5},{"damage":115,"enemies":"Nemesis","floor":41,"turns":5}],"seed_played":"4835342356564548712","potions_obtained":[{"floor":12,"key":"GamblersBrew"},{"floor":16,"key":"BlessingOfTheForge"},{"floor":17,"key":"FairyPotion"},{"floor":18,"key":"EssenceOfSteel"},{"floor":27,"key":"FearPotion"},{"floor":38,"key":"SteroidPotion"},{"floor":41,"key":"SpeedPotion"},{"floor":41,"key":"LiquidBronze"}],"is_trial":false,"path_per_floor":["M","?","M","?","$","E","?","R","T","R","$","E","?","M","R","B",null,"M","M","?","?","?","R","M","R","T","M","?","M","M","M","R","B",null,"M","$","?","M","M","R","E"],"character_chosen":"WATCHER","items_purchased":["TalkToTheHand+1","Bottled Lightning"],"campfire_rested":0,"item_purchase_floors":[5,36],"current_hp_per_floor":[72,72,72,58,58,58,58,58,58,58,58,45,63,63,63,56,81,83,84,84,84,67,67,67,67,67,58,40,36,38,40,40,10,93,84,84,105,107,37,37,0,0],"gold":127,"neow_bonus":"THREE_ENEMY_KILL","is_daily":false,"chose_seed":false,"campfire_upgraded":6,"win_rate":0.0,"timestamp":1609210463,"path_taken":["M","?","M","?","$","E","?","R","T","R","?","E","?","M","R","BOSS","M","M","?","?","?","R","M","R","T","M","?","M","M","M","R","BOSS","M","$","?","?","M","R","E"],"items_purchased_type":["Card","Relic"],"build_version":"2020-12-22","purchased_purges":1,"victory":false,"max_hp_per_floor":[72,72,72,72,72,72,72,72,72,72,72,74,74,74,74,74,81,83,85,85,85,85,85,85,85,85,85,87,89,91,93,93,93,93,95,95,105,107,109,109,109,109],"card_choices":[{"not_picked":["FollowUp","BowlingBash"],"picked":"Consecrate","floor":1},{"not_picked":["Halt","Indignation"],"picked":"CutThroughFate+1","floor":3},{"not_picked":["InnerPeace","Crescendo"],"picked":"Sanctity","floor":6},{"not_picked":["Sanctity","FlurryOfBlows+1","JustLucky+1"],"picked":"Singing Bowl","floor":12},{"not_picked":["FlurryOfBlows+1","SashWhip+1"],"picked":"Crescendo","floor":14},{"not_picked":["Judgement","Omniscience"],"picked":"Ragnarok+1","floor":16},{"not_picked":["Fasting2","Study","FlurryOfBlows+1"],"picked":"Singing Bowl","floor":17},{"not_picked":["Crescendo","PathToVictory","Study"],"picked":"Singing Bowl","floor":18},{"not_picked":["Pray+1","JustLucky+1","DeceiveReality+1"],"picked":"Singing Bowl","floor":19},{"not_picked":["PathToVictory","Halt"],"picked":"FollowUp+1","floor":24},{"not_picked":["SignatureMove+1","FollowUp+1"],"picked":"Swivel","floor":27},{"not_picked":["EmptyFist+1","FlyingSleeves+1","Collect+1"],"picked":"Singing Bowl","floor":28},{"not_picked":["PathToVictory+1","SashWhip+1","BowlingBash+1"],"picked":"Singing Bowl","floor":29},{"not_picked":["Evaluate","Judgement","Consecrate+1"],"picked":"Singing Bowl","floor":30},{"not_picked":["BowlingBash+1","Consecrate+1","PathToVictory"],"picked":"Singing Bowl","floor":31},{"not_picked":["DevaForm","Ragnarok+1"],"picked":"Vault","floor":33},{"not_picked":["FearNoEvil+1","Halt","CarveReality+1"],"picked":"Singing Bowl","floor":35},{"not_picked":["Consecrate+1","FollowUp+1","ClearTheMind"],"picked":"Singing Bowl","floor":38},{"not_picked":["Adaptation","PathToVictory+1","Brilliance+1"],"picked":"Singing Bowl","floor":39}],"player_experience":196785,"relics_obtained":[{"floor":6,"key":"Turnip"},{"floor":9,"key":"Shuriken"},{"floor":12,"key":"Singing Bowl"},{"floor":28,"key":"Red Mask"}],"event_choices":[{"damage_healed":0,"gold_gain":0,"player_choice":"Entered Light","damage_taken":14,"max_hp_gain":0,"max_hp_loss":0,"event_name":"Shining Light","floor":4,"gold_loss":0,"cards_upgraded":["Eruption","Defend_P"]},{"damage_healed":0,"gold_gain":0,"player_choice":"Searched \u00272\u0027 times","damage_taken":0,"relics_obtained":["Gambling Chip"],"max_hp_gain":0,"max_hp_loss":0,"event_name":"Dead Adventurer","floor":7,"gold_loss":0},{"damage_healed":18,"gold_gain":0,"player_choice":"Healed","damage_taken":0,"max_hp_gain":0,"max_hp_loss":0,"event_name":"The Cleric","floor":13,"gold_loss":35},{"damage_healed":0,"gold_gain":0,"player_choice":"Obtained Relic","damage_taken":0,"relics_obtained":["aspiration:ChemicalBlood"],"max_hp_gain":0,"max_hp_loss":0,"event_name":"Addict","floor":21,"gold_loss":85},{"damage_healed":0,"gold_gain":0,"player_choice":"Fought Bandits","damage_taken":0,"max_hp_gain":0,"max_hp_loss":0,"event_name":"Masked Bandits","floor":28,"gold_loss":0},{"cards_removed":["Vault"],"damage_healed":11,"gold_gain":0,"player_choice":"Offered Rare","damage_taken":0,"max_hp_gain":10,"max_hp_loss":0,"event_name":"Bonfire Elementals","floor":37,"gold_loss":0}],"is_beta":false,"boss_relics":[{"not_picked":["Runic Dome","Fusion Hammer"],"picked":"Tiny House"},{"not_picked":["Snecko Eye","Cursed Key"],"picked":"expansioncontent:StudyCardRelic"}],"items_purged_floors":[11],"is_endless":false,"potions_floor_spawned":[12,16,18,27,29,38,39],"killed_by":"Nemesis","ascension_level":0}}