{"host":"l029r2dqxfiqiq5i","time":1609254886,"event":{"mods":["ATMod(°¢èªMod)","Act Like it!","BaseMod","Minty Spire (QoL Compilation)","StSLib","óô»ðÖ¸ÄÏ"],"gold_per_floor":[111,131,145,320,91,91,130,130,130,150,184,184,200,241,241,350,350,375,384,399,60,76,109,109,137,191,191,217,167,191,229,229,341,341,359,359,89,109,122,152,152,183,258,395,0,0,35,89,89,114],"floor_reached":51,"playtime":2364,"items_purged":["Doubt","Dual Wield","Feed","Bloodletting","Warcry"],"score":1150,"play_id":"b236d9c7-9248-4f1d-84ef-42efb0eb0910","local_time":"20201229231446","daily_mods":["SealedDeck","Heirloom","Time Dilation","DeadlyEvents","Elite Swarm"],"is_ascension_mode":false,"campfire_choices":[{"data":"AT_BodySlamDance","floor":6,"key":"SMITH"},{"data":"Berserk","floor":8,"key":"SMITH"},{"data":"AT_BodySlamDance","floor":15,"key":"SMITH"},{"data":"Entrench","floor":24,"key":"SMITH"},{"data":"AT_Dispersion","floor":27,"key":"SMITH"},{"data":"AT_ShrugMaster","floor":32,"key":"SMITH"},{"data":"Limit Break","floor":41,"key":"SMITH"},{"data":"Barricade","floor":49,"key":"SMITH"}],"circlet_count":0,"master_deck":["Seeing Red","Entrench+1","Feel No Pain","Spot Weakness","AT_BodySlamDance+1","AT_BodySlamDance+1","AT_CaressingTears","Power Through","Power Through","Shrug It Off","Berserk+1","Offering","AT_Dispersion+1","Fire Breathing","Rupture","AT_DiedThrough+1","Power Through+1","AT_ShrugMaster+1","Limit Break+1","Offering","Barricade+1"],"relics":["Burning Blood","AT_ATBox","Prayer Wheel","CeramicFish","Pear","Pantograph","Du-Vu Doll","Smiling Mask","Empty Cage","Shovel","AT_SpeedBoots","Unceasing Top","Boot","Black Star","Strange Spoon","AT_BladeRuinedKing","HornCleat","AT_MibuBalloonWealth","Anchor","Letter Opener","Happy Flower","AT_DeathDance","Nunchaku","OrangePellets","Regal Pillow","Bronze Scales","AT_ArchangelStaff"],"acts_visited":["Exordium","TheCity","TheBeyond"],"potions_floor_usage":[39],"damage_taken":[{"damage":0,"enemies":"Cultist","floor":1,"turns":2},{"damage":0,"enemies":"Small Slimes","floor":2,"turns":2},{"damage":0,"enemies":"2 Louse","floor":3,"turns":2},{"damage":0,"enemies":"3 Sentries","floor":7,"turns":3},{"damage":0,"enemies":"Large Slime","floor":10,"turns":4},{"damage":5,"enemies":"Gremlin Nob","floor":11,"turns":3},{"damage":6,"enemies":"Blue Slaver","floor":13,"turns":1},{"damage":6,"enemies":"Lagavulin","floor":14,"turns":1},{"damage":50,"enemies":"Hexaghost","floor":16,"turns":3},{"damage":6,"enemies":"Spheric Guardian","floor":18,"turns":1},{"damage":18,"enemies":"Shell Parasite","floor":20,"turns":5},{"damage":15,"enemies":"Snake Plant","floor":22,"turns":3},{"damage":6,"enemies":"Book of Stabbing","floor":23,"turns":2},{"damage":30,"enemies":"Gremlin Leader","floor":25,"turns":2},{"damage":23,"enemies":"Cultist and Chosen","floor":28,"turns":5},{"damage":6,"enemies":"3 Cultists","floor":30,"turns":1},{"damage":15,"enemies":"Snake Plant","floor":31,"turns":2},{"damage":22,"enemies":"Champ","floor":33,"turns":4},{"damage":6,"enemies":"3 Shapes","floor":35,"turns":4},{"damage":6,"enemies":"Orb Walker","floor":38,"turns":1},{"damage":23,"enemies":"Sphere and 2 Shapes","floor":39,"turns":3},{"damage":26,"enemies":"Reptomancer","floor":40,"turns":3},{"damage":12,"enemies":"Giant Head","floor":42,"turns":2},{"damage":6,"enemies":"Reptomancer","floor":44,"turns":2},{"damage":12,"enemies":"Writhing Mass","floor":47,"turns":1},{"damage":0,"enemies":"Nemesis","floor":48,"turns":1},{"damage":12,"enemies":"Time Eater","floor":50,"turns":2}],"seed_played":"3049186008190037615","potions_obtained":[{"floor":7,"key":"Energy Potion"},{"floor":10,"key":"CultistPotion"},{"floor":16,"key":"BlessingOfTheForge"},{"floor":39,"key":"Fruit Juice"}],"is_trial":true,"path_per_floor":["M","M","M","?","$","R","E","R","T","M","E","?","M","E","R","B",null,"M","?","M","$","M","E","R","E","T","R","M","$","M","M","R","B",null,"M","?","$","M","M","E","R","E","T","E","$","T","M","E","R","B",null],"character_chosen":"IRONCLAD","items_purchased":["CeramicFish","Shovel","Strange Spoon","Offering","Nunchaku","SpeedPotion","OrangePellets"],"campfire_rested":0,"item_purchase_floors":[5,21,37,37,45,45,45],"current_hp_per_floor":[80,80,80,80,80,80,90,90,90,90,90,95,95,95,95,55,95,95,95,87,87,85,87,87,65,65,65,59,59,59,52,52,69,98,98,98,98,98,90,81,81,81,81,81,81,81,75,81,81,103],"gold":114,"neow_bonus":"","is_daily":false,"chose_seed":false,"campfire_upgraded":8,"win_rate":0.0,"timestamp":1609254886,"path_taken":["M","M","M","?","$","R","E","R","T","M","E","?","M","E","R","BOSS","M","?","M","$","M","E","R","E","T","R","M","$","M","M","R","BOSS","M","?","$","M","M","E","R","E","T","E","$","?","?","E","R","BOSS"],"items_purchased_type":["Relic","Relic","Relic","Card","Relic","Potion","Relic"],"build_version":"2020-12-22","purchased_purges":5,"victory":true,"max_hp_per_floor":[80,80,80,80,80,80,90,90,90,90,90,95,95,95,95,95,95,95,95,95,95,98,98,98,98,98,98,98,98,98,98,98,98,98,98,98,98,98,103,103,103,103,103,103,103,103,103,103,103,103],"card_choices":[{"not_picked":["Body Slam","Headbutt"],"picked":"AT_BodySlamDance","floor":1},{"not_picked":["Sword Boomerang","Cleave"],"picked":"AT_CaressingTears","floor":1},{"not_picked":["Clothesline","Dark Embrace"],"picked":"Power Through","floor":2},{"not_picked":["Twin Strike","Sword Boomerang","Headbutt"],"picked":"SKIP","floor":2},{"not_picked":["Heavy Blade","Seeing Red"],"picked":"Power Through","floor":3},{"not_picked":["Shrug It Off","Seeing Red","Blood for Blood"],"picked":"SKIP","floor":3},{"not_picked":["Seeing Red","Blood for Blood"],"picked":"Shrug It Off","floor":3},{"not_picked":["Impervious","Demon Form"],"picked":"Berserk","floor":7},{"not_picked":["AT_ManFootWork","Body Slam","Headbutt"],"picked":"SKIP","floor":10},{"not_picked":["Cleave","Perfected Strike","Wild Strike"],"picked":"SKIP","floor":10},{"not_picked":["Exhume","Double Tap"],"picked":"Offering","floor":11},{"not_picked":["AT_IchimonjiDouble","Havoc","Dual Wield"],"picked":"SKIP","floor":13},{"not_picked":["Heavy Blade","Carnage","Anger"],"picked":"SKIP","floor":13},{"not_picked":["Juggernaut","Berserk"],"picked":"Feed","floor":14},{"not_picked":["Exhume","Corruption"],"picked":"AT_Dispersion","floor":16},{"not_picked":["Thunderclap","Iron Wave"],"picked":"Fire Breathing","floor":18},{"not_picked":["Twin Strike+1","Armaments","AT_BodySlamDance"],"picked":"SKIP","floor":18},{"not_picked":["Cleave","AT_IchimonjiDouble","Wild Strike+1"],"picked":"SKIP","floor":20},{"not_picked":["AT_IchimonjiDouble","Sword Boomerang","AT_ManFootWork"],"picked":"SKIP","floor":20},{"not_picked":["Armaments","Burning Pact+1","Thunderclap"],"picked":"SKIP","floor":22},{"not_picked":["Havoc","Flex","Cleave"],"picked":"SKIP","floor":22},{"not_picked":["Double Tap","Corruption","Feed"],"picked":"SKIP","floor":23},{"not_picked":["Demon Form","Bludgeon","Exhume"],"picked":"SKIP","floor":25},{"not_picked":["Shockwave","True Grit"],"picked":"AT_DiedThrough+1","floor":28},{"not_picked":["Iron Wave+1","Wild Strike+1","AT_ManFootWork+1"],"picked":"SKIP","floor":28},{"not_picked":["Infernal Blade","Metallicize+1"],"picked":"Bloodletting","floor":30},{"not_picked":["AT_DiedThrough+1","Shrug It Off","Battle Trance"],"picked":"SKIP","floor":30},{"not_picked":["Second Wind","Warcry"],"picked":"Power Through+1","floor":31},{"not_picked":["Headbutt","Clothesline+1"],"picked":"AT_ShrugMaster","floor":31},{"not_picked":["Berserk","Demon Form"],"picked":"Limit Break","floor":33},{"not_picked":["Inflame+1","Shrug It Off","Entrench"],"picked":"SKIP","floor":35},{"not_picked":["Warcry+1","True Grit","Hemokinesis+1"],"picked":"SKIP","floor":35},{"not_picked":["AT_ManFootWork","Sword Boomerang","Perfected Strike"],"picked":"SKIP","floor":38},{"not_picked":["Twin Strike+1","Feel No Pain+1","Second Wind+1"],"picked":"SKIP","floor":38},{"not_picked":["Bloodletting","Headbutt","Reckless Charge+1"],"picked":"SKIP","floor":39},{"not_picked":["True Grit+1","Perfected Strike","Blood for Blood"],"picked":"SKIP","floor":39},{"not_picked":["Corruption","Berserk","Offering"],"picked":"SKIP","floor":40},{"not_picked":["Berserk","Immolate","Demon Form"],"picked":"SKIP","floor":42},{"not_picked":["Demon Form","Feed"],"picked":"Barricade","floor":44},{"not_picked":["Iron Wave+1","Armaments+1","Pommel Strike+1"],"picked":"SKIP","floor":47},{"not_picked":["Shrug It Off+1","Uppercut+1","Intimidate"],"picked":"SKIP","floor":47},{"not_picked":["Bludgeon","Exhume","Corruption"],"picked":"SKIP","floor":48}],"player_experience":154340,"relics_obtained":[{"floor":7,"key":"Pear"},{"floor":9,"key":"Pantograph"},{"floor":11,"key":"Du-Vu Doll"},{"floor":14,"key":"Smiling Mask"},{"floor":23,"key":"AT_SpeedBoots"},{"floor":25,"key":"Unceasing Top"},{"floor":26,"key":"Boot"},{"floor":40,"key":"AT_BladeRuinedKing"},{"floor":40,"key":"HornCleat"},{"floor":42,"key":"AT_MibuBalloonWealth"},{"floor":42,"key":"Anchor"},{"floor":43,"key":"Letter Opener"},{"floor":44,"key":"Happy Flower"},{"floor":44,"key":"AT_DeathDance"},{"floor":46,"key":"Regal Pillow"},{"floor":48,"key":"Bronze Scales"},{"floor":48,"key":"AT_ArchangelStaff"}],"event_choices":[{"damage_healed":0,"gold_gain":175,"player_choice":"AGREE","damage_taken":0,"max_hp_gain":0,"max_hp_loss":0,"event_name":"Liars Game","floor":4,"gold_loss":0,"cards_obtained":["Doubt"]},{"damage_healed":0,"gold_gain":0,"player_choice":"Donut","damage_taken":0,"max_hp_gain":5,"max_hp_loss":0,"event_name":"Big Fish","floor":12,"gold_loss":0},{"damage_healed":0,"gold_gain":0,"player_choice":"Read","damage_taken":0,"max_hp_gain":0,"max_hp_loss":0,"event_name":"The Library","floor":19,"gold_loss":0,"cards_obtained":["Rupture"]},{"cards_removed":["Pummel"],"damage_healed":0,"gold_gain":0,"player_choice":"Removed Attack","damage_taken":0,"max_hp_gain":0,"max_hp_loss":0,"event_name":"Falling","floor":36,"gold_loss":0}],"is_beta":false,"boss_relics":[{"not_picked":["Velvet Choker","Runic Cube"],"picked":"Empty Cage"},{"not_picked":["Runic Dome","Black Blood"],"picked":"Black Star"}],"items_purged_floors":[5,21,29,37,45],"is_endless":false,"potions_floor_spawned":[7,10,16,18,20,23,25,38,39,48],"ascension_level":0}}