{"host":"fbjkyf8096sobcph","time":1609209781,"event":{"mods":["2.2 Compatiblity","AchievementEnabler","Aspiration","BaseMod","Better Altar","Better Match","Better Note","Better Sensory Stone","Better Skull","Better Third Choice","BetterRewards","CCEM","Clawfect","Colored Map","Conspire","Downfall","GifTheSpireLib","Halation","Highlight Path","Hubris","Mimic Mod","Minty Spire (QoL Compilation)","Permanent Neow","Replay The Spire","Shop Mod","Spicy Shops","StSLib","Stuff the Spire","Unceasing Turn Reminder","Waifu the Spire","everything is the same but u backflip on backflip","slay the spire mod where everything is the same but ironclad has a cowboy hat"],"gold_per_floor":[199,216,233,233,38,58,84,110,110,24,85,70,70,80,93,93,93,93],"floor_reached":16,"playtime":1326,"items_purged":["StuffTheSpire:CuriosityCurse"],"score":90,"play_id":"d9cff3e2-678c-486f-b313-a61e510b930e","local_time":"20201229034301","is_ascension_mode":false,"campfire_choices":[{"floor":1.0,"key":"RECALL"},{"data":"hexamod:GhostOfSpireFuture","floor":13.0,"key":"SMITH"}],"circlet_count":0,"master_deck":["hexamod:Strike","hexamod:Strike","hexamod:Strike","hexamod:Strike","hexamod:Defend","hexamod:Defend","hexamod:Defend","hexamod:Defend","hexamod:Sear","hexamod:Float","hexamod:StepThrough","hexamod:ChargedBarrage","hexamod:HauntingEcho","hexamod:GhostOfSpireFuture+1","hexamod:PhantomFireball","hexamod:NecessarySacrifice","hexamod:Firestarter","hexamod:GhostOfSpireFuture","hexamod:FlamesFromBeyond","hexamod:EmpoweredFlame","hexamod:SoulSteal"],"relics":["hexamod:SpiritBrand","Shuriken","Odd Mushroom","hubris:Towel","aspiration:DSix","CCEMRelics:D6"],"acts_visited":["Exordium"],"potions_floor_usage":[15,15],"damage_taken":[{"damage":1.0,"enemies":"2 Louse","floor":2.0,"turns":3.0},{"damage":4.0,"enemies":"Small Slimes","floor":3.0,"turns":3.0},{"damage":0.0,"enemies":"downfall:FleeingMerchant","floor":5.0,"turns":4.0},{"damage":2.0,"enemies":"conspire:RoseBush","floor":6.0,"turns":2.0},{"damage":15.0,"enemies":"The Mushroom Lair","floor":8.0,"turns":5.0},{"damage":4.0,"enemies":"downfall:FleeingMerchant","floor":10.0,"turns":4.0},{"damage":24.0,"enemies":"Gremlin Nob","floor":11.0,"turns":4.0},{"damage":2.0,"enemies":"downfall:FleeingMerchant","floor":12.0,"turns":4.0},{"damage":10.0,"enemies":"conspire:2 RoseBushes","floor":14.0,"turns":5.0},{"damage":4,"enemies":"Gremlin Gang","floor":15,"turns":5},{"damage":5,"enemies":"downfall:Ironclad","floor":16,"turns":2}],"seed_played":"-5348748462322945330","potions_obtained":[{"floor":2.0,"key":"Cursed Concoction"},{"floor":3.0,"key":"Energy Potion"},{"floor":8.0,"key":"SkillPotion"},{"floor":14.0,"key":"Venom Potion"}],"is_trial":false,"path_per_floor":["R","M","M","?","$","M","T","?","?","$","?","$","R","M","M","B"],"character_chosen":"THE_SPIRIT","items_purchased":["hexamod:GhostOfSpireFuture","aspiration:DSix"],"campfire_rested":0,"item_purchase_floors":[5,10],"current_hp_per_floor":[70,69,65,65,65,63,63,48,48,44,20,18,18,8,4,0,0,0],"gold":93,"neow_bonus":"HUNDRED_GOLD","is_daily":false,"chose_seed":false,"campfire_upgraded":1,"win_rate":0.0,"timestamp":1609209781,"path_taken":["R","M","M","?","$","M","T","?","?","?","?","$","R","?","M","BOSS"],"items_purchased_type":["Card","Relic"],"build_version":"2020-12-22","purchased_purges":1,"victory":false,"max_hp_per_floor":[70,70,70,70,70,70,70,70,70,70,70,70,70,70,70,70,70,70],"card_choices":[{"not_picked":["hexamod:RecurringNightmare","hexamod:NecessarySacrifice"],"picked":"hexamod:StepThrough","floor":2.0},{"not_picked":["hexamod:NightmareGuise","hexamod:InspiringFlames"],"picked":"hexamod:ChargedBarrage","floor":3.0},{"not_picked":["hexamod:ShieldOfDarkness","hexamod:BurningTouch"],"picked":"hexamod:HauntingEcho","floor":5.0},{"not_picked":["hexamod:Incineration","hexamod:NightmareGuise"],"picked":"hexamod:PhantomFireball","floor":6.0},{"not_picked":["hexamod:NightmareStrike","hexamod:GhostShield"],"picked":"hexamod:NecessarySacrifice","floor":8.0},{"not_picked":["hexamod:AdvancingGuard","hexamod:GhostShield"],"picked":"hexamod:Firestarter","floor":10.0},{"not_picked":["hexamod:RetreatToShadows","hexamod:NecessarySacrifice"],"picked":"hexamod:GhostOfSpireFuture","floor":11.0},{"not_picked":["hexamod:Hexaguard","hexamod:SwordOfDarkness"],"picked":"hexamod:FlamesFromBeyond","floor":12.0},{"not_picked":["hexamod:HeatShield","hexamod:InspiringFlames"],"picked":"hexamod:EmpoweredFlame","floor":14.0},{"not_picked":["hexamod:FastForward","hexamod:NightmareStrike"],"picked":"hexamod:SoulSteal","floor":15}],"player_experience":256636,"relics_obtained":[{"floor":8.0,"key":"Odd Mushroom"},{"floor":11.0,"key":"CCEMRelics:D6"}],"event_choices":[{"damage_healed":0.0,"max_hp_gain":0.0,"max_hp_loss":0.0,"gold_gain":0.0,"event_name":"Mushrooms","player_choice":"Fought Mushrooms","floor":8.0,"gold_loss":0.0,"damage_taken":0.0}],"is_beta":false,"boss_relics":[],"items_purged_floors":[5],"is_endless":false,"potions_floor_spawned":[2,3,8,14],"killed_by":"downfall:Ironclad","ascension_level":0}}