{"host":"eydwxg59205c3vtl","time":1609210042,"event":{"mods":["2.2 Compatiblity","BaseMod","Colored Map","Colored Powertips","Hubris","Minty Spire (QoL Compilation)","StSLib","The Necromancer"],"gold_per_floor":[109,128,148,148,148,177,195,195,195,42,42,69,79,98,98,175,175,185,185,185,205,218,247,346,346,373,373,373,373,500,500,500,575,575,587,601,84,84,84,97,97,125,149,118,118,144,154,186,186,186,186],"floor_reached":50,"playtime":2114,"items_purged":["Strike_W"],"score":995,"play_id":"d9bdd158-a901-440b-8797-7eb5b71c6653","local_time":"20201228214722","is_ascension_mode":true,"campfire_choices":[{"floor":11.0,"key":"REST"},{"data":"Blood_Curse","floor":15.0,"key":"SMITH"},{"data":"Plague_Bolt","floor":25.0,"key":"SMITH"},{"data":"Summon_Vampire_Lady","floor":27.0,"key":"SMITH"},{"data":"Exploit","floor":32.0,"key":"SMITH"},{"data":"Negative_Energy_Mist","floor":45.0,"key":"SMITH"},{"data":"Negative_Energy_Bomb","floor":49,"key":"SMITH"}],"circlet_count":0,"master_deck":["AscendersBane","Strike_W","Defend_W","Defend_W","Defend_W","Defend_W","Negative_Energy_Arrows+1","Bone_Wall","Negative_Energy_Sphere","Blood_Curse+1","Negative_Energy_Sphere","Blood_Is_Power+1","Negative_Energy_Shield","Summon_Vampire_Lady+1","Plague_Bolt+1","Exploit+1","Negative_Energy_Bomb+1","Negative_Energy_Shield","Exploit","Negative_Energy_Mist+1","Negative_Energy_Shield","Finesse","Vampiric_Strike","Negative_Energy_Sphere+1"],"relics":["Vampire_Amulet","Kunai","hubris:MysteriousPyramids","Lantern","Omamori","Philosopher\u0027s Stone","hubris:Potato","Blood Vial","hubris:Icosahedron","Incense Burner","hubris:RunicObelisk","Boot","hubris:BottledRain","Frozen Egg 2","Pen Nib","Mercury Hourglass","Toy Ornithopter"],"acts_visited":["Exordium","TheCity","TheBeyond"],"potions_floor_usage":[46,46,48,48,48,50,50],"damage_taken":[{"damage":0.0,"enemies":"2 Louse","floor":1.0,"turns":3.0},{"damage":3.0,"enemies":"Jaw Worm","floor":2.0,"turns":3.0},{"damage":2.0,"enemies":"Small Slimes","floor":3.0,"turns":3.0},{"damage":29.0,"enemies":"Lagavulin","floor":6.0,"turns":8.0},{"damage":7.0,"enemies":"Blue Slaver","floor":7.0,"turns":5.0},{"damage":9.0,"enemies":"Gremlin Nob","floor":12.0,"turns":3.0},{"damage":0.0,"enemies":"3 Louse","floor":13.0,"turns":3.0},{"damage":2.0,"enemies":"Red Slaver","floor":14.0,"turns":3.0},{"damage":30.0,"enemies":"The Guardian","floor":16.0,"turns":10.0},{"damage":0.0,"enemies":"3 Byrds","floor":18.0,"turns":6.0},{"damage":11.0,"enemies":"Chosen","floor":21.0,"turns":4.0},{"damage":28.0,"enemies":"Snecko","floor":22.0,"turns":6.0},{"damage":18.0,"enemies":"Gremlin Leader","floor":23.0,"turns":5.0},{"damage":9.0,"enemies":"Book of Stabbing","floor":30.0,"turns":6.0},{"damage":42.0,"enemies":"hubris:MusketHawk","floor":33.0,"turns":7.0},{"damage":5.0,"enemies":"3 Darklings","floor":35.0,"turns":6.0},{"damage":7.0,"enemies":"Orb Walker","floor":36.0,"turns":4.0},{"damage":8.0,"enemies":"Sphere and 2 Shapes","floor":40.0,"turns":5.0},{"damage":20.0,"enemies":"Reptomancer","floor":42.0,"turns":6.0},{"damage":13.0,"enemies":"Jaw Worm Horde","floor":44.0,"turns":5.0},{"damage":37,"enemies":"Giant Head","floor":46,"turns":10},{"damage":19,"enemies":"4 Shapes","floor":47,"turns":5},{"damage":20,"enemies":"Reptomancer","floor":48,"turns":8},{"damage":139,"enemies":"hubris:GrandSnecko","floor":50,"turns":15}],"seed_played":"-3383335653281957302","potions_obtained":[{"floor":3.0,"key":"LiquidMemories"},{"floor":7.0,"key":"FearPotion"},{"floor":12.0,"key":"GamblersBrew"},{"floor":16.0,"key":"EssenceOfSteel"},{"floor":21.0,"key":"ColorlessPotion"},{"floor":23.0,"key":"Block Potion"},{"floor":30.0,"key":"ColorlessPotion"},{"floor":33.0,"key":"Fruit Juice"},{"floor":35.0,"key":"Block Potion"},{"floor":40.0,"key":"Fire Potion"},{"floor":42.0,"key":"EntropicBrew"},{"floor":48,"key":"BlessingOfTheForge"}],"is_trial":false,"path_per_floor":["M","M","M","?","?","E","M","?","T","$","R","E","M","M","R","B",null,"M","?","?","M","M","E","?","R","T","R","?","?","E","?","R","B",null,"M","M","$","?","?","M","?","E","T","M","R","E","M","E","R","B"],"character_chosen":"NECROMANCER","items_purchased":["Lantern","Negative_Energy_Mist","Boot","hubris:BottledRain"],"campfire_rested":1,"item_purchase_floors":[10,37,37,37],"current_hp_per_floor":[72,71,73,66,66,39,34,34,34,34,56,49,55,55,55,27,63,75,75,75,72,57,52,52,52,52,52,52,52,62,62,62,42,67,80,78,78,78,76,73,73,64,64,68,68,64,58,63,63,0,0],"gold":186,"neow_bonus":"THREE_CARDS","is_daily":false,"chose_seed":false,"campfire_upgraded":6,"win_rate":0.0,"timestamp":1609210042,"path_taken":["M","M","M","?","?","E","M","?","T","?","R","E","M","M","R","BOSS","M","?","?","?","M","E","?","R","T","R","?","?","E","?","R","BOSS","M","M","$","?","?","M","?","E","T","M","R","E","M","E","R","BOSS"],"items_purchased_type":["Relic","Card","Relic","Relic"],"build_version":"2020-12-22","purchased_purges":1,"victory":false,"max_hp_per_floor":[75,75,75,75,75,75,75,75,75,75,75,75,75,75,75,75,75,75,75,75,75,75,75,75,75,75,75,75,75,75,75,75,75,75,80,80,80,80,76,76,76,76,76,76,76,76,76,76,76,76,76],"card_choices":[{"not_picked":["Toxic_Smoke_Screen","Epidemic"],"picked":"Negative_Energy_Sphere","floor":0.0},{"not_picked":["Finger_Of_Death","Thousand_Bone_Knives"],"picked":"Blood_Curse","floor":1.0},{"not_picked":["Bone_Bullets","Finger_Of_Death"],"picked":"Negative_Energy_Sphere","floor":2.0},{"not_picked":["Bone_Bullets","Violent_Necrosis"],"picked":"Blood_Is_Power","floor":3.0},{"not_picked":["Finger_Of_Death","Violent_Necrosis","Reap_The_Weak"],"picked":"SKIP","floor":6.0},{"not_picked":["Death_March_Dance","Death_Coil","Uncharnel"],"picked":"SKIP","floor":7.0},{"not_picked":["Negative_Energy_Mist","Blood_Whip"],"picked":"Negative_Energy_Shield","floor":12.0},{"not_picked":["Stop_Heart","Blood_Whip","Strike_from_Beyond"],"picked":"SKIP","floor":13.0},{"not_picked":["Scare","Blood_Shield","Toxic_Smoke_Screen"],"picked":"SKIP","floor":14.0},{"not_picked":["Reap_The_Weak","Detonate_Bones"],"picked":"Summon_Vampire_Lady","floor":16.0},{"not_picked":["Bone_Spikes","Death_Knell","Summon_Undead_Army"],"picked":"SKIP","floor":18.0},{"not_picked":["Bone_Bullets","Scare","Bone_Spikes"],"picked":"SKIP","floor":21.0},{"not_picked":["Thousand_Bone_Knives","Summon_Lich","Negative_Energy_Sphere"],"picked":"SKIP","floor":22.0},{"not_picked":["Scare","Bone_Shift+1"],"picked":"Plague_Bolt","floor":23.0},{"not_picked":["Bone_Shift","Blood_Is_Power"],"picked":"Exploit","floor":30.0},{"not_picked":["Requiem","Grasp_Heart"],"picked":"Negative_Energy_Bomb","floor":33.0},{"not_picked":["Consume_Illness","Pandemic"],"picked":"Negative_Energy_Shield","floor":35.0},{"not_picked":["Finger_Of_Death","Necrotic_Claws"],"picked":"Exploit","floor":36.0},{"not_picked":["Pandemic","Shackles_Of_Pain"],"picked":"Negative_Energy_Shield","floor":40.0},{"not_picked":["Discovery","hubris:Ssssneak"],"picked":"Finesse","floor":41.0},{"not_picked":["Exploit","Life_Drain"],"picked":"Vampiric_Strike","floor":42.0},{"not_picked":["Summon_Lich+1","Epidemic","Life_Drain+1"],"picked":"SKIP","floor":44.0},{"not_picked":["Blood_Wake","Plague_Bolt"],"picked":"Negative_Energy_Sphere+1","floor":46},{"not_picked":["Death_Coil","Blood_Curse","Bone_Shift+1"],"picked":"SKIP","floor":47},{"not_picked":["Shackles_Of_Pain","Finger_Of_Death+1","Summon_Death_Knight+1"],"picked":"SKIP","floor":48}],"player_experience":555705,"relics_obtained":[{"floor":6.0,"key":"Kunai"},{"floor":9.0,"key":"hubris:MysteriousPyramids"},{"floor":12.0,"key":"Omamori"},{"floor":23.0,"key":"hubris:Potato"},{"floor":26.0,"key":"Blood Vial"},{"floor":30.0,"key":"Incense Burner"},{"floor":42.0,"key":"Frozen Egg 2"},{"floor":43.0,"key":"Pen Nib"},{"floor":46,"key":"Mercury Hourglass"},{"floor":48,"key":"Toy Ornithopter"}],"event_choices":[{"cards_removed":["Strike_W"],"damage_healed":0.0,"max_hp_gain":0.0,"max_hp_loss":0.0,"gold_gain":0.0,"event_name":"Golden Wing","player_choice":"Card Removal","floor":4.0,"gold_loss":0.0,"damage_taken":7.0},{"damage_healed":0.0,"max_hp_gain":0.0,"max_hp_loss":0.0,"gold_gain":0.0,"event_name":"Liars Game","player_choice":"Ignored","floor":5.0,"gold_loss":0.0,"damage_taken":0.0},{"damage_healed":0.0,"max_hp_gain":0.0,"max_hp_loss":0.0,"gold_gain":0.0,"event_name":"Living Wall","player_choice":"Grow","floor":8.0,"gold_loss":0.0,"damage_taken":0.0,"cards_upgraded":["Blood_Is_Power"]},{"damage_healed":0.0,"max_hp_gain":0.0,"max_hp_loss":0.0,"gold_gain":0.0,"event_name":"Vampires","player_choice":"Ignored","floor":19.0,"gold_loss":0.0,"damage_taken":0.0},{"cards_removed":["Strike_W"],"damage_healed":0.0,"max_hp_gain":0.0,"max_hp_loss":0.0,"gold_gain":0.0,"event_name":"Purifier","player_choice":"Purged","floor":20.0,"gold_loss":0.0,"damage_taken":0.0},{"damage_healed":0.0,"max_hp_gain":0.0,"max_hp_loss":0.0,"gold_gain":99.0,"event_name":"Nest","player_choice":"Stole From Cult","floor":24.0,"gold_loss":0.0,"damage_taken":0.0},{"damage_healed":0.0,"max_hp_gain":0.0,"max_hp_loss":0.0,"gold_gain":0.0,"event_name":"The Woman in Blue","player_choice":"Bought 0 Potions","floor":31.0,"gold_loss":0.0,"damage_taken":0.0},{"damage_healed":0.0,"max_hp_gain":0.0,"max_hp_loss":4.0,"gold_gain":0.0,"event_name":"Winding Halls","player_choice":"Max HP","floor":39.0,"gold_loss":0.0,"damage_taken":0.0},{"damage_healed":0.0,"max_hp_gain":0.0,"max_hp_loss":0.0,"gold_gain":0.0,"event_name":"SensoryStone","player_choice":"Memory 1","floor":41.0,"gold_loss":0.0,"damage_taken":0.0}],"is_beta":false,"boss_relics":[{"not_picked":["Velvet Choker","hubris:CrackedHourglass"],"picked":"Philosopher\u0027s Stone"},{"not_picked":["hubris:TerracottaHorce","hubris:BlackHole"],"picked":"hubris:RunicObelisk"}],"items_purged_floors":[37],"is_endless":false,"potions_floor_spawned":[3,7,12,16,21,22,23,30,33,35,40,42,44,48],"killed_by":"hubris:GrandSnecko","ascension_level":13}}