{"host":"eydwxg59205c3vtl","time":1609213373,"event":{"mods":["2.2 Compatiblity","BaseMod","Colored Map","Colored Powertips","Hubris","Minty Spire (QoL Compilation)","StSLib","The Necromancer"],"gold_per_floor":[115,115,134,134,148,148,148,164,191,191,214,214,50,62,62,133,133,243,293,293,293,218,218,243,267,267,267,284,316,316,344,344,422,422,436,168,185,198,216,251,276,276,300,300,29,29,58,77,77,27,27,27],"floor_reached":51,"playtime":2072,"items_purged":[],"score":1498,"play_id":"6aa02e6e-2237-4bec-863a-3d99274dec6d","local_time":"20201228224253","is_ascension_mode":true,"campfire_choices":[{"data":"Twin Strike","floor":7.0,"key":"SMITH"},{"data":"Iron Wave","floor":10.0,"key":"SMITH"},{"data":"Bash","floor":15.0,"key":"SMITH"},{"data":"Double Tap","floor":23.0,"key":"SMITH"},{"data":"Metallicize","floor":27.0,"key":"SMITH"},{"floor":30.0,"key":"REST"},{"floor":32.0,"key":"REST"},{"data":"Flame Barrier","floor":42.0,"key":"SMITH"},{"data":"Defend_R","floor":44.0,"key":"SMITH"},{"floor":49.0,"key":"REST"}],"circlet_count":0,"master_deck":["AscendersBane","Defend_R","Defend_R+1","Bash+1","Infernal Blade","Cleave+1","Twin Strike+1","Iron Wave+1","Spot Weakness","Double Tap+1","Exhume+1","Impervious+1","Body Slam+1","Shrug It Off","Metallicize+1","Iron Wave+1","Flame Barrier+1","Sword Boomerang","Offering","Pommel Strike+1","Headbutt","Twin Strike+1","Twin Strike"],"relics":["Burning Blood","Juzu Bracelet","hubris:Icosahedron","Bag of Marbles","Odd Mushroom","White Beast Statue","hubris:OldNail","Astrolabe","PreservedInsect","Whetstone","Bronze Scales","TungstenRod","hubris:Reverence","Regal Pillow","Empty Cage","Ornamental Fan","Pantograph","hubris:Spice","hubris:TinFlute"],"acts_visited":["Exordium","TheCity","TheBeyond"],"potions_floor_usage":[],"damage_taken":[{"damage":1.0,"enemies":"2 Louse","floor":1.0,"turns":3.0},{"damage":6.0,"enemies":"Cultist","floor":3.0,"turns":3.0},{"damage":2.0,"enemies":"Small Slimes","floor":5.0,"turns":4.0},{"damage":12.0,"enemies":"2 Fungi Beasts","floor":8.0,"turns":3.0},{"damage":4.0,"enemies":"The Mushroom Lair","floor":11.0,"turns":2.0},{"damage":11.0,"enemies":"Looter","floor":14.0,"turns":2.0},{"damage":22.0,"enemies":"Hexaghost","floor":16.0,"turns":7.0},{"damage":17.0,"enemies":"2 Thieves","floor":18.0,"turns":4.0},{"damage":0.0,"enemies":"Book of Stabbing","floor":24.0,"turns":3.0},{"damage":0.0,"enemies":"Spheric Guardian","floor":28.0,"turns":6.0},{"damage":44.0,"enemies":"Slavers","floor":29.0,"turns":5.0},{"damage":23.0,"enemies":"Book of Stabbing","floor":31.0,"turns":2.0},{"damage":59.0,"enemies":"Champ","floor":33.0,"turns":13.0},{"damage":26.0,"enemies":"3 Shapes","floor":35.0,"turns":3.0},{"damage":8.0,"enemies":"3 Darklings","floor":37.0,"turns":4.0},{"damage":13.0,"enemies":"Jaw Worm Horde","floor":38.0,"turns":4.0},{"damage":10.0,"enemies":"Maw","floor":39.0,"turns":6.0},{"damage":32.0,"enemies":"Nemesis","floor":40.0,"turns":5.0},{"damage":10.0,"enemies":"Mind Bloom Boss Battle","floor":41.0,"turns":7.0},{"damage":12.0,"enemies":"Giant Head","floor":47.0,"turns":2.0},{"damage":5.0,"enemies":"Sphere and 2 Shapes","floor":48.0,"turns":4.0},{"damage":86.0,"enemies":"Donu and Deca","floor":50.0,"turns":9.0},{"damage":55,"enemies":"hubris:GrandSnecko","floor":51,"turns":9}],"seed_played":"-4558516028124037716","potions_obtained":[{"floor":1.0,"key":"Explosive Potion"},{"floor":5.0,"key":"HeartOfIron"},{"floor":8.0,"key":"Strength Potion"},{"floor":14.0,"key":"ColorlessPotion"},{"floor":18.0,"key":"SmokeBomb"},{"floor":24.0,"key":"Block Potion"},{"floor":28.0,"key":"Regen Potion"},{"floor":29.0,"key":"SpeedPotion"},{"floor":31.0,"key":"Weak Potion"},{"floor":33.0,"key":"BloodPotion"},{"floor":35.0,"key":"SneckoOil"},{"floor":37.0,"key":"LiquidBronze"},{"floor":38.0,"key":"AttackPotion"},{"floor":39.0,"key":"Dexterity Potion"},{"floor":41.0,"key":"BloodPotion"},{"floor":47.0,"key":"DuplicationPotion"},{"floor":48.0,"key":"PowerPotion"}],"is_trial":false,"path_per_floor":["M","?","M","?","M","?","R","M","T","R","?","?","$","M","R","B",null,"M","?","?","?","?","R","E","T","T","R","M","E","R","E","R","B",null,"M","$","M","M","M","E","?","R","T","R","$","NS","E","M","R","B","B"],"character_chosen":"IRONCLAD","items_purchased":["hubris:OldNail","Ornamental Fan","hubris:TinFlute"],"campfire_rested":3,"item_purchase_floors":[13,36,45],"current_hp_per_floor":[73,73,73,73,75,75,75,69,69,69,71,71,71,66,66,50,69,58,58,58,58,58,58,64,64,64,64,70,37,59,42,75,32,64,44,44,57,50,46,20,49,49,57,57,57,57,67,68,83,30,0,0],"gold":27,"neow_bonus":"RANDOM_COMMON_RELIC","is_daily":false,"chose_seed":false,"campfire_upgraded":7,"win_rate":0.0,"timestamp":1609213373,"path_taken":["M","?","M","?","M","?","R","M","T","R","?","?","$","M","R","BOSS","M","?","?","?","?","R","E","?","T","R","M","E","R","E","R","BOSS","M","$","M","M","M","E","?","R","T","R","$","NS","E","M","R","BOSS","BOSS"],"items_purchased_type":["Relic","Relic","Relic"],"build_version":"2020-12-22","purchased_purges":0,"victory":false,"max_hp_per_floor":[75,75,75,75,75,75,75,75,75,75,75,75,75,75,75,75,75,75,75,75,75,75,75,75,75,75,75,75,75,75,75,75,75,75,75,75,75,75,75,75,83,83,91,91,91,91,83,83,83,83,83,83],"card_choices":[{"not_picked":["Havoc","Hemokinesis"],"picked":"Spot Weakness","floor":1.0},{"not_picked":["Wild Strike","Disarm"],"picked":"Cleave","floor":3.0},{"not_picked":["Anger","Pommel Strike"],"picked":"Twin Strike","floor":5.0},{"not_picked":["Anger","hubris:CleavingFinish"],"picked":"Iron Wave","floor":8.0},{"not_picked":["Perfected Strike","Anger"],"picked":"Spot Weakness","floor":14.0},{"not_picked":["Feed","Reaper"],"picked":"Double Tap","floor":16.0},{"not_picked":["Iron Wave","Sword Boomerang+1"],"picked":"Shrug It Off","floor":18.0},{"not_picked":["Exhume","Disarm"],"picked":"Metallicize","floor":24.0},{"not_picked":["Warcry","Dark Embrace"],"picked":"Iron Wave","floor":28.0},{"not_picked":["Clash+1","Shrug It Off"],"picked":"Flame Barrier","floor":29.0},{"not_picked":["Flex+1","Hemokinesis+1"],"picked":"Sword Boomerang","floor":31.0},{"not_picked":["Impervious","Feed"],"picked":"Offering","floor":33.0},{"not_picked":["Iron Wave","Wild Strike"],"picked":"Pommel Strike+1","floor":35.0},{"not_picked":["Rampage","Heavy Blade","Rupture"],"picked":"SKIP","floor":37.0},{"not_picked":["Fire Breathing+1","Dropkick"],"picked":"Headbutt","floor":38.0},{"not_picked":["Combust","Flex"],"picked":"Twin Strike+1","floor":39.0},{"not_picked":["hubris:SharpeningStone","Body Slam","Rupture+1"],"picked":"SKIP","floor":40.0},{"not_picked":["Searing Blow","Wild Strike"],"picked":"Twin Strike","floor":47.0},{"not_picked":["Juggernaut","hubris:SpiceAddiction","Perfected Strike+1"],"picked":"SKIP","floor":48.0}],"player_experience":558196,"relics_obtained":[{"floor":9.0,"key":"Bag of Marbles"},{"floor":11.0,"key":"Odd Mushroom"},{"floor":24.0,"key":"Whetstone"},{"floor":25.0,"key":"Bronze Scales"},{"floor":26.0,"key":"TungstenRod"},{"floor":29.0,"key":"hubris:Reverence"},{"floor":31.0,"key":"Regal Pillow"},{"floor":40.0,"key":"Pantograph"},{"floor":41.0,"key":"hubris:Spice"},{"floor":43.0,"key":"hubris:Spice"},{"floor":47.0,"key":"hubris:Spice"}],"event_choices":[{"damage_healed":0.0,"max_hp_gain":0.0,"max_hp_loss":0.0,"gold_gain":0.0,"cards_transformed":["Strike_R"],"event_name":"Transmorgrifier","player_choice":"Transformed","floor":2.0,"gold_loss":0.0,"damage_taken":0.0,"cards_obtained":["Infernal Blade"]},{"cards_removed":["Strike_R"],"damage_healed":0.0,"max_hp_gain":0.0,"max_hp_loss":0.0,"gold_gain":0.0,"event_name":"Living Wall","player_choice":"Forget","floor":4.0,"gold_loss":0.0,"damage_taken":0.0},{"damage_healed":0.0,"max_hp_gain":0.0,"max_hp_loss":0.0,"gold_gain":0.0,"event_name":"Mushrooms","player_choice":"Fought Mushrooms","floor":11.0,"gold_loss":0.0,"damage_taken":0.0},{"damage_healed":0.0,"max_hp_gain":0.0,"max_hp_loss":0.0,"gold_gain":0.0,"event_name":"WeMeetAgain","player_choice":"Gave Potion","floor":12.0,"gold_loss":0.0,"damage_taken":0.0,"relics_obtained":["White Beast Statue"]},{"damage_healed":0.0,"max_hp_gain":0.0,"max_hp_loss":0.0,"gold_gain":50.0,"event_name":"Nest","player_choice":"Stole From Cult","floor":19.0,"gold_loss":0.0,"damage_taken":0.0},{"cards_removed":["Defend_R"],"damage_healed":0.0,"max_hp_gain":0.0,"max_hp_loss":0.0,"gold_gain":0.0,"event_name":"Back to Basics","player_choice":"Elegance","floor":20.0,"gold_loss":0.0,"damage_taken":0.0},{"damage_healed":0.0,"max_hp_gain":0.0,"max_hp_loss":0.0,"gold_gain":0.0,"event_name":"The Mausoleum","player_choice":"Opened","floor":21.0,"gold_loss":0.0,"damage_taken":0.0,"relics_obtained":["PreservedInsect"],"cards_obtained":["Writhe"]},{"cards_removed":["Writhe"],"damage_healed":0.0,"max_hp_gain":0.0,"max_hp_loss":0.0,"gold_gain":0.0,"event_name":"Beggar","player_choice":"Gave Gold","floor":22.0,"gold_loss":75.0,"damage_taken":0.0},{"damage_healed":0.0,"max_hp_gain":0.0,"max_hp_loss":0.0,"gold_gain":0.0,"event_name":"MindBloom","player_choice":"Fight","floor":41.0,"gold_loss":0.0,"damage_taken":0.0}],"is_beta":false,"boss_relics":[{"not_picked":["Pandora\u0027s Box","Mark of Pain"],"picked":"Astrolabe"},{"not_picked":["Sozu","Velvet Choker"],"picked":"Empty Cage"}],"items_purged_floors":[],"is_endless":false,"potions_floor_spawned":[1,5,8,14,16,18,24,28,29,31,33,35,37,38,39,40,41,47,48],"killed_by":"hubris:GrandSnecko","ascension_level":20}}