{"host":"dw2ay8i719i7xlef","time":1609224750,"event":{"mods":["BaseMod","Minty Spire (QoL Compilation)"],"gold_per_floor":[110,110,120,120,138,172,182,215,215,14,14,14,47,5,5,81,81,96,96,96,123,133,165,165,193,193,193,118,137,153,169,169,240,240,257,257,257,331,342,342,355,355,355,375,386,89,89,99,99,99],"floor_reached":51,"playtime":10466,"items_purged":["Defend_P"],"score":1271,"play_id":"bd24c7fe-a77a-4e08-8c5c-32d25a92b13d","local_time":"20201229005230","is_ascension_mode":true,"campfire_choices":[{"data":"WindmillStrike","floor":12.0,"key":"SMITH"},{"floor":15.0,"key":"REST"},{"data":"Establishment","floor":24.0,"key":"SMITH"},{"floor":27.0,"key":"REST"},{"floor":32.0,"key":"REST"},{"data":"Blasphemy","floor":40.0,"key":"SMITH"},{"data":"Omniscience","floor":42,"key":"SMITH"},{"floor":49,"key":"RECALL"}],"circlet_count":0,"master_deck":["AscendersBane","Strike_P+1","Strike_P+1","Strike_P+1","Strike_P+1","Defend_P+1","Defend_P+1","Defend_P+1","Eruption+1","Vigilance+1","Protect+1","BattleHymn+1","Vengeance+1","Devotion+1","Protect+1","WindmillStrike+1","Protect+1","Establishment+1","Blasphemy+1","BowlingBash+1","WindmillStrike+1","ClearTheMind+1","CarveReality+1","Omniscience+1","Ragnarok+1","Omniscience+1"],"relics":["PureWater","Tiny Chest","Pear","InkBottle","Happy Flower","Bottled Flame","HandDrill","Torii","Mummified Hand","Philosopher\u0027s Stone","Vajra","CaptainsWheel","HornCleat","Kunai","Busted Crown","Centennial Puzzle","TeardropLocket","Incense Burner","Nunchaku","Mark of the Bloom"],"acts_visited":[],"potions_floor_usage":[48,50],"damage_taken":[{"damage":9.0,"enemies":"Jaw Worm","floor":1.0,"turns":5.0},{"damage":2.0,"enemies":"2 Louse","floor":3.0,"turns":4.0},{"damage":4.0,"enemies":"Small Slimes","floor":5.0,"turns":4.0},{"damage":0.0,"enemies":"Lagavulin","floor":6.0,"turns":4.0},{"damage":9.0,"enemies":"3 Louse","floor":7.0,"turns":4.0},{"damage":3.0,"enemies":"3 Sentries","floor":8.0,"turns":6.0},{"damage":0.0,"enemies":"Lagavulin","floor":13.0,"turns":4.0},{"damage":3.0,"enemies":"Hexaghost","floor":16.0,"turns":7.0},{"damage":8.0,"enemies":"Chosen","floor":18.0,"turns":6.0},{"damage":0.0,"enemies":"Spheric Guardian","floor":22.0,"turns":3.0},{"damage":1.0,"enemies":"Gremlin Leader","floor":23.0,"turns":6.0},{"damage":47.0,"enemies":"Slavers","floor":25.0,"turns":4.0},{"damage":0.0,"enemies":"Snecko","floor":29.0,"turns":4.0},{"damage":0.0,"enemies":"Shelled Parasite and Fungi","floor":30.0,"turns":4.0},{"damage":18.0,"enemies":"Snake Plant","floor":31.0,"turns":2.0},{"damage":0.0,"enemies":"Collector","floor":33.0,"turns":6.0},{"damage":3.0,"enemies":"3 Shapes","floor":35.0,"turns":2.0},{"damage":2.0,"enemies":"3 Darklings","floor":39.0,"turns":3.0},{"damage":0.0,"enemies":"Maw","floor":41.0,"turns":4.0},{"damage":1,"enemies":"Transient","floor":44,"turns":5},{"damage":0,"enemies":"Writhing Mass","floor":45,"turns":4},{"damage":0,"enemies":"Maw","floor":48,"turns":4},{"damage":26,"enemies":"Donu and Deca","floor":50,"turns":4}],"seed_played":"8129844564781849255","potions_obtained":[{"floor":3.0,"key":"Swift Potion"},{"floor":5.0,"key":"Dexterity Potion"},{"floor":13.0,"key":"DistilledChaos"},{"floor":18.0,"key":"GamblersBrew"},{"floor":29.0,"key":"Weak Potion"},{"floor":30.0,"key":"DuplicationPotion"},{"floor":35.0,"key":"CultistPotion"},{"floor":45,"key":"BlessingOfTheForge"}],"is_trial":false,"path_per_floor":["M","?","M","?","M","E","M","E","T","$","T","R","E","?","R","B",null,"M","?","?","T","M","E","R","E","T","R","$","M","M","M","R","B",null,"M","?","T","T","M","R","M","R","T","M","M","$","?","M","R","B",null],"character_chosen":"WATCHER","items_purchased":["HandDrill","Protect","Nunchaku","Omniscience"],"campfire_rested":3,"item_purchase_floors":[10,10,46,46],"current_hp_per_floor":[56,48,46,46,42,42,33,30,30,30,30,30,30,30,54,51,74,66,50,50,50,50,49,49,2,2,28,28,28,28,10,36,36,74,71,71,71,71,69,69,69,69,69,68,68,68,68,68,68,42],"gold":99,"neow_bonus":"RANDOM_COMMON_RELIC","is_daily":false,"chose_seed":false,"campfire_upgraded":4,"win_rate":0.0,"timestamp":1609224750,"path_taken":["M","?","M","?","M","E","M","E","T","?","?","R","E","?","R","BOSS","M","?","?","?","M","E","R","E","T","R","?","M","M","M","R","BOSS","M","?","?","?","M","R","M","R","T","M","M","$","?","M","R","BOSS"],"items_purchased_type":["Relic","Card","Relic","Card"],"build_version":"2020-12-22","purchased_purges":1,"victory":true,"max_hp_per_floor":[72,82,82,82,82,82,82,82,82,82,82,82,82,82,82,82,82,82,87,87,87,87,87,87,87,87,87,87,87,87,87,87,87,87,87,87,87,87,87,87,87,87,87,87,87,87,87,87,87,87],"card_choices":[{"not_picked":["ThirdEye","WindmillStrike"],"picked":"Protect","floor":1.0},{"not_picked":["FlurryOfBlows","Crescendo"],"picked":"BattleHymn","floor":3.0},{"not_picked":["BattleHymn","Nirvana"],"picked":"Vengeance","floor":5.0},{"not_picked":["Sanctity","Prostrate"],"picked":"Devotion","floor":6.0},{"not_picked":["Evaluate","FollowUp"],"picked":"Protect","floor":7.0},{"not_picked":["Wireheading","LikeWater"],"picked":"WindmillStrike","floor":8.0},{"not_picked":["Halt","EmptyBody"],"picked":"Establishment","floor":13.0},{"not_picked":["Alpha","Establishment"],"picked":"Blasphemy","floor":16.0},{"not_picked":["FollowUp","SashWhip"],"picked":"BowlingBash","floor":18.0},{"not_picked":["Consecrate","PathToVictory"],"picked":"ClearTheMind","floor":22.0},{"not_picked":["Wallop","EmptyFist"],"picked":"CarveReality","floor":23.0},{"not_picked":["Indignation","ThirdEye","CrushJoints"],"picked":"SKIP","floor":25.0},{"not_picked":["JustLucky","PathToVictory","FlurryOfBlows"],"picked":"SKIP","floor":29.0},{"not_picked":["Consecrate","DeceiveReality","MentalFortress"],"picked":"SKIP","floor":30.0},{"not_picked":["PathToVictory","ClearTheMind"],"picked":"Omniscience","floor":31.0},{"not_picked":["Wish","SpiritShield"],"picked":"Ragnarok","floor":33.0},{"not_picked":["BowlingBash"],"picked":"SKIP","floor":35.0},{"not_picked":["CutThroughFate"],"picked":"SKIP","floor":39.0},{"not_picked":["Prostrate"],"picked":"SKIP","floor":41.0},{"not_picked":["PathToVictory+1"],"picked":"SKIP","floor":44},{"not_picked":["Study"],"picked":"SKIP","floor":45},{"not_picked":["Indignation+1"],"picked":"SKIP","floor":48}],"player_experience":1150258,"relics_obtained":[{"floor":6.0,"key":"InkBottle"},{"floor":8.0,"key":"Happy Flower"},{"floor":9.0,"key":"Bottled Flame"},{"floor":11.0,"key":"Torii"},{"floor":13.0,"key":"Mummified Hand"},{"floor":21.0,"key":"Vajra"},{"floor":23.0,"key":"CaptainsWheel"},{"floor":25.0,"key":"HornCleat"},{"floor":26.0,"key":"Kunai"},{"floor":37.0,"key":"Centennial Puzzle"},{"floor":38.0,"key":"TeardropLocket"},{"floor":43,"key":"Incense Burner"}],"event_choices":[{"damage_healed":0.0,"max_hp_gain":0.0,"max_hp_loss":0.0,"gold_gain":0.0,"event_name":"Scrap Ooze","player_choice":"Success","floor":2.0,"gold_loss":0.0,"damage_taken":18.0,"relics_obtained":["Pear"]},{"damage_healed":0.0,"max_hp_gain":0.0,"max_hp_loss":0.0,"gold_gain":0.0,"event_name":"Golden Wing","player_choice":"Ignored","floor":4.0,"gold_loss":0.0,"damage_taken":0.0},{"damage_healed":0.0,"max_hp_gain":0.0,"max_hp_loss":0.0,"gold_gain":0.0,"event_name":"World of Goop","player_choice":"Left Gold","floor":14.0,"gold_loss":42.0,"damage_taken":0.0},{"damage_healed":0.0,"max_hp_gain":5.0,"max_hp_loss":0.0,"gold_gain":0.0,"event_name":"Forgotten Altar","player_choice":"Shed Blood","floor":19.0,"gold_loss":0.0,"damage_taken":21.0},{"damage_healed":0.0,"max_hp_gain":0.0,"max_hp_loss":0.0,"gold_gain":0.0,"event_name":"Duplicator","player_choice":"Copied","floor":20.0,"gold_loss":0.0,"damage_taken":0.0,"cards_obtained":["WindmillStrike"]},{"damage_healed":0.0,"max_hp_gain":0.0,"max_hp_loss":0.0,"gold_gain":0.0,"event_name":"SensoryStone","player_choice":"Memory 1","floor":36.0,"gold_loss":0.0,"damage_taken":0.0},{"damage_healed":0,"gold_gain":0,"player_choice":"Upgrade","damage_taken":0,"relics_obtained":["Mark of the Bloom"],"max_hp_gain":0,"max_hp_loss":0,"event_name":"MindBloom","floor":47,"gold_loss":0,"cards_upgraded":["Strike_P","Strike_P","Strike_P","Strike_P","Defend_P","Defend_P","Defend_P","Eruption","Vigilance","Protect","BattleHymn","Vengeance","Devotion","Protect","Protect","BowlingBash","ClearTheMind","CarveReality","Ragnarok","Omniscience"]}],"is_beta":false,"boss_relics":[{"not_picked":["Pandora\u0027s Box","Coffee Dripper"],"picked":"Philosopher\u0027s Stone"},{"not_picked":["Snecko Eye","Astrolabe"],"picked":"Busted Crown"}],"items_purged_floors":[28],"is_endless":false,"potions_floor_spawned":[3,5,13,18,29,30,35,45],"ascension_level":13}}