{"host":"ab3ipg3fqe03b2ex","time":1609246602,"event":{"mods":["AchievementEnabler","BaseMod","Colored Powertips","Minty Spire (QoL Compilation)","MostiFishMod","Quick Restart","Shop Mod","StSLib","Uncapped","【功能Mod】Neow奖励","【功能Mod】精心准备"],"gold_per_floor":[109,121,134,84,84,114,114,134,134,134,150,150,75,105,105,202,202,219,21,21,55,71,105,119,147,172,206,216,216,235,110,110,213,213,227,241,256,106,125,160,160,172,172,172,207,207,207,221,221,221],"floor_reached":51,"playtime":1198,"items_purged":["Defend_G","Defend_G","Neutralize","Defend_G"],"score":1202,"play_id":"f3782f45-f07c-4c5d-8590-3875d241f994","local_time":"20201229205642","is_ascension_mode":false,"campfire_choices":[{"data":"Dagger Spray","floor":7,"key":"SMITH"},{"data":"Backstab","floor":10,"key":"SMITH"},{"data":"Skewer","floor":12,"key":"SMITH"},{"data":"Finisher","floor":15,"key":"SMITH"},{"data":"MostiFishMod:GrandStart","floor":29,"key":"SMITH"},{"data":"Adrenaline","floor":32,"key":"SMITH"},{"data":"Terror","floor":41,"key":"SMITH"},{"data":"Masterful Stab","floor":46,"key":"SMITH"},{"data":"Bite","floor":49,"key":"SMITH"}],"circlet_count":0,"master_deck":["Dagger Spray+1","Backstab+1","Skewer+1","Finisher+1","Adrenaline+1","Bite","Bite","Bite","Bite","Bite+1","Masterful Stab+1","MostiFishMod:GrandStart+1","Riddle With Holes+1","Blade Dance+1","Terror+1"],"relics":["BionicSphere","ShadowXiaoBlade","ChiXiaoBlade","SynthV:TestCard","Singing Bowl","Pear","Paper Crane","RhineSuit","MerchantsRug","Red Mask","InkBottle","Blue Candle","Anchor","Omamori","Transparent","Ornamental Fan","PreservedInsect","White Beast Statue","Snake Skull"],"acts_visited":["Exordium","TheCity","TheBeyond"],"potions_floor_usage":[16,33,50],"damage_taken":[{"damage":0,"enemies":"2 Louse","floor":1,"turns":1},{"damage":0,"enemies":"Small Slimes","floor":2,"turns":1},{"damage":0,"enemies":"Jaw Worm","floor":3,"turns":1},{"damage":0,"enemies":"Gremlin Nob","floor":6,"turns":2},{"damage":0,"enemies":"Red Slaver","floor":8,"turns":1},{"damage":0,"enemies":"2 Fungi Beasts","floor":11,"turns":1},{"damage":0,"enemies":"3 Sentries","floor":14,"turns":1},{"damage":0,"enemies":"The Guardian","floor":16,"turns":2},{"damage":0,"enemies":"2 Thieves","floor":18,"turns":1},{"damage":0,"enemies":"Masked Bandits","floor":21,"turns":1},{"damage":0,"enemies":"Chosen","floor":22,"turns":1},{"damage":0,"enemies":"Slavers","floor":23,"turns":1},{"damage":0,"enemies":"Shelled Parasite and Fungi","floor":24,"turns":1},{"damage":0,"enemies":"Book of Stabbing","floor":25,"turns":1},{"damage":0,"enemies":"Gremlin Leader","floor":27,"turns":1},{"damage":0,"enemies":"Chosen and Byrds","floor":28,"turns":2},{"damage":0,"enemies":"Snecko","floor":30,"turns":1},{"damage":0,"enemies":"Collector","floor":33,"turns":1},{"damage":14,"enemies":"3 Darklings","floor":35,"turns":1},{"damage":14,"enemies":"Orb Walker","floor":36,"turns":1},{"damage":14,"enemies":"Spire Growth","floor":37,"turns":1},{"damage":14,"enemies":"Sphere and 2 Shapes","floor":39,"turns":1},{"damage":14,"enemies":"Giant Head","floor":40,"turns":1},{"damage":14,"enemies":"Jaw Worm Horde","floor":42,"turns":1},{"damage":16,"enemies":"Reptomancer","floor":45,"turns":1},{"damage":16,"enemies":"Spire Growth","floor":48,"turns":1},{"damage":16,"enemies":"Donu and Deca","floor":50,"turns":1}],"seed_played":"-1367038292447032957","potions_obtained":[{"floor":1,"key":"PowerPotion"},{"floor":8,"key":"Ancient Potion"},{"floor":11,"key":"Explosive Potion"},{"floor":16,"key":"SkillPotion"},{"floor":22,"key":"Energy Potion"},{"floor":23,"key":"FearPotion"},{"floor":27,"key":"Ancient Potion"},{"floor":39,"key":"Fire Potion"},{"floor":40,"key":"FearPotion"}],"is_trial":false,"path_per_floor":["M","M","M","?","?","E","R","M","T","R","M","R","$","E","R","B",null,"M","$","?","?","M","E","M","E","T","E","M","R","M","$","R","B",null,"M","M","M","$","M","E","R","M","T","T","E","R","?","M","R","B",null],"character_chosen":"THE_SILENT","items_purchased":["MerchantsRug"],"campfire_rested":0,"item_purchase_floors":[19],"current_hp_per_floor":[70,70,70,70,70,72,72,74,84,84,84,84,84,84,84,84,84,86,86,60,62,62,62,64,64,64,66,66,66,68,68,68,70,70,72,74,74,74,76,78,78,80,80,80,82,82,82,84,84,84],"gold":221,"neow_bonus":"BOSS_RELIC","is_daily":false,"chose_seed":false,"campfire_upgraded":9,"win_rate":0.0,"timestamp":1609246602,"path_taken":["M","M","M","?","?","E","R","M","T","R","M","R","$","E","R","BOSS","M","$","?","?","M","E","M","E","T","E","M","R","M","?","R","BOSS","M","M","M","$","M","E","R","M","T","?","E","R","?","M","R","BOSS"],"items_purchased_type":["Relic"],"build_version":"2020-12-22","purchased_purges":4,"victory":true,"max_hp_per_floor":[70,70,70,70,70,72,72,74,84,84,84,84,84,84,84,84,84,86,86,60,62,62,62,64,64,64,66,66,66,68,68,68,70,70,72,74,74,74,76,78,78,80,80,80,82,82,82,84,84,84],"card_choices":[{"not_picked":["Masterful Stab","Reflex"],"picked":"Dagger Spray","floor":1},{"not_picked":["Crippling Poison","Distraction","Escape Plan","Footwork"],"picked":"Backstab","floor":2},{"not_picked":["Flechettes","MostiFishMod:ThornCasing","Escape Plan","Slice","Dash"],"picked":"SKIP","floor":3},{"not_picked":["Calculated Gamble","Outmaneuver","Tactician","Noxious Fumes","All Out Attack"],"picked":"Singing Bowl","floor":6},{"not_picked":["Backflip","Infinite Blades","Poisoned Stab","MostiFishMod:ThornCasing","Heel Hook"],"picked":"Singing Bowl","floor":8},{"not_picked":["MostiFishMod:PoisonShield","Prepared","MostiFishMod:PerfectParry","Dagger Spray"],"picked":"Skewer","floor":11},{"not_picked":["Dash","Footwork","MostiFishMod:PreservedThorns","Glass Knife"],"picked":"Finisher","floor":14},{"not_picked":["Bullet Time","MostiFishMod:HiddenBlade","MostiFishMod:LethalBlade","MostiFishMod:ShivMaster"],"picked":"Adrenaline","floor":16},{"not_picked":["Quick Slash","Acrobatics+1","Backflip","Calculated Gamble+1","Escape Plan"],"picked":"Singing Bowl","floor":18},{"not_picked":["MostiFishMod:Dislodge","Dagger Spray","Noxious Fumes","Acrobatics+1","Deadly Poison+1"],"picked":"Singing Bowl","floor":21},{"not_picked":["Flechettes","Quick Slash","Backflip+1","Sucker Punch"],"picked":"Masterful Stab","floor":22},{"not_picked":["Noxious Fumes","Bouncing Flask","Masterful Stab","Prepared"],"picked":"MostiFishMod:GrandStart","floor":23},{"not_picked":["Expertise+1","Flying Knee+1","Dagger Throw","Underhanded Strike","PiercingWail"],"picked":"Singing Bowl","floor":24},{"not_picked":["Slice","Footwork","Wraith Form v2","Backflip+1"],"picked":"Riddle With Holes+1","floor":25},{"not_picked":["Noxious Fumes","Poisoned Stab+1","Endless Agony","Flying Knee+1","MostiFishMod:PerfectParry"],"picked":"Singing Bowl","floor":27},{"not_picked":["Dagger Throw","MostiFishMod:PerfectParry+1","After Image","PiercingWail+1"],"picked":"Blade Dance+1","floor":28},{"not_picked":["Calculated Gamble","Blur","Dagger Spray","Choke+1","Predator+1"],"picked":"Singing Bowl","floor":30},{"not_picked":["MostiFishMod:VineMother","MostiFishMod:SpreadingSpore","MostiFishMod:AdrenalineArouse","Wraith Form v2","Glass Knife"],"picked":"Singing Bowl","floor":33},{"not_picked":["Dagger Spray","Deflect+1","Acrobatics","Noxious Fumes","Heel Hook+1"],"picked":"Singing Bowl","floor":35},{"not_picked":["Blade Dance","Bane","Slice+1","Prepared","Poisoned Stab+1"],"picked":"Singing Bowl","floor":36},{"not_picked":["Deadly Poison","Envenom","MostiFishMod:InvigoratingSolution+1","Bane"],"picked":"Terror","floor":37},{"not_picked":["Sucker Punch+1","Poisoned Stab","MostiFishMod:InvigoratingSolution","MostiFishMod:FrostNova+1","Blade Dance+1"],"picked":"Singing Bowl","floor":39},{"not_picked":["Calculated Gamble","Outmaneuver+1","MostiFishMod:PreservedThorns","Dagger Throw","Heel Hook"],"picked":"Singing Bowl","floor":40},{"not_picked":["Dodge and Roll","Backstab","Backflip","Bouncing Flask+1","MostiFishMod:PerfectParry+1"],"picked":"Singing Bowl","floor":42},{"not_picked":["Quick Slash","Outmaneuver","Sucker Punch+1","Bouncing Flask","Acrobatics"],"picked":"Singing Bowl","floor":45},{"not_picked":["MostiFishMod:LethalBlade","PiercingWail+1","MostiFishMod:PerfectParry","Dagger Spray","MostiFishMod:FrostNova+1"],"picked":"Singing Bowl","floor":48}],"player_experience":11916,"relics_obtained":[{"floor":1,"key":"SynthV:TestCard"},{"floor":6,"key":"Singing Bowl"},{"floor":9,"key":"Pear"},{"floor":14,"key":"Paper Crane"},{"floor":21,"key":"Red Mask"},{"floor":23,"key":"InkBottle"},{"floor":25,"key":"Blue Candle"},{"floor":26,"key":"Anchor"},{"floor":27,"key":"Omamori"},{"floor":40,"key":"Ornamental Fan"},{"floor":43,"key":"PreservedInsect"},{"floor":44,"key":"White Beast Statue"},{"floor":45,"key":"Snake Skull"}],"event_choices":[{"cards_removed":["Defend_G"],"damage_healed":0,"gold_gain":0,"player_choice":"Card Removal","damage_taken":0,"max_hp_gain":0,"max_hp_loss":0,"event_name":"The Cleric","floor":4,"gold_loss":50},{"cards_removed":["Defend_G"],"damage_healed":0,"gold_gain":0,"player_choice":"Forget","damage_taken":0,"max_hp_gain":0,"max_hp_loss":0,"event_name":"Living Wall","floor":5,"gold_loss":0},{"damage_healed":0,"gold_gain":0,"player_choice":"Became a vampire","damage_taken":0,"max_hp_gain":0,"max_hp_loss":26,"event_name":"Vampires","floor":20,"gold_loss":0,"cards_obtained":["Bite","Bite","Bite","Bite","Bite"]},{"damage_healed":0,"gold_gain":0,"player_choice":"Fought Bandits","damage_taken":0,"max_hp_gain":0,"max_hp_loss":0,"event_name":"Masked Bandits","floor":21,"gold_loss":0},{"cards_removed":["Survivor"],"damage_healed":0,"gold_gain":0,"player_choice":"Removed Skill","damage_taken":0,"max_hp_gain":0,"max_hp_loss":0,"event_name":"Falling","floor":47,"gold_loss":0}],"is_beta":false,"boss_relics":[{"not_picked":["OneHitWonderSystem","Tiny House"],"picked":"RhineSuit"},{"not_picked":["Runic Pyramid","NightmareShop"],"picked":"Transparent"}],"items_purged_floors":[13,19,31,38],"is_endless":false,"potions_floor_spawned":[1,8,11,16,18,22,23,27,28,30,39,40,42,45,48],"ascension_level":0}}