{"host":"udzsrhbqdxqtlypj","time":1609214537,"event":{"mods":["BaseMod","Minty Spire (QoL Compilation)","Relic Stats"],"gold_per_floor":[111,111,111,38,38,76,76,120,147,186,186,230,245,307,307,438,501,514,613,400,48,64,103,103,147,147,29,48,48,91,115,115,236,236,261,19,40,56,69,100,100,134,184,37,37,77,90,110,110,110,110,110,0,44,44],"floor_reached":56,"playtime":3534,"items_purged":["Strike_G","Strike_G"],"score":2179,"play_id":"91af492d-a0e6-4045-a096-c9c4e2c5fbd5","local_time":"20201228220217","is_ascension_mode":true,"campfire_choices":[{"floor":7,"key":"REST"},{"floor":11,"key":"REST"},{"data":"Dagger Spray","floor":15,"key":"SMITH"},{"data":"Apotheosis","floor":24,"key":"SMITH"},{"floor":29,"key":"RECALL"},{"floor":32,"key":"REST"},{"floor":41,"key":"REST"},{"data":"Malaise","floor":49,"key":"SMITH"},{"floor":52,"key":"REST"}],"circlet_count":0,"master_deck":["AscendersBane","Strike_G+1","Strike_G","Strike_G+1","Defend_G+1","Defend_G","Defend_G+1","Defend_G+1","Defend_G","Survivor","Neutralize","Blade Dance","Injury","Blade Dance+1","Dash","Prepared","Slice","Dagger Spray+1","Corpse Explosion","Cloak And Dagger","Masterful Stab+1","Terror","Apotheosis+1","Backflip+1","Die Die Die","Glass Knife","Glass Knife","Escape Plan","Wraith Form v2+1","Dagger Throw+1","Acrobatics","Deflect","Dodge and Roll+1","Accuracy+1","Master of Strategy","Blind","Dark Shackles","PiercingWail","Malaise+1","Wraith Form v2+1","Tools of the Trade+1","Phantasmal Killer"],"relics":["Ring of the Snake","Du-Vu Doll","Golden Idol","The Courier","War Paint","Vajra","HornCleat","Orichalcum","Tiny House","Toy Ornithopter","Bag of Preparation","Bottled Lightning","Frozen Egg 2","Lantern","Incense Burner","HoveringKite","InkBottle","Kunai","Smiling Mask","Membership Card","Bottled Tornado","DollysMirror","Pear"],"acts_visited":["Exordium","TheCity","TheBeyond","TheEnding"],"potions_floor_usage":[10,16,18,23,25,39,39,55,55],"damage_taken":[{"damage":0,"enemies":"Small Slimes","floor":1,"turns":3},{"damage":18,"enemies":"Gremlin Nob","floor":6,"turns":4},{"damage":10,"enemies":"3 Sentries","floor":8,"turns":6},{"damage":6,"enemies":"Lagavulin","floor":10,"turns":4},{"damage":0,"enemies":"Gremlin Nob","floor":12,"turns":3},{"damage":0,"enemies":"Jaw Worm","floor":13,"turns":3},{"damage":0,"enemies":"Slime Boss","floor":16,"turns":5},{"damage":0,"enemies":"2 Thieves","floor":18,"turns":1},{"damage":0,"enemies":"Chosen","floor":22,"turns":2},{"damage":1,"enemies":"Book of Stabbing","floor":23,"turns":3},{"damage":9,"enemies":"Slavers","floor":25,"turns":2},{"damage":0,"enemies":"Centurion and Healer","floor":28,"turns":2},{"damage":0,"enemies":"Gremlin Leader","floor":30,"turns":3},{"damage":4,"enemies":"Snake Plant","floor":31,"turns":3},{"damage":37,"enemies":"Champ","floor":33,"turns":11},{"damage":0,"enemies":"3 Darklings","floor":35,"turns":1},{"damage":0,"enemies":"3 Shapes","floor":37,"turns":2},{"damage":0,"enemies":"Transient","floor":38,"turns":5},{"damage":11,"enemies":"Maw","floor":39,"turns":5},{"damage":0,"enemies":"Nemesis","floor":40,"turns":5},{"damage":0,"enemies":"Reptomancer","floor":42,"turns":3},{"damage":0,"enemies":"Giant Head","floor":46,"turns":4},{"damage":0,"enemies":"Jaw Worm Horde","floor":47,"turns":2},{"damage":0,"enemies":"Sphere and 2 Shapes","floor":48,"turns":3},{"damage":8,"enemies":"Donu and Deca","floor":50,"turns":8},{"damage":0,"enemies":"Shield and Spear","floor":54,"turns":9},{"damage":48,"enemies":"The Heart","floor":55,"turns":14}],"seed_played":"-3472751907897648386","potions_obtained":[{"floor":1,"key":"Strength Potion"},{"floor":12,"key":"Fire Potion"},{"floor":13,"key":"Fire Potion"},{"floor":17,"key":"Explosive Potion"},{"floor":18,"key":"Dexterity Potion"},{"floor":28,"key":"SpeedPotion"},{"floor":31,"key":"Energy Potion"},{"floor":35,"key":"Swift Potion"},{"floor":42,"key":"Block Potion"}],"is_trial":false,"path_per_floor":["M","?","?","$","?","E","R","E","T","E","R","E","M","?","R","B",null,"M","?","$","$","M","E","R","E","T","$","M","R","E","M","R","B",null,"M","$","M","M","M","E","R","E","T","$","?","E","M","M","R","B",null,"R","$","E","B",null],"character_chosen":"THE_SILENT","items_purchased":["Blade Dance","Energy Potion","Toy Ornithopter","Terror","Apotheosis","Bag of Preparation","Lantern","Acrobatics","InkBottle","Membership Card","Accuracy+1","DollysMirror","Tools of the Trade+1","Energy Potion"],"campfire_rested":5,"item_purchase_floors":[4,4,20,20,21,21,27,36,36,44,44,53,53,53],"current_hp_per_floor":[45,31,31,31,31,13,34,24,24,18,39,39,39,39,39,39,67,67,67,67,67,67,71,71,66,66,66,66,66,66,62,75,38,66,66,66,66,66,64,64,75,75,75,75,65,65,65,65,65,57,71,75,75,85,39],"gold":44,"neow_bonus":"ONE_RARE_RELIC","is_daily":false,"chose_seed":false,"campfire_upgraded":3,"win_rate":0.0,"timestamp":1609214537,"path_taken":["M","?","?","?","?","E","R","E","T","E","R","E","?","?","R","BOSS","M","?","?","$","M","E","R","E","T","?","?","R","E","M","R","BOSS","M","?","M","?","M","E","R","E","T","$","?","E","M","M","R","BOSS","R","$","E","BOSS"],"items_purchased_type":["Card","Potion","Relic","Card","Card","Relic","Relic","Card","Relic","Relic","Card","Relic","Card","Potion"],"build_version":"2020-12-22","purchased_purges":2,"victory":true,"max_hp_per_floor":[70,70,70,70,70,70,70,70,70,70,70,70,70,70,70,70,75,75,75,75,75,75,75,75,75,75,75,75,75,75,75,75,75,75,75,75,75,75,75,75,75,75,75,75,75,75,75,75,75,75,75,75,75,85,85],"relic_stats":{"counters":[27,116],"Golden Idol":244,"HoveringKite":[41],"Bag of Preparation":[38],"Kunai":[33],"War Paint":["Defend_G","Defend_G"],"Orichalcum":[108],"Smiling Mask":0,"obtain_stats":[{"Lantern":27,"Tiny House":17,"Pear":54,"Golden Idol":3,"Vajra":9,"HoveringKite":34,"The Courier":6,"Bag of Preparation":21,"Incense Burner":30,"War Paint":8,"Orichalcum":12,"Frozen Egg 2":26,"Bottled Tornado":46,"Smiling Mask":42,"Du-Vu Doll":0,"HornCleat":10,"DollysMirror":53,"Bottled Lightning":23,"Kunai":40,"Membership Card":44,"Toy Ornithopter":20,"InkBottle":36,"Ring of the Snake":0},{"Lantern":11,"Tiny House":7,"Pear":26,"Golden Idol":1,"Vajra":3,"HoveringKite":15,"The Courier":2,"Bag of Preparation":8,"Incense Burner":13,"War Paint":3,"Orichalcum":5,"Frozen Egg 2":11,"Bottled Tornado":22,"Smiling Mask":21,"Du-Vu Doll":0,"HornCleat":4,"DollysMirror":25,"Bottled Lightning":10,"Kunai":20,"Membership Card":21,"Toy Ornithopter":8,"InkBottle":16,"Ring of the Snake":0},{"Lantern":36,"Tiny House":28,"Pear":102,"Golden Idol":3,"Vajra":13,"HoveringKite":55,"The Courier":7,"Bag of Preparation":29,"Incense Burner":41,"War Paint":13,"Orichalcum":20,"Frozen Egg 2":36,"Bottled Tornado":80,"Smiling Mask":76,"Du-Vu Doll":0,"HornCleat":17,"DollysMirror":93,"Bottled Lightning":34,"Kunai":73,"Membership Card":76,"Toy Ornithopter":29,"InkBottle":56,"Ring of the Snake":0}],"Toy Ornithopter":20,"InkBottle":[35],"Ring of the Snake":[54]},"card_choices":[{"not_picked":["Choke","Expertise"],"picked":"Blade Dance","floor":1},{"not_picked":["Eviscerate","Infinite Blades"],"picked":"Dash","floor":6},{"not_picked":["Deadly Poison","Expertise"],"picked":"Prepared","floor":8},{"not_picked":["Underhanded Strike","Riddle With Holes","Prepared"],"picked":"SKIP","floor":10},{"not_picked":["Prepared","Bane"],"picked":"Slice","floor":12},{"not_picked":["Underhanded Strike","Malaise"],"picked":"Dagger Spray","floor":13},{"not_picked":["Unload","Die Die Die"],"picked":"Corpse Explosion","floor":16},{"not_picked":["Acrobatics","Bane"],"picked":"Cloak And Dagger","floor":17},{"not_picked":["Dagger Throw","Noxious Fumes+1"],"picked":"Masterful Stab+1","floor":18},{"not_picked":["Predator+1","Footwork"],"picked":"Backflip+1","floor":22},{"not_picked":["Dagger Spray","Quick Slash"],"picked":"Die Die Die","floor":23},{"not_picked":["Acrobatics","Underhanded Strike"],"picked":"Glass Knife","floor":25},{"not_picked":["Poisoned Stab","Dagger Spray+1","Reflex"],"picked":"SKIP","floor":28},{"not_picked":["Prepared","Underhanded Strike+1"],"picked":"Glass Knife","floor":30},{"not_picked":["Reflex+1","Flying Knee"],"picked":"Escape Plan","floor":31},{"not_picked":["Burst","Malaise"],"picked":"Wraith Form v2+1","floor":33},{"not_picked":["Deadly Poison","Blade Dance+1"],"picked":"Dagger Throw+1","floor":35},{"not_picked":["Setup","Sucker Punch"],"picked":"Deflect","floor":37},{"not_picked":["Infinite Blades+1","Dagger Spray+1"],"picked":"Dodge and Roll+1","floor":38},{"not_picked":["Slice","Bouncing Flask","Blade Dance"],"picked":"SKIP","floor":39},{"not_picked":["All Out Attack","Masterful Stab","Setup+1"],"picked":"SKIP","floor":40},{"not_picked":["Underhanded Strike+1","Grand Finale","Dash+1"],"picked":"SKIP","floor":42},{"not_picked":["Chrysalis","Dramatic Entrance"],"picked":"Master of Strategy","floor":45},{"not_picked":["HandOfGreed","PanicButton"],"picked":"Blind","floor":45},{"not_picked":["HandOfGreed","Enlightenment"],"picked":"Dark Shackles","floor":45},{"not_picked":["Reflex+1","Poisoned Stab+1","Outmaneuver+1"],"picked":"SKIP","floor":46},{"not_picked":["Tactician","Slice"],"picked":"PiercingWail","floor":47},{"not_picked":["Quick Slash+1","Dagger Spray+1"],"picked":"Malaise","floor":48},{"not_picked":["Predator","Quick Slash+1"],"picked":"Phantasmal Killer","floor":54}],"player_experience":2756239,"relics_obtained":[{"floor":6,"key":"The Courier"},{"floor":8,"key":"War Paint"},{"floor":9,"key":"Vajra"},{"floor":10,"key":"HornCleat"},{"floor":12,"key":"Orichalcum"},{"floor":23,"key":"Bottled Lightning"},{"floor":26,"key":"Frozen Egg 2"},{"floor":30,"key":"Incense Burner"},{"floor":40,"key":"Kunai"},{"floor":42,"key":"Smiling Mask"},{"floor":46,"key":"Bottled Tornado"},{"floor":54,"key":"Pear"}],"event_choices":[{"damage_healed":0,"gold_gain":0,"player_choice":"Entered Light","damage_taken":14,"max_hp_gain":0,"max_hp_loss":0,"event_name":"Shining Light","floor":2,"gold_loss":0,"cards_upgraded":["Defend_G","Strike_G"]},{"damage_healed":0,"gold_gain":0,"player_choice":"Take Wound","damage_taken":0,"relics_obtained":["Golden Idol"],"max_hp_gain":0,"max_hp_loss":0,"event_name":"Golden Idol","floor":3,"gold_loss":0,"cards_obtained":["Injury"]},{"damage_healed":0,"gold_gain":0,"player_choice":"Grow","damage_taken":0,"max_hp_gain":0,"max_hp_loss":0,"event_name":"Living Wall","floor":5,"gold_loss":0,"cards_upgraded":["Blade Dance"]},{"damage_healed":0,"gold_gain":62,"player_choice":"Gained Gold","damage_taken":0,"max_hp_gain":0,"max_hp_loss":0,"event_name":"Golden Wing","floor":14,"gold_loss":0},{"damage_healed":0,"gold_gain":99,"player_choice":"Stole From Cult","damage_taken":0,"max_hp_gain":0,"max_hp_loss":0,"event_name":"Nest","floor":19,"gold_loss":0},{"damage_healed":0,"gold_gain":0,"player_choice":"Memory 3","damage_taken":10,"max_hp_gain":0,"max_hp_loss":0,"event_name":"SensoryStone","floor":45,"gold_loss":0}],"is_beta":false,"boss_relics":[{"not_picked":["Coffee Dripper","Runic Dome"],"picked":"Tiny House"},{"not_picked":["Sozu","Velvet Choker"],"picked":"HoveringKite"}],"items_purged_floors":[20,21],"is_endless":false,"potions_floor_spawned":[1,12,13,18,28,31,33,35,37,38,42,54],"ascension_level":10}}