{"host":"u0f5uy314yz7olfc","time":1609248902,"event":{"mods":["AchievementEnabler","Aspiration","BaseMod","Better Altar","Better Match","Better Note","Better Sensory Stone","Better Skull","Better Third Choice","BetterRewards","Block Reminder","Colored Map","Colored Powertips","DeckTracker","Dota2Spire","Emptier Cage","Gold Saver","Highlight Path","Hubris","Infinite Spire","Marked Mod","Mimic Mod","Minty Spire (QoL Compilation)","Permanent Neow","Quick Restart","Rare Cards Sparkle","Relic Sorter","Replay The Spire","Shop Mod","StSLib","The Bladedancer","The Blue Laboratory","Watcher Patcher"],"gold_per_floor":[115,38,38,38,3,30,30,72,160,160,160,160,203,241,250,361,361,390,17,41,68,86,86,185,204,204,213,241,241,262,291,291,397,424,452,474,37,37,0,0,29,53,76,85,85,85,107,134,134,134,134],"floor_reached":50,"playtime":3019,"items_purged":["Burn","Amnesia"],"score":556,"play_id":"761c1ae5-7086-465b-b6dd-e6b6cf90ee53","local_time":"20201229203502","daily_mods":["Allstar","Heirloom"],"is_ascension_mode":false,"campfire_choices":[{"floor":7.0,"key":"REST"},{"floor":12.0,"key":"REST"},{"floor":23.0,"key":"REST"},{"floor":32.0,"key":"REST"},{"data":"blademaster:AspectOfWind","floor":40.0,"key":"SMITH"},{"floor":44.0,"key":"REST"},{"floor":46.0,"key":"REST"},{"floor":49.0,"key":"REST"}],"circlet_count":0,"master_deck":["blademaster:Strike","blademaster:Strike","blademaster:Strike","blademaster:Strike","blademaster:Defend","blademaster:Defend","blademaster:Defend","blademaster:Defend","blademaster:RagingBlow","blademaster:HighVoltage","Metamorphosis","Master of Strategy","blademaster:ColdBlood","blademaster:AspectOfLightning","blademaster:Breeze","blademaster:Cut","blademaster:FuriousStrike","blademaster:RagingBlow","blademaster:Havoc","blademaster:RagingBlow","blademaster:BrainBloom","blademaster:Frenzy","blademaster:Breeze+1","blademaster:BrainBloom","blademaster:Empower","blademaster:Rupture+1","blademaster:Blindside","blademaster:DancingEdge","blademaster:Sharpen","blademaster:Cut","blademaster:FlockOfBlades","Injury","hubris:Despair","blademaster:Blindside","blademaster:AspectOfWind+1","blademaster:Flurry","blademaster:Breeze","blademaster:CullingStrike","blademaster:Rupture","Bandage Up","LessonLearned","blademaster:Quickstep","blademaster:Stability","blademaster:Stability+1","blademaster:Stability+1","blademaster:BladeMastery","blademaster:DaggerAndCloak+1","blademaster:DancingEdge+1"],"relics":["blademaster:DancersAmulet","replay:Trail_Library","Pantograph","CeramicFish","MerchantsRug","hubris:TenFootPole","Runic Pyramid","Dota2Spire:MaskOfMadness","Replay:Ringing Soul","TungstenRod","BargainBundle","Darkstone Periapt","hubris:Spice","Question Card","Red Mask","Dota2Spire:ArcaneBoots","hubris:Towel"],"acts_visited":["Exordium","TheCity","TheBeyond"],"potions_floor_usage":[50,50],"damage_taken":[{"damage":10.0,"enemies":"Small Slimes","floor":1.0,"turns":4.0},{"damage":23.0,"enemies":"Lagavulin","floor":6.0,"turns":4.0},{"damage":16.0,"enemies":"Gremlin Nob","floor":8.0,"turns":3.0},{"damage":4.0,"enemies":"2 Louse","floor":13.0,"turns":5.0},{"damage":16.0,"enemies":"3 Sentries","floor":14.0,"turns":5.0},{"damage":60.0,"enemies":"The Guardian","floor":16.0,"turns":8.0},{"damage":29.0,"enemies":"Chosen","floor":18.0,"turns":7.0},{"damage":30.0,"enemies":"Shell Parasite","floor":20.0,"turns":4.0},{"damage":14.0,"enemies":"Snake Plant","floor":25.0,"turns":2.0},{"damage":3.0,"enemies":"Centurion and Healer","floor":28.0,"turns":2.0},{"damage":0.0,"enemies":"Cultist and Chosen","floor":30.0,"turns":3.0},{"damage":20.0,"enemies":"Snake Plant","floor":31.0,"turns":3.0},{"damage":27.0,"enemies":"Automaton","floor":33.0,"turns":5.0},{"damage":0.0,"enemies":"Orb Walker","floor":35.0,"turns":2.0},{"damage":5.0,"enemies":"3 Darklings","floor":36.0,"turns":3.0},{"damage":68.0,"enemies":"Transient","floor":41.0,"turns":5.0},{"damage":35.0,"enemies":"Maw","floor":42.0,"turns":6.0},{"damage":24.0,"enemies":"3 Darklings","floor":47.0,"turns":3.0},{"damage":8.0,"enemies":"Spire Growth","floor":48.0,"turns":4.0},{"damage":114,"enemies":"Awakened One","floor":50,"turns":6}],"seed_played":"1753847287636184813","potions_obtained":[{"floor":6.0,"key":"Dota2Spire:Clarity"},{"floor":8.0,"key":"blueLaboratory:PyrophylliteBrew"},{"floor":28.0,"key":"SkillPotion"},{"floor":30.0,"key":"blueLaboratory:PhilterOfMotion"},{"floor":31.0,"key":"Languid Potion"},{"floor":35.0,"key":"blueLaboratory:CorrosionFlask"},{"floor":42.0,"key":"blueLaboratory:FruitPreserves"},{"floor":47.0,"key":"blueLaboratory:PyrophylliteBrew"},{"floor":48.0,"key":"Milkshake"}],"is_trial":true,"path_per_floor":["M","$","?","?","?","E","R","E","T","?","?","R","MIM","E","R_BF","B",null,"M","$","M","T","?","R","?","M","T","?","M","AVR","M","M","R","B",null,"M","M","$","T","?","R","M","M","T","R","?","R","M","M","R","B"],"character_chosen":"THE_BLADEMASTER","items_purchased":["blademaster:Vortex","MerchantsRug","hubris:TenFootPole","blademaster:RagingBlow","blademaster:BrainBloom","blademaster:Frenzy","BargainBundle","Darkstone Periapt","blademaster:Flurry","blademaster:Breeze","blademaster:CullingStrike","blademaster:Rupture","Bandage Up","LessonLearned","hubris:Spice","blademaster:Quickstep"],"campfire_rested":7,"item_purchase_floors":[2,19,19,19,19,19,37,37,37,37,37,37,37,37,37,37],"current_hp_per_floor":[65,65,65,65,75,52,74,58,58,58,63,80,80,84,94,40,71,48,48,24,24,24,45,45,37,37,37,40,40,46,32,53,50,74,77,80,91,91,94,94,35,13,13,46,46,76,65,70,102,0,0],"gold":134,"neow_bonus":"","is_daily":false,"chose_seed":false,"campfire_upgraded":1,"win_rate":0.0,"timestamp":1609248902,"path_taken":["M","$","?","?","?","E","R","E","T","?","?","R","?","E","R_BF","BOSS","M","$","M","?","?","R","?","M","T","?","M","AVR","M","M","R","BOSS","M","?","$","?","?","R","M","M","T","R","?","R","M","M","R","BOSS"],"items_purchased_type":["Card","Relic","Relic","Card","Card","Card","Relic","Relic","Card","Card","Card","Card","Card","Card","Relic","Card"],"build_version":"2020-12-22","purchased_purges":2,"victory":false,"max_hp_per_floor":[75,75,75,75,75,75,75,75,75,75,80,80,80,94,94,94,71,71,71,71,71,71,71,71,71,71,71,71,71,71,71,71,71,74,77,80,91,91,94,94,97,100,100,103,103,103,106,109,109,109,109],"card_choices":[{"not_picked":["blademaster:SlyStabs","blademaster:Overcharge"],"picked":"blademaster:Safeguard","floor":1.0},{"not_picked":["blademaster:Hailwind","blademaster:AspectOfWind"],"picked":"blademaster:ColdBlood","floor":6.0},{"not_picked":["blademaster:TraverseCut","blademaster:Thrust"],"picked":"blademaster:AspectOfLightning","floor":8.0},{"not_picked":["blademaster:OneTrickPony","blademaster:LightningCrash"],"picked":"blademaster:Breeze","floor":13.0},{"not_picked":["blademaster:Frontflip","blademaster:Frenzy"],"picked":"blademaster:Cut","floor":14.0},{"not_picked":["blademaster:StanceMastery","blademaster:HighVoltage"],"picked":"blademaster:RagingBlow","floor":16.0},{"not_picked":["blademaster:Slice","blademaster:Blockade"],"picked":"blademaster:Havoc","floor":18.0},{"not_picked":["blademaster:Safeguard","blademaster:ChargingUp"],"picked":"blademaster:Breeze+1","floor":20.0},{"not_picked":["blademaster:ThunderSlash","blademaster:ParryingStrike"],"picked":"blademaster:Rupture+1","floor":25.0},{"not_picked":["blademaster:ThunderSlash","blademaster:CombatPrep"],"picked":"blademaster:DancingEdge","floor":28.0},{"not_picked":["blademaster:BloodyBlow","blademaster:AwakeningDefend"],"picked":"blademaster:Sharpen","floor":30.0},{"not_picked":["blademaster:DragonStrike+1","blademaster:Stability"],"picked":"blademaster:Cut","floor":31.0},{"not_picked":["blademaster:HighVoltage","blademaster:Flash"],"picked":"blademaster:FlockOfBlades","floor":33.0},{"not_picked":["hubris:Disease","Clumsy"],"picked":"Amnesia","floor":34.0},{"not_picked":["Languid","Parasite"],"picked":"Injury","floor":34.0},{"not_picked":["Shame","Pain"],"picked":"hubris:Despair","floor":34.0},{"not_picked":["blademaster:SlyStabs","blademaster:ThunderSlash"],"picked":"blademaster:Blindside","floor":35.0},{"not_picked":["blademaster:AncestralHealing+1","blademaster:AspectOfLightning"],"picked":"blademaster:AspectOfWind","floor":36.0},{"not_picked":["blademaster:Gust","blademaster:FuriousStrike+1","blademaster:Hailwind+1"],"picked":"blademaster:Stability+1","floor":41.0},{"not_picked":["blademaster:Thrust","blademaster:SlyStabs","blademaster:AwakeningStrike+1"],"picked":"blademaster:Stability+1","floor":42.0},{"not_picked":["blademaster:ChargingUp+1","blademaster:Hailwind","blademaster:Slice+1"],"picked":"blademaster:DaggerAndCloak+1","floor":47.0},{"not_picked":["blademaster:ChargingUp","blademaster:WindSlash+1","blademaster:Blindside"],"picked":"blademaster:DancingEdge+1","floor":48.0}],"player_experience":365105,"relics_obtained":[{"floor":6.0,"key":"Pantograph"},{"floor":6.0,"key":"blademaster:RandomStancePerk"},{"floor":8.0,"key":"CeramicFish"},{"floor":8.0,"key":"blademaster:StanceHealPerk"},{"floor":9.0,"key":"hubris:DuctTape"},{"floor":14.0,"key":"Mango"},{"floor":14.0,"key":"blademaster:FinisherDrawCardPerk"},{"floor":21.0,"key":"Vajra"},{"floor":26.0,"key":"hubris:Reverence"},{"floor":38.0,"key":"Question Card"},{"floor":43.0,"key":"Dota2Spire:ArcaneBoots"}],"event_choices":[{"damage_healed":65.0,"max_hp_gain":0.0,"max_hp_loss":75.0,"gold_gain":0.0,"event_name":"betterThird:BetterShining","player_choice":"Embrace Burn","floor":3.0,"gold_loss":0.0,"damage_taken":0.0},{"damage_healed":18.0,"max_hp_gain":0.0,"max_hp_loss":0.0,"gold_gain":0.0,"event_name":"The Cleric","player_choice":"Healed","floor":5.0,"gold_loss":35.0,"damage_taken":0.0},{"damage_healed":0.0,"max_hp_gain":5.0,"max_hp_loss":0.0,"gold_gain":0.0,"event_name":"Big Fish","player_choice":"Donut","floor":11.0,"gold_loss":0.0,"damage_taken":0.0},{"cards_removed":["blademaster:Cut"],"damage_healed":0.0,"max_hp_gain":0.0,"max_hp_loss":0.0,"gold_gain":0.0,"event_name":"betterNote:BetterNote","player_choice":"Take \u0026 Give","floor":22.0,"gold_loss":0.0,"damage_taken":0.0,"cards_obtained":["blademaster:Empower"]},{"damage_healed":0.0,"max_hp_gain":0.0,"max_hp_loss":0.0,"gold_gain":99.0,"event_name":"betterThird:BetterNest","player_choice":"Steal","floor":24.0,"gold_loss":0.0,"damage_taken":0.0},{"damage_healed":0.0,"max_hp_gain":0.0,"max_hp_loss":0.0,"gold_gain":0.0,"event_name":"WeMeetAgain","player_choice":"Gave Potion","floor":27.0,"gold_loss":0.0,"damage_taken":0.0,"relics_obtained":["infinitespire:PuzzleCube"]},{"damage_healed":0.0,"max_hp_gain":0.0,"max_hp_loss":0.0,"gold_gain":0.0,"event_name":"Tomb of Lord Red Mask","player_choice":"Paid","floor":39.0,"gold_loss":46.0,"damage_taken":0.0,"relics_obtained":["Red Mask"]}],"is_beta":false,"boss_relics":[{"not_picked":["Coffee Dripper","hubris:CrackedHourglass"],"picked":"Replay:Drink Me"},{"not_picked":["aspiration:SecretTechniqueScroll","Snecko Eye"],"picked":"Replay:Ancient Bell"},{"not_picked":["Replay:Baseball","aspiration:ChemicalBlood"],"picked":"Dota2Spire:MaskOfMadness"},{"not_picked":["Dota2Spire:AghanimScepter","aspiration:StickyExplosives_weak"],"picked":"Replay:Ringing Soul"},{"not_picked":["Dota2Spire:DivineRapier","aspiration:AnachronicSnailShell"],"picked":"TungstenRod"}],"items_purged_floors":[29,37],"is_endless":false,"potions_floor_spawned":[6,8,28,30,31,35,42,47,48],"killed_by":"Awakened One","ascension_level":0}}