{"host":"dpbezu80jg8zk7un","time":1609280688,"event":{"mods":["BaseMod","Colored Map","Colored Powertips","Custom Start","DeckTracker","Minty Spire (QoL Compilation)","Quick Restart","StSLib","SuperFastMode"],"gold_per_floor":[116,116,116,41,41,68,88,88,88,88,115,115,128,145,145,218,218,229,245,265,265,265],"floor_reached":21,"playtime":528,"items_purged":[],"score":524,"play_id":"99b05b5c-b6d5-4776-98c7-5c11f2e82245","local_time":"20201230072448","is_ascension_mode":true,"campfire_choices":[{"data":"Eruption","floor":10.0,"key":"SMITH"},{"data":"FlyingSleeves","floor":12.0,"key":"SMITH"},{"floor":15,"key":"RECALL"}],"circlet_count":0,"master_deck":["AscendersBane","Strike_P","Strike_P","Strike_P","Strike_P","Defend_P","Defend_P","Defend_P","Eruption+1","Vigilance","FlyingSleeves+1","Blasphemy+1","Prostrate+1","Pray+1","SignatureMove"],"relics":["PureWater","NeowsBlessing","Toxic Egg 2","Bird Faced Urn","Matryoshka","Odd Mushroom","Pantograph","Pocketwatch","Nunchaku","Sozu"],"acts_visited":["Exordium","TheCity"],"potions_floor_usage":[20],"damage_taken":[{"damage":0.0,"enemies":"Cultist","floor":1.0,"turns":1.0},{"damage":0.0,"enemies":"Gremlin Nob","floor":6.0,"turns":1.0},{"damage":0.0,"enemies":"The Mushroom Lair","floor":7.0,"turns":1.0},{"damage":21.0,"enemies":"3 Sentries","floor":11.0,"turns":7.0},{"damage":0.0,"enemies":"Small Slimes","floor":13.0,"turns":1.0},{"damage":3,"enemies":"Jaw Worm","floor":14,"turns":3},{"damage":0,"enemies":"Slime Boss","floor":16,"turns":5},{"damage":22,"enemies":"2 Thieves","floor":18,"turns":3},{"damage":14,"enemies":"3 Byrds","floor":19,"turns":4},{"damage":18,"enemies":"Centurion and Healer","floor":20,"turns":6},{"damage":3,"enemies":"Masked Bandits","floor":21,"turns":2}],"seed_played":"-4179605387990757004","potions_obtained":[{"floor":6.0,"key":"FairyPotion"},{"floor":13,"key":"FairyPotion"},{"floor":16,"key":"Fruit Juice"}],"is_trial":false,"path_per_floor":["M","T","?","?","?","E","?","?","T","R","E","R","M","M","R","B",null,"M","M","M","?"],"character_chosen":"WATCHER","items_purchased":[],"campfire_rested":0,"item_purchase_floors":[],"current_hp_per_floor":[61,61,26,26,26,26,26,48,48,48,27,27,27,24,24,49,63,41,27,14,11,11],"gold":265,"neow_bonus":"THREE_ENEMY_KILL","is_daily":false,"chose_seed":false,"campfire_upgraded":2,"win_rate":0.0,"timestamp":1609280688,"path_taken":["M","?","?","?","?","E","?","?","T","R","E","R","M","M","R","BOSS","M","M","M","?"],"items_purchased_type":[],"build_version":"2020-12-22","purchased_purges":0,"victory":false,"max_hp_per_floor":[68,68,68,68,68,68,68,68,68,68,68,68,68,68,68,68,68,68,68,73,73,73],"card_choices":[{"not_picked":["JustLucky","ThirdEye","BowlingBash"],"picked":"SKIP","floor":1.0},{"not_picked":["SashWhip","BowlingBash"],"picked":"FlyingSleeves","floor":6.0},{"not_picked":["FlyingSleeves","ReachHeaven"],"picked":"Blasphemy+1","floor":11.0},{"not_picked":["EmptyMind+1","Wallop"],"picked":"Prostrate+1","floor":13},{"not_picked":["FollowUp","Consecrate"],"picked":"Pray+1","floor":14},{"not_picked":["Indignation+1","FlyingSleeves"],"picked":"SignatureMove","floor":18},{"not_picked":["Indignation+1","PathToVictory+1","FlurryOfBlows"],"picked":"SKIP","floor":19},{"not_picked":["ThirdEye+1","WreathOfFlame+1","EmptyBody+1"],"picked":"SKIP","floor":20}],"player_experience":2801392,"relics_obtained":[{"floor":2.0,"key":"Toxic Egg 2"},{"floor":6.0,"key":"Matryoshka"},{"floor":7.0,"key":"Odd Mushroom"},{"floor":9.0,"key":"Pantograph"},{"floor":9.0,"key":"Pocketwatch"},{"floor":11.0,"key":"Nunchaku"}],"event_choices":[{"damage_healed":0.0,"max_hp_gain":0.0,"max_hp_loss":0.0,"gold_gain":0.0,"event_name":"Scrap Ooze","player_choice":"Success","floor":3.0,"gold_loss":0.0,"damage_taken":35.0,"relics_obtained":["Bird Faced Urn"]},{"cards_removed":["Defend_P"],"damage_healed":0.0,"max_hp_gain":0.0,"max_hp_loss":0.0,"gold_gain":0.0,"event_name":"The Cleric","player_choice":"Card Removal","floor":4.0,"gold_loss":75.0,"damage_taken":0.0},{"damage_healed":0.0,"max_hp_gain":0.0,"max_hp_loss":0.0,"gold_gain":0.0,"event_name":"Liars Game","player_choice":"Ignored","floor":5.0,"gold_loss":0.0,"damage_taken":0.0},{"damage_healed":0.0,"max_hp_gain":0.0,"max_hp_loss":0.0,"gold_gain":0.0,"event_name":"Mushrooms","player_choice":"Fought Mushrooms","floor":7.0,"gold_loss":0.0,"damage_taken":0.0},{"damage_healed":22.0,"max_hp_gain":0.0,"max_hp_loss":0.0,"gold_gain":0.0,"event_name":"Big Fish","player_choice":"Banana","floor":8.0,"gold_loss":0.0,"damage_taken":0.0},{"damage_healed":0,"gold_gain":0,"player_choice":"Fought Bandits","damage_taken":0,"max_hp_gain":0,"max_hp_loss":0,"event_name":"Masked Bandits","floor":21,"gold_loss":0}],"is_beta":false,"boss_relics":[{"not_picked":["Philosopher\u0027s Stone","Black Star"],"picked":"Sozu"}],"items_purged_floors":[],"is_endless":false,"potions_floor_spawned":[6,13,16,18],"killed_by":"Masked Bandits","ascension_level":20}}