{"host":"qxeepl7ydvsgmfdb","time":1609251696,"event":{"mods":["AchievementEnabler","BaseMod","Colored Powertips","Minty Spire (QoL Compilation)","Quick Restart","slay the spire mod where everything is the same but ironclad has a cowboy hat"],"gold_per_floor":[116,75,75,93,93,121,121,147,147,159,175,190,208,208,208,328,328,341,266,286,322,322,322,341,122,149,149,167,167,192,212,212,335,335,358,691,710,636,636,636,651,651,651,661,661,661,661],"floor_reached":46,"playtime":1299,"items_purged":["Defend_B"],"score":482,"play_id":"26019305-1a55-4b5a-a001-da7133c36f11","local_time":"20201229092136","is_ascension_mode":false,"campfire_choices":[{"data":"Biased Cognition","floor":7.0,"key":"SMITH"},{"floor":15.0,"key":"REST"},{"data":"Rainbow","floor":23.0,"key":"SMITH"},{"data":"Redo","floor":27.0,"key":"SMITH"},{"floor":32.0,"key":"REST"},{"data":"Chill","floor":40.0,"key":"SMITH"},{"floor":42.0,"key":"REST"}],"circlet_count":0,"master_deck":["Strike_B","Strike_B","Defend_B","Defend_B","Defend_B","Zap+1","Dualcast","Ball Lightning","Lockon","Biased Cognition+1","Chill+1","Melter","Sweeping Beam","Rainbow+1","Ball Lightning","Cold Snap","Leap","Redo+1","Leap","Chaos+1","Writhe"],"relics":["Cracked Core","NeowsBlessing","Du-Vu Doll","Lantern","CaptainsWheel","SacredBark","Red Mask","White Beast Statue","Membership Card","Dream Catcher","Philosopher\u0027s Stone","TheAbacus","Potion Belt"],"acts_visited":["Exordium","TheCity","TheBeyond"],"potions_floor_usage":[46,46,46],"damage_taken":[{"damage":0.0,"enemies":"Small Slimes","floor":1.0,"turns":1.0},{"damage":0.0,"enemies":"Cultist","floor":4.0,"turns":1.0},{"damage":0.0,"enemies":"3 Sentries","floor":6.0,"turns":1.0},{"damage":26.0,"enemies":"Lagavulin","floor":8.0,"turns":4.0},{"damage":0.0,"enemies":"2 Louse","floor":10.0,"turns":2.0},{"damage":0.0,"enemies":"Looter","floor":11.0,"turns":3.0},{"damage":9.0,"enemies":"3 Louse","floor":12.0,"turns":2.0},{"damage":0.0,"enemies":"Blue Slaver","floor":13.0,"turns":2.0},{"damage":8.0,"enemies":"Slime Boss","floor":16.0,"turns":8.0},{"damage":0.0,"enemies":"2 Thieves","floor":18.0,"turns":4.0},{"damage":0.0,"enemies":"Spheric Guardian","floor":20.0,"turns":1.0},{"damage":0.0,"enemies":"Masked Bandits","floor":21.0,"turns":2.0},{"damage":19.0,"enemies":"Snake Plant","floor":24.0,"turns":4.0},{"damage":9.0,"enemies":"Snecko","floor":28.0,"turns":3.0},{"damage":0.0,"enemies":"Shelled Parasite and Fungi","floor":30.0,"turns":4.0},{"damage":0.0,"enemies":"Centurion and Healer","floor":31.0,"turns":6.0},{"damage":56.0,"enemies":"Automaton","floor":33.0,"turns":12.0},{"damage":25.0,"enemies":"3 Shapes","floor":35.0,"turns":5.0},{"damage":1.0,"enemies":"Orb Walker","floor":37.0,"turns":2.0},{"damage":33.0,"enemies":"Maw","floor":41.0,"turns":7.0},{"damage":44.0,"enemies":"Writhing Mass","floor":44.0,"turns":6.0},{"damage":38,"enemies":"Nemesis","floor":46,"turns":4}],"seed_played":"6517151867804092492","potions_obtained":[{"floor":4.0,"key":"Explosive Potion"},{"floor":6.0,"key":"Weak Potion"},{"floor":8.0,"key":"PotionOfCapacity"},{"floor":20.0,"key":"Fruit Juice"},{"floor":24.0,"key":"DistilledChaos"},{"floor":28.0,"key":"Block Potion"},{"floor":33.0,"key":"Energy Potion"},{"floor":35.0,"key":"FearPotion"},{"floor":37.0,"key":"AttackPotion"},{"floor":41.0,"key":"Strength Potion"},{"floor":44.0,"key":"LiquidBronze"}],"is_trial":false,"path_per_floor":["M","$","?","M","?","E","R","E","T","M","M","M","M","?","R","B",null,"M","?","M","?","T","R","M","$","T","R","M","?","M","M","R","B",null,"M","?","M","$","?","R","M","R","T","M","?","E"],"character_chosen":"DEFECT","items_purchased":["Lockon","Membership Card","Redo","TheAbacus"],"campfire_rested":3,"item_purchase_floors":[2,25,25,38],"current_hp_per_floor":[75,75,68,68,68,68,68,42,42,42,42,33,33,15,37,29,75,75,75,85,85,85,85,66,66,66,66,57,57,57,57,82,26,85,60,60,59,59,59,59,26,51,51,7,28,0,0],"gold":661,"neow_bonus":"THREE_ENEMY_KILL","is_daily":false,"chose_seed":false,"campfire_upgraded":4,"win_rate":0.0,"timestamp":1609251696,"path_taken":["M","$","?","M","?","E","R","E","T","M","?","M","M","?","R","BOSS","M","?","M","?","?","R","?","$","T","R","?","?","M","M","R","BOSS","M","?","M","$","?","R","M","R","T","?","?","E"],"items_purchased_type":["Card","Relic","Card","Relic"],"build_version":"2020-12-22","purchased_purges":1,"victory":false,"max_hp_per_floor":[75,75,75,75,75,75,75,75,75,75,75,75,75,75,75,75,75,75,75,85,85,85,85,85,85,85,85,85,85,85,85,85,85,85,85,85,85,85,85,85,85,85,85,85,85,85,85],"card_choices":[{"not_picked":["Sweeping Beam","Skim"],"picked":"Ball Lightning","floor":1.0},{"not_picked":["Undo","Beam Cell"],"picked":"Conserve Battery","floor":4.0},{"not_picked":["Force Field","Auto Shields"],"picked":"Biased Cognition","floor":6.0},{"not_picked":["Capacitor","Streamline"],"picked":"Chill","floor":8.0},{"not_picked":["Heatsinks","Loop","Barrage"],"picked":"SKIP","floor":10.0},{"not_picked":["Steam","Gash"],"picked":"Melter","floor":11.0},{"not_picked":["Hologram","Compile Driver","Gash"],"picked":"SKIP","floor":12.0},{"not_picked":["Stack","Lockon"],"picked":"Sweeping Beam","floor":13.0},{"not_picked":["Amplify","Meteor Strike"],"picked":"Rainbow","floor":16.0},{"not_picked":["Doom and Gloom","Sweeping Beam+1"],"picked":"Ball Lightning","floor":18.0},{"not_picked":["Gash+1","Rebound"],"picked":"Cold Snap","floor":20.0},{"not_picked":["Rebound","Coolheaded"],"picked":"Leap","floor":21.0},{"not_picked":["Blizzard","Stack","Doom and Gloom"],"picked":"SKIP","floor":24.0},{"not_picked":["Barrage","Go for the Eyes","Sweeping Beam"],"picked":"SKIP","floor":28.0},{"not_picked":["Machine Learning","Beam Cell"],"picked":"Leap","floor":30.0},{"not_picked":["Barrage","Coolheaded","Beam Cell"],"picked":"SKIP","floor":31.0},{"not_picked":["Hologram+1","Cold Snap+1","Compile Driver+1"],"picked":"SKIP","floor":35.0},{"not_picked":["Turbo","Redo","Sunder+1"],"picked":"SKIP","floor":37.0},{"not_picked":["Heatsinks","Rebound","Gash"],"picked":"SKIP","floor":41.0},{"not_picked":["Hologram+1","Redo"],"picked":"Chaos+1","floor":44.0}],"player_experience":292806,"relics_obtained":[{"floor":6.0,"key":"Du-Vu Doll"},{"floor":8.0,"key":"Lantern"},{"floor":9.0,"key":"CaptainsWheel"},{"floor":21.0,"key":"Red Mask"},{"floor":22.0,"key":"White Beast Statue"},{"floor":26.0,"key":"Dream Catcher"},{"floor":43.0,"key":"Potion Belt"}],"event_choices":[{"cards_removed":["Strike_B"],"damage_healed":0.0,"max_hp_gain":0.0,"max_hp_loss":0.0,"gold_gain":0.0,"event_name":"Golden Wing","player_choice":"Card Removal","floor":3.0,"gold_loss":0.0,"damage_taken":7.0},{"damage_healed":0.0,"max_hp_gain":0.0,"max_hp_loss":0.0,"gold_gain":0.0,"event_name":"Upgrade Shrine","player_choice":"Upgraded","floor":5.0,"gold_loss":0.0,"damage_taken":0.0,"cards_upgraded":["Zap"]},{"damage_healed":0.0,"max_hp_gain":0.0,"max_hp_loss":0.0,"gold_gain":0.0,"event_name":"Golden Idol","player_choice":"Take Damage","floor":14.0,"gold_loss":0.0,"damage_taken":18.0,"relics_obtained":["Golden Idol"]},{"cards_removed":["Strike_B"],"damage_healed":0.0,"max_hp_gain":0.0,"max_hp_loss":0.0,"gold_gain":0.0,"event_name":"Beggar","player_choice":"Gave Gold","floor":19.0,"gold_loss":75.0,"damage_taken":0.0},{"damage_healed":0.0,"max_hp_gain":0.0,"max_hp_loss":0.0,"gold_gain":0.0,"event_name":"Masked Bandits","player_choice":"Fought Bandits","floor":21.0,"gold_loss":0.0,"damage_taken":0.0},{"damage_healed":0.0,"max_hp_gain":0.0,"max_hp_loss":0.0,"gold_gain":0.0,"event_name":"Ghosts","player_choice":"Ignored","floor":29.0,"gold_loss":0.0,"damage_taken":0.0},{"damage_healed":0.0,"max_hp_gain":0.0,"max_hp_loss":0.0,"gold_gain":333.0,"event_name":"The Moai Head","player_choice":"Gave Idol","floor":36.0,"relics_lost":["Golden Idol"],"gold_loss":0.0,"damage_taken":0.0},{"cards_removed":["Conserve Battery"],"damage_healed":0.0,"max_hp_gain":0.0,"max_hp_loss":0.0,"gold_gain":0.0,"event_name":"Falling","player_choice":"Removed Skill","floor":39.0,"gold_loss":0.0,"damage_taken":0.0},{"damage_healed":21.0,"max_hp_gain":0.0,"max_hp_loss":0.0,"gold_gain":0.0,"event_name":"Winding Halls","player_choice":"Writhe","floor":45.0,"gold_loss":0.0,"damage_taken":0.0,"cards_obtained":["Writhe"]}],"is_beta":false,"boss_relics":[{"not_picked":["Snecko Eye","Runic Dome"],"picked":"SacredBark"},{"not_picked":["Cursed Key","Astrolabe"],"picked":"Philosopher\u0027s Stone"}],"items_purged_floors":[25],"is_endless":false,"potions_floor_spawned":[4,6,8,12,13,18,20,24,28,30,31,33,35,37,41,44],"killed_by":"Nemesis","ascension_level":0}}