{"host":"6p0attdrtjqaih7v","time":1609219882,"event":{"mods":["2.2 Compatiblity","AchievementEnabler","Bard","BaseMod","Better Skull","Better Third Choice","Colored Powertips","Hermit","Highlight Path","Jorbs\u0027s Wanderer Trilogy","Key Reminder","Minty Spire (QoL Compilation)","Permanent Neow","Quick Restart","Random Character Button","Relic Stats","Replay The Spire","StSLib","The Construct"],"gold_per_floor":[119,119,135,52,70,70,101,101,127,147,175,175,190,206,206,284,284,299,81,23,23,55,55,68,68,68,68,68,68],"floor_reached":28,"playtime":797,"items_purged":["hermit:Strike_Hermit"],"score":433,"play_id":"b0c51184-1ad3-4896-910f-ace8c812ffcf","local_time":"20201229003122","is_ascension_mode":true,"campfire_choices":[{"data":"hermit:Roughhouse","floor":6,"key":"SMITH"},{"data":"hermit:Snapshot","floor":8,"key":"SMITH"},{"data":"hermit:NoHoldsBarred","floor":12,"key":"SMITH"},{"floor":15,"key":"REST"},{"data":"hermit:LoneWolf","floor":23,"key":"SMITH"},{"data":"hermit:FlashPowder","floor":25,"key":"SMITH"}],"circlet_count":0,"master_deck":["AscendersBane","hermit:Strike_Hermit+1","hermit:Strike_Hermit","hermit:Strike_Hermit+1","hermit:Defend_Hermit","hermit:Defend_Hermit","hermit:Defend_Hermit","hermit:Defend_Hermit","hermit:Snapshot+1","hermit:Covet","hermit:Roughhouse+1","hermit:Vantage","hermit:Shortfuse","hermit:Vantage","hermit:TakeAim","hermit:TrackingShot","hermit:NoHoldsBarred+1","hermit:WideOpen","hermit:DeadOrAlive","hermit:LuckOfTheDraw","Impatience","hermit:Determination","hermit:LoneWolf+1","hermit:CalledShot","hermit:FlashPowder+1"],"relics":["hermit:Momento","keyreminder:keyreminder","Whetstone","Bronze Scales","Blue Candle","Coffee Dripper","BargainBundle","The Courier"],"acts_visited":["Exordium","TheCity"],"potions_floor_usage":[7,11,16,16,22,28,28],"damage_taken":[{"damage":0,"enemies":"2 Louse","floor":1,"turns":2},{"damage":11,"enemies":"Cultist","floor":3,"turns":4},{"damage":7,"enemies":"Jaw Worm","floor":5,"turns":4},{"damage":21,"enemies":"Gremlin Nob","floor":7,"turns":6},{"damage":2,"enemies":"3 Louse","floor":10,"turns":3},{"damage":4,"enemies":"Lagavulin","floor":11,"turns":6},{"damage":0,"enemies":"Red Slaver","floor":13,"turns":2},{"damage":0,"enemies":"Gremlin Gang","floor":14,"turns":2},{"damage":36,"enemies":"Slime Boss","floor":16,"turns":6},{"damage":0,"enemies":"Chosen","floor":18,"turns":3},{"damage":21,"enemies":"3 Byrds","floor":22,"turns":2},{"damage":33,"enemies":"Shelled Parasite and Fungi","floor":24,"turns":5},{"damage":25,"enemies":"Snecko","floor":28,"turns":3}],"seed_played":"8849364135194222697","potions_obtained":[{"floor":7,"key":"Elixir"},{"floor":10,"key":"Ancient Potion"},{"floor":11,"key":"Death Potion"},{"floor":14,"key":"Strength Potion"},{"floor":24,"key":"Adrenaline Potion"}],"is_trial":false,"path_per_floor":["M","?","M","$","M","R","E","R","T","M","E","R","M","M","R","B",null,"M","$","?","?","M","R","M","R","T","?","M"],"character_chosen":"HERMIT","items_purchased":["hermit:Vantage","hermit:Tonic","BargainBundle","Strength Potion","Dexterity Potion","Impatience","hermit:Determination"],"campfire_rested":1,"item_purchase_floors":[4,4,19,19,19,19,19],"current_hp_per_floor":[64,64,53,53,46,46,25,25,25,23,19,19,19,19,40,4,54,54,54,71,71,50,50,17,17,17,17,0,0],"gold":68,"neow_bonus":"THREE_RARE_CARDS","is_daily":false,"chose_seed":false,"campfire_upgraded":5,"win_rate":0.0,"timestamp":1609219882,"path_taken":["M","?","M","?","M","R","E","R","T","?","E","R","M","M","R","BOSS","M","$","?","?","M","R","M","R","T","?","M"],"items_purchased_type":["Card","Potion","Relic","Potion","Potion","Card","Card"],"build_version":"2020-12-22","purchased_purges":1,"victory":false,"max_hp_per_floor":[71,71,71,71,71,71,71,71,71,71,71,71,71,71,71,71,71,71,71,71,71,71,71,71,71,71,71,71,71],"relic_stats":{"counters":[13,48],"Bronze Scales":[82],"Blue Candle":[2],"Whetstone":["hermit:Strike_Hermit","hermit:Strike_Hermit"],"obtain_stats":[{"keyreminder:keyreminder":7,"BargainBundle":19,"Bronze Scales":9,"Blue Candle":11,"The Courier":26,"Coffee Dripper":17,"Whetstone":7,"hermit:Momento":0},{"keyreminder:keyreminder":4,"BargainBundle":10,"Bronze Scales":4,"Blue Candle":6,"The Courier":12,"Coffee Dripper":9,"Whetstone":4,"hermit:Momento":0},{"keyreminder:keyreminder":16,"BargainBundle":38,"Bronze Scales":16,"Blue Candle":25,"The Courier":45,"Coffee Dripper":35,"Whetstone":16,"hermit:Momento":0}]},"card_choices":[{"not_picked":["hermit:OverwhelmingPower","hermit:FromBeyond"],"picked":"hermit:Roughhouse","floor":0},{"not_picked":["hermit:WideOpen","hermit:ShadowCloak"],"picked":"hermit:Vantage","floor":1},{"not_picked":["hermit:SprayPray","hermit:Combo"],"picked":"hermit:Shortfuse","floor":3},{"not_picked":["hermit:Deadeye","hermit:CalledShot"],"picked":"hermit:TakeAim","floor":5},{"not_picked":["hermit:ShadowCloak","hermit:Dive","hermit:Malice"],"picked":"SKIP","floor":7},{"not_picked":["hermit:TakeCover","hermit:Feint"],"picked":"hermit:TrackingShot","floor":10},{"not_picked":["hermit:HighCaliber","hermit:Deadeye"],"picked":"hermit:NoHoldsBarred","floor":11},{"not_picked":["hermit:ItchyTrigger","hermit:LowProfile","hermit:TakeCover"],"picked":"SKIP","floor":13},{"not_picked":["hermit:NoHoldsBarred","hermit:Ricochet"],"picked":"hermit:WideOpen","floor":14},{"not_picked":["hermit:Purgatory","hermit:BlackWind"],"picked":"hermit:DeadOrAlive","floor":16},{"not_picked":["hermit:Roulette","hermit:LowProfile+1"],"picked":"hermit:LuckOfTheDraw","floor":18},{"not_picked":["hermit:Grudge","hermit:HighCaliber"],"picked":"hermit:CalledShot","floor":22},{"not_picked":["hermit:WideOpen","hermit:Feint"],"picked":"hermit:FlashPowder","floor":24}],"player_experience":919270,"relics_obtained":[{"floor":7,"key":"Whetstone"},{"floor":9,"key":"Bronze Scales"},{"floor":11,"key":"Blue Candle"},{"floor":26,"key":"The Courier"}],"event_choices":[{"cards_removed":["Regret"],"damage_healed":0,"gold_gain":0,"player_choice":"Removed Curses","damage_taken":0,"max_hp_gain":0,"max_hp_loss":0,"event_name":"Fountain of Cleansing","floor":2,"gold_loss":0},{"damage_healed":0,"gold_gain":0,"player_choice":"Read","damage_taken":0,"max_hp_gain":0,"max_hp_loss":0,"event_name":"The Library","floor":21,"gold_loss":0,"cards_obtained":["hermit:LoneWolf"]},{"damage_healed":0,"gold_gain":0,"player_choice":"Ignored","damage_taken":0,"max_hp_gain":0,"max_hp_loss":0,"event_name":"Cursed Tome","floor":27,"gold_loss":0}],"is_beta":false,"boss_relics":[{"not_picked":["SacredBark","Replay:Wanted Poster"],"picked":"Coffee Dripper"}],"items_purged_floors":[19],"is_endless":false,"potions_floor_spawned":[7,10,11,13,14,24],"killed_by":"Snecko","ascension_level":18}}