{"host":"nmjik3bzoelmmajy","time":1609250102,"event":{"mods":["BaseMod","Better Third Choice","Colored Map","DeckTracker","Minty Spire (QoL Compilation)","Quick Restart","Say the Spire","StSLib","SuperFastMode"],"gold_per_floor":[112,112,141,153,176,188,230,242,254,3,3,23,40,59,59,59,59],"floor_reached":16,"playtime":532,"items_purged":[],"score":184,"play_id":"72ef08ab-7cdb-4cca-a088-f00dc447da5c","local_time":"20201229225502","is_ascension_mode":true,"campfire_choices":[{"floor":6,"key":"REST"},{"data":"Backflip","floor":8,"key":"SMITH"},{"floor":15,"key":"REST"}],"circlet_count":0,"master_deck":["AscendersBane","Strike_G","Strike_G","Strike_G","Strike_G","Defend_G","Defend_G","Defend_G","Defend_G","Defend_G","Survivor","Neutralize","Dramatic Entrance","Poisoned Stab","Footwork","Backflip+1","Panache","Terror","Prepared","Glass Knife","Bouncing Flask"],"relics":["Ring of the Snake","MawBank","Tiny Chest","Anchor"],"acts_visited":[],"potions_floor_usage":[14,16,16],"damage_taken":[{"damage":2,"enemies":"Small Slimes","floor":1,"turns":4},{"damage":18,"enemies":"Jaw Worm","floor":3,"turns":4},{"damage":6,"enemies":"Cultist","floor":5,"turns":4},{"damage":27,"enemies":"Lagavulin","floor":7,"turns":10},{"damage":0,"enemies":"Exordium Thugs","floor":12,"turns":4},{"damage":0,"enemies":"3 Louse","floor":13,"turns":3},{"damage":0,"enemies":"Lots of Slimes","floor":14,"turns":1},{"damage":26,"enemies":"Slime Boss","floor":16,"turns":10}],"seed_played":"4632665603994222079","potions_obtained":[{"floor":7,"key":"SteroidPotion"},{"floor":11,"key":"Explosive Potion"},{"floor":11,"key":"LiquidMemories"},{"floor":13,"key":"Dexterity Potion"},{"floor":14,"key":"DistilledChaos"}],"is_trial":false,"path_per_floor":["M","?","M","?","M","R","E","R","T","$","?","M","M","M","R","B"],"character_chosen":"THE_SILENT","items_purchased":["Panache","Terror"],"campfire_rested":2,"item_purchase_floors":[10,10],"current_hp_per_floor":[57,39,21,21,15,34,7,7,7,7,7,7,7,7,26,0,0],"gold":59,"neow_bonus":"RANDOM_COLORLESS","is_daily":false,"chose_seed":false,"campfire_upgraded":1,"win_rate":0.0,"timestamp":1609250102,"path_taken":["M","?","M","?","?","R","E","R","T","?","?","M","M","?","R","BOSS"],"items_purchased_type":["Card","Card"],"build_version":"2020-12-22","purchased_purges":0,"victory":false,"max_hp_per_floor":[66,66,66,66,66,66,66,66,66,66,66,66,66,66,66,66,66],"card_choices":[{"not_picked":["Panacea","Enlightenment"],"picked":"Dramatic Entrance","floor":0},{"not_picked":["Bane","Sucker Punch"],"picked":"Poisoned Stab","floor":1},{"not_picked":["Glass Knife","Dodge and Roll"],"picked":"Footwork","floor":3},{"not_picked":["Dagger Spray","Deadly Poison"],"picked":"Backflip","floor":5},{"not_picked":["Outmaneuver","Dodge and Roll","Quick Slash"],"picked":"SKIP","floor":7},{"not_picked":["Endless Agony","Flying Knee"],"picked":"Prepared","floor":12},{"not_picked":["Underhanded Strike","Dagger Spray"],"picked":"Glass Knife","floor":13},{"not_picked":["Poisoned Stab","Endless Agony"],"picked":"Bouncing Flask","floor":14}],"player_experience":824726,"relics_obtained":[{"floor":7,"key":"Tiny Chest"},{"floor":9,"key":"Anchor"}],"event_choices":[{"damage_healed":0,"gold_gain":0,"player_choice":"Relic ","damage_taken":18,"max_hp_gain":0,"max_hp_loss":0,"event_name":"betterThird:BetterScrap","floor":2,"gold_loss":0,"cards_obtained":["Rupture"]},{"cards_removed":["Strike_G"],"damage_healed":0,"gold_gain":0,"player_choice":"Purged","damage_taken":0,"max_hp_gain":0,"max_hp_loss":0,"event_name":"Purifier","floor":4,"gold_loss":0},{"damage_healed":0,"gold_gain":0,"player_choice":"Got Potions","damage_taken":0,"max_hp_gain":0,"max_hp_loss":0,"event_name":"Lab","floor":11,"gold_loss":0}],"is_beta":false,"boss_relics":[],"items_purged_floors":[],"is_endless":false,"potions_floor_spawned":[7,13,14],"killed_by":"Slime Boss","ascension_level":16}}