{"host":"6za4ayowsop7ft3x","time":1609228113,"event":{"mods":["AchievementEnabler","BaseMod","Bestiary","Colored Map","Colored Powertips","Curses Come First","Downfall","Highlight Path","Minty Spire (QoL Compilation)","Quick Restart","StSLib"],"gold_per_floor":[169,169,189,207,207,207,248,248,327,345,18,53,53,83,83,212,212,226,196,146,110,130,130,130,130],"floor_reached":24,"playtime":1157,"items_purged":[],"score":204,"play_id":"090084de-7c5d-4d3b-88a4-af921127ab53","local_time":"20201229154833","is_ascension_mode":false,"campfire_choices":[{"floor":6,"key":"REST"},{"floor":8,"key":"REST"},{"floor":13,"key":"REST"},{"floor":15,"key":"REST"},{"floor":23,"key":"REST"}],"circlet_count":0,"master_deck":["Strike_G+1","Strike_G","Strike_G","Strike_G","Strike_G","Defend_G+1","Defend_G","Defend_G+1","Defend_G","Defend_G","Survivor","Neutralize","Poisoned Stab","PiercingWail","Crippling Poison","Quick Slash","Deadly Poison","Underhanded Strike","expansioncontent:LastStand+1","Acrobatics","Poisoned Stab","Catalyst","Envenom+1","Infinite Blades+1","Noxious Fumes+1"],"relics":["Tiny House","Golden Idol","Ancient Tea Set","Frozen Egg 2","War Paint","Sundial","Odd Mushroom","Black Star"],"acts_visited":["Exordium","TheCity"],"potions_floor_usage":[7,16,16,24,24],"damage_taken":[{"damage":11,"enemies":"Jaw Worm","floor":1,"turns":4},{"damage":7,"enemies":"2 Louse","floor":3,"turns":2},{"damage":2,"enemies":"Small Slimes","floor":4,"turns":3},{"damage":25,"enemies":"Gremlin Nob","floor":7,"turns":5},{"damage":2,"enemies":"Looter","floor":10,"turns":3},{"damage":22,"enemies":"3 Sentries","floor":12,"turns":9},{"damage":16,"enemies":"The Mushroom Lair","floor":14,"turns":4},{"damage":28,"enemies":"Hexaghost","floor":16,"turns":9},{"damage":12,"enemies":"Shell Parasite","floor":18,"turns":5},{"damage":30,"enemies":"2 Thieves","floor":19,"turns":5},{"damage":25,"enemies":"Centurion and Healer","floor":22,"turns":5},{"damage":44,"enemies":"Slavers","floor":24,"turns":5}],"seed_played":"-5366110607640405215","potions_obtained":[{"floor":0,"key":"Guardian:BlockOnCardUsePotion"},{"floor":3,"key":"SmokeBomb"},{"floor":4,"key":"Block Potion"},{"floor":12,"key":"Weak Potion"},{"floor":18,"key":"Explosive Potion"},{"floor":22,"key":"Ancient Potion"}],"is_trial":false,"path_per_floor":["M","?","M","M","?","R","E","R","T","M","$","E","R","?","R","B",null,"M","M","?","$","M","R","E"],"character_chosen":"THE_SILENT","items_purchased":["War Paint","Underhanded Strike","expansioncontent:LastStand+1","Acrobatics","Noxious Fumes+1"],"campfire_rested":5,"item_purchase_floors":[11,11,11,11,21],"current_hp_per_floor":[64,46,39,37,42,66,41,65,65,63,63,41,65,49,73,45,80,68,38,38,38,13,37,0,0],"gold":130,"neow_bonus":"BOSS_RELIC","is_daily":false,"chose_seed":false,"campfire_upgraded":0,"win_rate":0.0,"timestamp":1609228113,"path_taken":["M","?","M","M","?","R","E","R","T","M","$","E","R","?","R","BOSS","M","M","?","?","M","R","E"],"items_purchased_type":["Relic","Card","Card","Card","Card"],"build_version":"2020-12-22","purchased_purges":0,"victory":false,"max_hp_per_floor":[75,75,75,75,80,80,80,80,80,80,80,80,80,80,80,80,80,80,80,80,80,80,80,80,80],"card_choices":[{"not_picked":["Bane","Backflip"],"picked":"Poisoned Stab","floor":0},{"not_picked":["Cloak And Dagger","All Out Attack"],"picked":"PiercingWail","floor":1},{"not_picked":["Endless Agony","Expertise","Finisher"],"picked":"SKIP","floor":3},{"not_picked":["Dagger Spray","Dash"],"picked":"Crippling Poison","floor":4},{"not_picked":["Reflex","Prepared"],"picked":"Quick Slash","floor":7},{"not_picked":["Dagger Throw","Prepared"],"picked":"Deadly Poison","floor":10},{"not_picked":["Riddle With Holes","Acrobatics"],"picked":"Poisoned Stab","floor":12},{"not_picked":["Doppelganger","Quick Slash"],"picked":"Catalyst","floor":14},{"not_picked":["Die Die Die","Night Terror"],"picked":"Envenom+1","floor":16},{"not_picked":["Backflip","Backstab","Riddle With Holes+1"],"picked":"SKIP","floor":18},{"not_picked":["Underhanded Strike","Quick Slash"],"picked":"Infinite Blades+1","floor":19},{"not_picked":["Escape Plan+1","Cloak And Dagger+1","PiercingWail+1"],"picked":"SKIP","floor":22}],"player_experience":18823,"relics_obtained":[{"floor":7,"key":"Ancient Tea Set"},{"floor":9,"key":"Frozen Egg 2"},{"floor":12,"key":"Sundial"},{"floor":14,"key":"Odd Mushroom"}],"event_choices":[{"damage_healed":0,"gold_gain":0,"player_choice":"Take Damage","damage_taken":18,"relics_obtained":["Golden Idol"],"max_hp_gain":0,"max_hp_loss":0,"event_name":"Golden Idol","floor":2,"gold_loss":0},{"damage_healed":0,"gold_gain":0,"player_choice":"Donut","damage_taken":0,"max_hp_gain":5,"max_hp_loss":0,"event_name":"Big Fish","floor":5,"gold_loss":0},{"damage_healed":0,"gold_gain":0,"player_choice":"Fought Mushrooms","damage_taken":0,"max_hp_gain":0,"max_hp_loss":0,"event_name":"Mushrooms","floor":14,"gold_loss":0},{"damage_healed":0,"gold_gain":0,"player_choice":"Bet on Owner","damage_taken":0,"max_hp_gain":0,"max_hp_loss":0,"event_name":"The Joust","floor":20,"gold_loss":50}],"is_beta":false,"boss_relics":[{"not_picked":["Sozu","Runic Dome"],"picked":"Black Star"}],"items_purged_floors":[],"is_endless":false,"potions_floor_spawned":[3,4,7,12,18,22],"killed_by":"Slavers","ascension_level":0}}