{"host":"e4wnmsyty9uvvtwf","time":1609255285,"event":{"mods":["Act Like it!","BaseMod","Colored Map","Colored Powertips","Gensokyo","Marisa£®ÏF”Í°°ƒß¿Ì…≥£©","Minty Spire (QoL Compilation)","Rare Cards Sparkle","StSLib"],"gold_per_floor":[109,259,259,29,42,42,69,102,102,102,102,102,20,51,51,152,152,165,490,503,7,25,25,0,13,38,38,482,520,6,55,55,238,238,256,256,196,236,131,131,131,131,131,164,77,77,143,178,178,222,222,222,45,75,75,75],"floor_reached":55,"playtime":2043,"items_purged":["Pain"],"score":960,"play_id":"9fe24fc8-b11e-4f1f-86fb-f0b7dd48716b","local_time":"20201229232125","is_ascension_mode":true,"campfire_choices":[{"data":"PulseMagic","floor":6,"key":"SMITH"},{"data":"OortCloud","floor":10,"key":"SMITH"},{"data":"Gensokyo:CrescentMoonSlash","floor":12,"key":"SMITH"},{"data":"Blind","floor":15,"key":"SMITH"},{"data":"ManaRampage","floor":23,"key":"SMITH"},{"data":"BlazeAway","floor":27,"key":"SMITH"},{"floor":32,"key":"RECALL"},{"data":"BinaryStars","floor":40,"key":"SMITH"},{"data":"StarDustReverie","floor":46,"key":"SMITH"},{"floor":49,"key":"REST"},{"data":"PropBag","floor":52,"key":"SMITH"}],"circlet_count":0,"master_deck":["Strike_MRS","Strike_MRS","Defend_MRS","Defend_MRS","Defend_MRS","Defend_MRS","MasterSpark+1","UpSweep+1","Blind+1","PulseMagic+1","OrrerysSun","OortCloud+1","Gensokyo:CrescentMoonSlash+1","ManaRampage+1","CurseOfTheBell","BlazeAway+1","ShootingEcho+1","Robbery+1","StarDustReverie+1","PowerUp","WitchOfGreed+1","Mayhem+1","AsteroidBelt","MilkyWay+1","BinaryStars+1","DarkMatter+1","Gensokyo:CustomPotion","GravityBeat+1","Singularity+1","PropBag+1","MagicChant+1","Gensokyo:Shovel","ShootTheMoon+1","PowerUp+1","Singularity+1","StarDustReverie"],"relics":["BewitchedHakkero","Gensokyo:LunaticRedEyes","Chemical X","Calipers","Matryoshka","Whetstone","Calling Bell","Bronze Scales","Mercury Hourglass","FossilizedHelix","StoneCalendar","ClockworkSouvenir","HandDrill","Blood Vial","Smiling Mask","Omamori","Letter Opener","Du-Vu Doll","Frozen Egg 2","Toy Ornithopter","Lantern","Boot","PreservedInsect","Vajra","Pen Nib","Pantograph","Sundial"],"acts_visited":["Exordium","Gensokyo:Gensokyo","Gensokyo:Gensokyoer","TheEnding"],"potions_floor_usage":[33,33,55,55],"damage_taken":[{"damage":0,"enemies":"Gensokyo:Gryphon","floor":1,"turns":3},{"damage":0,"enemies":"Gensokyo:3_Fairies","floor":5,"turns":4},{"damage":13,"enemies":"Gensokyo:Mamizou","floor":7,"turns":9},{"damage":20,"enemies":"Gensokyo:Cirno","floor":8,"turns":9},{"damage":0,"enemies":"Gensokyo:Mamizou","floor":14,"turns":10},{"damage":12,"enemies":"Gensokyo:Yukari","floor":16,"turns":11},{"damage":0,"enemies":"Gensokyo:AngelMirror","floor":18,"turns":3},{"damage":0,"enemies":"Gensokyo:CosmicMonolith","floor":20,"turns":2},{"damage":0,"enemies":"Gensokyo:Slime_Group","floor":22,"turns":4},{"damage":0,"enemies":"Gensokyo:Chomper_and_Gloop","floor":25,"turns":5},{"damage":11,"enemies":"Gensokyo:Tenshi","floor":28,"turns":5},{"damage":0,"enemies":"Gensokyo:Monolith_and_Dog","floor":29,"turns":4},{"damage":0,"enemies":"Gensokyo:Reisen","floor":31,"turns":3},{"damage":29,"enemies":"Gensokyo:Eiki","floor":33,"turns":6},{"damage":0,"enemies":"Gensokyo:AncientGuardian","floor":35,"turns":3},{"damage":21,"enemies":"Gensokyo:3_Boulders","floor":38,"turns":4},{"damage":0,"enemies":"Gensokyo:Kasen","floor":44,"turns":3},{"damage":0,"enemies":"Gensokyo:Dusk_and_Dawn","floor":47,"turns":4},{"damage":25,"enemies":"Gensokyo:Marisa","floor":48,"turns":3},{"damage":7,"enemies":"Gensokyo:Scarlet_Devils","floor":50,"turns":12},{"damage":45,"enemies":"Shield and Spear","floor":54,"turns":5},{"damage":69,"enemies":"The Heart","floor":55,"turns":9}],"seed_played":"1738456524628930727","potions_obtained":[{"floor":1,"key":"FearPotion"},{"floor":7,"key":"Explosive Potion"},{"floor":22,"key":"StarNLove"},{"floor":33,"key":"Ancient Potion"},{"floor":33,"key":"DuplicationPotion"}],"is_trial":false,"path_per_floor":["M","?","?","$","M","R","E","?","T","R","?","R","COS","E","R","B",null,"M","?","M","COS","M","R","?","M","T","R","E","M","$","E","R","B",null,"M","$","?","M","$","R","?","?","T","E","COS","R","M","E","R","B",null,"R","$","E","B"],"character_chosen":"MARISA","items_purchased":["Chemical X","Frozen Egg 2","WitchOfGreed+1","Mayhem+1","AsteroidBelt","Singularity+1","PropBag","Singularity+1","Vajra"],"campfire_rested":1,"item_purchase_floors":[4,30,30,30,30,39,39,53,53],"current_hp_per_floor":[75,75,75,75,75,75,62,42,42,42,31,31,31,33,33,21,77,77,77,77,77,77,77,77,77,77,77,66,68,68,70,70,48,77,77,77,77,56,56,56,56,56,56,58,58,58,60,37,60,55,77,77,77,32,0,0],"gold":75,"neow_bonus":"RANDOM_COLORLESS","is_daily":false,"chose_seed":false,"campfire_upgraded":9,"win_rate":0.0,"timestamp":1609255285,"path_taken":["M","?","?","$","?","R","E","?","T","R","?","R","COS","E","R","BOSS","M","?","M","COS","?","R","?","M","T","R","E","M","?","E","R","BOSS","M","?","?","?","$","R","?","?","T","E","COS","R","M","E","R","BOSS","R","$","E","BOSS"],"items_purchased_type":["Relic","Relic","Card","Card","Card","Card","Card","Card","Relic"],"build_version":"2020-12-22","purchased_purges":1,"victory":false,"max_hp_per_floor":[75,75,75,75,75,75,75,75,75,75,75,75,75,77,77,77,77,77,77,77,77,77,77,77,77,77,77,77,77,77,77,77,77,77,77,77,77,77,77,77,77,77,77,77,77,77,77,77,77,77,77,77,77,77,77,77],"card_choices":[{"not_picked":["Bandage Up","Deep Breath"],"picked":"Blind","floor":0},{"not_picked":["OneTimeOff","OpenUniverse"],"picked":"IllusionStar","floor":1},{"not_picked":["GravityBeat","Acceleration"],"picked":"PulseMagic","floor":5},{"not_picked":["NonDirectionalLaser","OpenUniverse"],"picked":"OrrerysSun","floor":7},{"not_picked":["PulseMagic","AsteroidBelt"],"picked":"OortCloud","floor":8},{"not_picked":["MillisecondPulsars","SprinkleStarSeal","LuminesStrike"],"picked":"Singing Bowl","floor":14},{"not_picked":["JA","CasketOfStar"],"picked":"ManaRampage","floor":16},{"not_picked":["DC","SuperPerseids"],"picked":"BlazeAway","floor":18},{"not_picked":["Acceleration","ChargeUpSpray"],"picked":"ShootingEcho+1","floor":20},{"not_picked":["DoubleSpark","DC","UnstableBomb"],"picked":"SKIP","floor":22},{"not_picked":["MeteoricShower","OortCloud"],"picked":"Robbery+1","floor":25},{"not_picked":["MaximisePower","OortCloud"],"picked":"StarDustReverie","floor":28},{"not_picked":["6A","DragonMeteor+1"],"picked":"PowerUp","floor":29},{"not_picked":["PowerUp","GrandCross"],"picked":"MilkyWay+1","floor":31},{"not_picked":["AbsoluteMagnitude","SatelliteIllusion+1"],"picked":"BinaryStars","floor":33},{"not_picked":["RefractionSpark+1","ShootingEcho+1"],"picked":"DarkMatter+1","floor":35},{"not_picked":["UnstableBomb+1","LuminesStrike+1"],"picked":"GravityBeat","floor":38},{"not_picked":["StarlightTyphoon+1","6A"],"picked":"MagicChant+1","floor":44},{"not_picked":["LuminesStrike","GrandCross"],"picked":"ShootTheMoon+1","floor":47},{"not_picked":["OortCloud+1","GrandCross"],"picked":"PowerUp+1","floor":48},{"not_picked":["GravityBeat","WitchOfGreed+1"],"picked":"StarDustReverie","floor":54}],"player_experience":677930,"relics_obtained":[{"floor":7,"key":"Calipers"},{"floor":8,"key":"Singing Bowl"},{"floor":9,"key":"Matryoshka"},{"floor":14,"key":"Whetstone"},{"floor":17,"key":"Bronze Scales"},{"floor":17,"key":"Mercury Hourglass"},{"floor":17,"key":"FossilizedHelix"},{"floor":26,"key":"Blood Vial"},{"floor":26,"key":"Smiling Mask"},{"floor":28,"key":"Letter Opener"},{"floor":31,"key":"Toy Ornithopter"},{"floor":43,"key":"Lantern"},{"floor":44,"key":"Boot"},{"floor":48,"key":"PreservedInsect"},{"floor":54,"key":"Pantograph"}],"event_choices":[],"is_beta":false,"boss_relics":[{"not_picked":["Fusion Hammer","Velvet Choker"],"picked":"Calling Bell"},{"not_picked":["SacredBark","Snecko Eye"],"picked":"BewitchedHakkero"}],"items_purged_floors":[4],"is_endless":false,"potions_floor_spawned":[1,7,22,25,29,33,35,44,47,54],"killed_by":"The Heart","ascension_level":1}}