{"host":"bf9sa99gaumonoeu","time":1609206298,"event":{"mods":["AchievementEnabler","BaseMod","Colored Map","Downfall","Friendly Minions","Marisa????????","Minty Spire (QoL Compilation)","Replay The Spire","StSLib","The Cursed","The Disciple","The Servant 0.9.4","everything is the same but u backflip on backflip","slay the spire mod where everything is the same but ironclad has a cowboy hat"],"gold_per_floor":[116,127,127,127,142,142,160,171,196,232,257,280,280,280,280,386,386,413,413,441,121,121,154,154,177,229,240,567,567,592,610,610,712,712,732,412,432,491,512,512,512,535,561,561,600,600,138,160,160,160],"floor_reached":51,"playtime":5900,"items_purged":["Strike_P","Strike_P","Strike_P"],"score":927,"play_id":"962fa48c-fc38-48db-9b8c-46f9affc5184","local_time":"20201228234458","is_ascension_mode":true,"campfire_choices":[{"data":"Eruption","floor":6,"key":"SMITH"},{"data":"BattleHymn","floor":13,"key":"SMITH"},{"floor":15,"key":"REST"},{"data":"MasterReality","floor":24,"key":"SMITH"},{"data":"Crescendo","floor":29,"key":"SMITH"},{"data":"Vengeance","floor":32,"key":"SMITH"},{"data":"BattleHymn","floor":40,"key":"SMITH"},{"data":"Prostrate","floor":44,"key":"SMITH"},{"floor":46,"key":"REST"},{"data":"Devotion","floor":49,"key":"SMITH"}],"circlet_count":0,"master_deck":["Defend_P","Defend_P","Defend_P+1","Eruption+1","Vigilance","LikeWater","InnerPeace+1","CutThroughFate+1","Crescendo+1","BattleHymn+1","Replay:AtTheReady","ClearTheMind","MasterReality+1","Evaluate+1","BattleHymn+1","ClearTheMind+1","DeceiveReality+1","Vengeance+1","Prostrate+1","LikeWater","ForeignInfluence+1","Pray+1","Replay:DivineShield+1","Establishment","Devotion+1","Parasite"],"relics":["PureWater","CeramicFish","Oddly Smooth Stone","ReplayTheSpireMod:DimensionalGlitch","Pantograph","Centennial Puzzle","Orichalcum","Old Coin","Painkiller Herb","Strange Spoon","CatCart","Smiling Mask","Whetstone","Frozen Eye"],"acts_visited":["Exordium","TheCity","TheBeyond"],"potions_floor_usage":[7,10,10,23,28,39,48,50,50,50],"damage_taken":[{"damage":0,"enemies":"Small Slimes","floor":1,"turns":2},{"damage":1,"enemies":"Jaw Worm","floor":2,"turns":6},{"damage":1,"enemies":"2 Louse","floor":5,"turns":3},{"damage":10,"enemies":"Exordium Wildlife","floor":7,"turns":5},{"damage":16,"enemies":"Exordium Thugs","floor":8,"turns":5},{"damage":9,"enemies":"Lagavulin","floor":10,"turns":6},{"damage":11,"enemies":"Gremlin Gang","floor":11,"turns":6},{"damage":1,"enemies":"Large Slime","floor":12,"turns":4},{"damage":41,"enemies":"Fading Forest","floor":16,"turns":11},{"damage":10,"enemies":"2 Thieves","floor":18,"turns":4},{"damage":7,"enemies":"Chosen","floor":20,"turns":5},{"damage":13,"enemies":"Slavers","floor":23,"turns":6},{"damage":6,"enemies":"Centurion and Healer","floor":25,"turns":4},{"damage":11,"enemies":"Snecko","floor":27,"turns":4},{"damage":0,"enemies":"Book of Stabbing","floor":28,"turns":4},{"damage":0,"enemies":"3 Cultists","floor":30,"turns":5},{"damage":22,"enemies":"Collector","floor":33,"turns":8},{"damage":6,"enemies":"Orb Walker","floor":35,"turns":4},{"damage":0,"enemies":"3 Darklings","floor":37,"turns":5},{"damage":0,"enemies":"Orin","floor":38,"turns":9},{"damage":16,"enemies":"Jaw Worm Horde","floor":39,"turns":4},{"damage":11,"enemies":"4 Shapes","floor":42,"turns":5},{"damage":7,"enemies":"Giant Head","floor":45,"turns":6},{"damage":5,"enemies":"Writhing Mass","floor":48,"turns":4},{"damage":44,"enemies":"Awakened One","floor":50,"turns":8}],"seed_played":"-2609744882805198073","potions_obtained":[{"floor":1,"key":"Languid Potion"},{"floor":5,"key":"ColorlessPotion"},{"floor":8,"key":"Dexterity Potion"},{"floor":12,"key":"LifebloodPotion"},{"floor":16,"key":"BottledMiracle"},{"floor":18,"key":"Reflective Coating"},{"floor":27,"key":"Flashbang"},{"floor":33,"key":"ColorlessPotion"},{"floor":48,"key":"Milkshake"}],"is_trial":false,"path_per_floor":["M","M","?","?","M","R","M","M","T","E","M","M","R","?","R","B",null,"M","?","M","$","?","E","R","M","T","M","E","R","M","?","R","B",null,"?","T","?","?","?","T","?","?","T","T","E","T","T","?","T","B",null],"character_chosen":"WATCHER","items_purchased":["Pantograph","Strange Spoon","LikeWater","Devotion","Whetstone","AttackPotion","Frozen Eye"],"campfire_rested":2,"item_purchase_floors":[21,36,36,47,47,47,47],"current_hp_per_floor":[79,78,83,83,82,82,72,56,56,47,36,35,35,17,44,3,69,59,59,52,52,91,78,78,72,72,61,61,61,61,61,61,52,81,75,75,75,75,59,59,59,48,48,48,41,66,66,61,61,30],"gold":160,"neow_bonus":"TWENTY_PERCENT_HP_BONUS","is_daily":false,"chose_seed":false,"campfire_upgraded":8,"win_rate":0.0,"timestamp":1609206298,"path_taken":["M","M","?","?","M","R","M","M","T","E","M","M","R","?","R","BOSS","M","?","M","$","?","E","R","M","T","M","E","R","?","?","R","BOSS","?","T","?","?","?","T","?","?","T","T","E","T","?","?","T","BOSS"],"items_purchased_type":["Relic","Relic","Card","Card","Relic","Potion","Relic"],"build_version":"2020-12-22","purchased_purges":3,"victory":true,"max_hp_per_floor":[86,86,91,91,91,91,91,91,91,91,91,91,91,91,91,91,91,91,91,91,91,91,91,91,91,91,91,91,91,91,91,91,91,91,91,91,91,91,91,91,86,86,86,86,86,86,86,86,86,86],"card_choices":[{"not_picked":["JustLucky","Halt"],"picked":"LikeWater","floor":1},{"not_picked":["Replay:BluntJabs","EmptyBody"],"picked":"Wallop","floor":2},{"not_picked":["Protect","ReachHeaven"],"picked":"InnerPeace","floor":5},{"not_picked":["Evaluate","FollowUp"],"picked":"CutThroughFate","floor":7},{"not_picked":["ClearTheMind","Replay:Hum"],"picked":"Crescendo","floor":8},{"not_picked":["EmptyFist","ClearTheMind"],"picked":"BattleHymn","floor":10},{"not_picked":["FlyingSleeves","Halt"],"picked":"Replay:AtTheReady","floor":11},{"not_picked":["Ragnarok","SashWhip"],"picked":"ClearTheMind","floor":12},{"not_picked":["Brilliance","Wish"],"picked":"MasterReality","floor":16},{"not_picked":["Prostrate","Adaptation"],"picked":"Evaluate+1","floor":18},{"not_picked":["EmptyFist","ReachHeaven"],"picked":"BattleHymn","floor":20},{"not_picked":["Consecrate+1","JustLucky","SashWhip"],"picked":"SKIP","floor":23},{"not_picked":["Replay:AtTheReady","CutThroughFate"],"picked":"ClearTheMind+1","floor":25},{"not_picked":["SandsOfTime","SignatureMove","Omniscience"],"picked":"SKIP","floor":27},{"not_picked":["EmptyMind","BowlingBash","Crescendo"],"picked":"SKIP","floor":28},{"not_picked":["Weave","Prostrate"],"picked":"DeceiveReality+1","floor":30},{"not_picked":["SignatureMove","WaveOfTheHand","PathToVictory+1"],"picked":"SKIP","floor":35},{"not_picked":["ReachHeaven","Replay:BluntJabs","SashWhip"],"picked":"SKIP","floor":37},{"not_picked":["ReachHeaven","Replay:BluntJabs","SashWhip"],"picked":"SKIP","floor":37},{"not_picked":["SandsOfTime+1","Protect+1"],"picked":"ForeignInfluence+1","floor":38},{"not_picked":["Protect+1","WreathOfFlame"],"picked":"Pray+1","floor":39},{"not_picked":["Prostrate","ClearTheMind+1"],"picked":"Replay:DivineShield+1","floor":42},{"not_picked":["Replay:DivineShield+1","ReachHeaven+1"],"picked":"Establishment","floor":45},{"not_picked":["Replay:Battleflow+1","SashWhip","ClearTheMind"],"picked":"SKIP","floor":48}],"player_experience":532638,"relics_obtained":[{"floor":9,"key":"CeramicFish"},{"floor":10,"key":"Oddly Smooth Stone"},{"floor":23,"key":"Centennial Puzzle"},{"floor":26,"key":"Orichalcum"},{"floor":28,"key":"Old Coin"},{"floor":38,"key":"CatCart"},{"floor":45,"key":"Smiling Mask"}],"event_choices":[{"damage_healed":0,"gold_gain":0,"player_choice":"Donut","damage_taken":0,"max_hp_gain":5,"max_hp_loss":0,"event_name":"Big Fish","floor":3,"gold_loss":0},{"cards_removed":["Sickly"],"damage_healed":0,"gold_gain":0,"player_choice":"Forget","damage_taken":0,"max_hp_gain":0,"max_hp_loss":0,"event_name":"Living Wall","floor":4,"gold_loss":0},{"damage_healed":0,"gold_gain":0,"player_choice":"Entered Light","damage_taken":18,"max_hp_gain":0,"max_hp_loss":0,"event_name":"Shining Light","floor":14,"gold_loss":0,"cards_upgraded":["Defend_P","InnerPeace"]},{"damage_healed":0,"gold_gain":0,"player_choice":"Bought 0 Potions","damage_taken":0,"max_hp_gain":0,"max_hp_loss":0,"event_name":"The Woman in Blue","floor":19,"gold_loss":0},{"cards_removed":["Wallop"],"damage_healed":39,"gold_gain":0,"player_choice":"Offered Uncommon","damage_taken":0,"max_hp_gain":0,"max_hp_loss":0,"event_name":"Bonfire Elementals","floor":22,"gold_loss":0},{"damage_healed":0,"gold_gain":0,"cards_transformed":["Defend_P","Strike_P"],"player_choice":"Became Test Subject","damage_taken":0,"max_hp_gain":0,"max_hp_loss":0,"event_name":"Drug Dealer","floor":31,"gold_loss":0,"cards_obtained":["Vengeance","Prostrate"]},{"damage_healed":0,"gold_gain":0,"player_choice":"Fight","damage_taken":0,"max_hp_gain":0,"max_hp_loss":0,"event_name":"OrinTheCat","floor":38,"gold_loss":0},{"damage_healed":0,"gold_gain":0,"player_choice":"Max HP","damage_taken":0,"max_hp_gain":0,"max_hp_loss":5,"event_name":"Winding Halls","floor":41,"gold_loss":0}],"is_beta":false,"boss_relics":[{"not_picked":["Tiny House","Sozu"],"picked":"ReplayTheSpireMod:DimensionalGlitch"},{"not_picked":["Replay:Drink Me","Black Star"],"picked":"Painkiller Herb"}],"items_purged_floors":[21,36,47],"is_endless":false,"potions_floor_spawned":[1,5,8,12,16,18,20,27,33,35,37,48],"ascension_level":6}}