{"host":"65a95dzim48ko8ke","time":1609208631,"event":{"mods":["Act Like it!","BaseMod","Minty Spire (QoL Compilation)","Quick Restart","Rare Cards Sparkle","Spicy Shops","StSLib","The Disciple","The Jungle"],"gold_per_floor":[110,35,35,35,10,10,40,40,90,119,119,150,150,170,170,273,273,290,20,20,20,45,76,88,88,88,103,120,30,30,30,30],"floor_reached":31,"playtime":2369,"items_purged":["Strike_Br","Strike_Br"],"score":344,"play_id":"caf87de0-4afb-4d17-a099-1177a9db9639","local_time":"20201229112351","is_ascension_mode":false,"campfire_choices":[{"data":"ExoVibe","floor":6,"key":"SMITH"},{"data":"BiteCommand","floor":8,"key":"SMITH"},{"data":"VestedLegacy","floor":15,"key":"SMITH"},{"floor":25,"key":"REST"}],"circlet_count":0,"master_deck":["Ritenuto+1","Strike_Br+1","Strike_Br+1","Defend_Br+1","Defend_Br+1","Defend_Br+1","SecondHand+1","PatternShift+1","LockedAnchor","ExoVibe+16","BiteCommand+1","LockedBell","LockedWhetstone","PrimeTime","VestedLegacy+1","LockedUrn","LockedFlame","BiteCommand+1","Pain","BiteCommand+1","BeatsPerMinute","Analog+1","PrimeTime"],"relics":["Chronometer","NeowsBlessing","Blood Vial","PreservedInsect","Akabeko","IceCream?","BlueBox","HangingClock","Membership Card","War Paint","WarpedTongs","Turnip","Girya","theJungle:ParSnip"],"acts_visited":["Exordium","Exordium"],"potions_floor_usage":[16,27,27],"damage_taken":[{"damage":0,"enemies":"Jaw Worm","floor":1,"turns":1},{"damage":0,"enemies":"3 Sentries","floor":7,"turns":2},{"damage":0,"enemies":"Gremlin Nob","floor":10,"turns":1},{"damage":0,"enemies":"3 Sentries","floor":12,"turns":8},{"damage":0,"enemies":"Small Slimes","floor":14,"turns":2},{"damage":50,"enemies":"The Guardian","floor":16,"turns":13},{"damage":14,"enemies":"theJungle:MUSHROOMGANG","floor":18,"turns":6},{"damage":19,"enemies":"Shell Parasite","floor":22,"turns":8},{"damage":22,"enemies":"theJungle:2_Phrogs","floor":23,"turns":10},{"damage":21,"enemies":"theJungle:2_Snecko_Cultists","floor":24,"turns":7},{"damage":8,"enemies":"Snake Plant","floor":27,"turns":3},{"damage":8,"enemies":"theJungle:JungleHuntersEncounter","floor":28,"turns":8},{"damage":18,"enemies":"theJungle:Snecko_Cultist_And_Trap","floor":31,"turns":5}],"seed_played":"-3699453900452742892","potions_obtained":[{"floor":14,"key":"FearPotion"},{"floor":16,"key":"SteroidPotion"},{"floor":23,"key":"Explosive Potion"},{"floor":24,"key":"WardPotion"},{"floor":27,"key":"Strength Potion"}],"is_trial":false,"path_per_floor":["M","$","?","?","$","R","E","R","T","E","?","E","?","M","R","B",null,"M","$","?","$","M","E","M","R","T","M","M","?","?","M"],"character_chosen":"CHRONO_CLASS","items_purchased":["ExoVibe","Membership Card","War Paint"],"campfire_rested":1,"item_purchase_floors":[5,19,19],"current_hp_per_floor":[65,65,52,52,52,52,52,52,52,54,54,56,49,51,51,3,65,53,53,53,53,38,24,9,28,28,22,20,20,7,0,0],"gold":30,"neow_bonus":"THREE_ENEMY_KILL","is_daily":false,"chose_seed":false,"campfire_upgraded":3,"win_rate":0.0,"timestamp":1609208631,"path_taken":["M","$","?","?","$","R","E","R","T","E","?","E","?","M","R","BOSS","M","$","?","?","M","E","M","R","T","M","M","?","?","M"],"items_purchased_type":["Card","Relic","Relic"],"build_version":"2020-12-22","purchased_purges":2,"victory":false,"max_hp_per_floor":[65,65,65,65,65,65,65,65,65,65,65,65,65,65,65,65,65,65,65,65,65,65,65,65,65,65,65,65,65,65,65,65],"card_choices":[{"not_picked":["BiteCommand","Tempo"],"picked":"LockedAnchor","floor":1},{"not_picked":["LockedMedicine","VestedLegacy"],"picked":"BiteCommand","floor":7},{"not_picked":["PrimeTime","LockedWhetstone"],"picked":"LockedBell","floor":10},{"not_picked":["AlternateTimeline","LockedAnchor"],"picked":"VestedLegacy","floor":12},{"not_picked":["CrunchTime","AlternateTimeline"],"picked":"LockedUrn","floor":14},{"not_picked":["RageCommand","Chronoelasticity"],"picked":"LockedFlame","floor":16},{"not_picked":["Goo","ReapSow"],"picked":"BiteCommand+1","floor":18},{"not_picked":["Echoward+1","ExoVibe","WindUp"],"picked":"SKIP","floor":22},{"not_picked":["WatchCommand","VestedLegacy"],"picked":"BiteCommand+1","floor":23},{"not_picked":["Goo","LockedAnchor"],"picked":"BeatsPerMinute","floor":24},{"not_picked":["LockedMawBank","Parity+1"],"picked":"Analog+1","floor":27},{"not_picked":["Recurrance+1","FormalWear"],"picked":"PrimeTime","floor":28}],"player_experience":287728,"relics_obtained":[{"floor":7,"key":"Blood Vial"},{"floor":9,"key":"PreservedInsect"},{"floor":10,"key":"Akabeko"},{"floor":12,"key":"BlueBox"},{"floor":23,"key":"Turnip"},{"floor":26,"key":"Girya"}],"event_choices":[{"damage_healed":0,"gold_gain":0,"player_choice":"Entered Light","damage_taken":13,"max_hp_gain":0,"max_hp_loss":0,"event_name":"Shining Light","floor":3,"gold_loss":0,"cards_upgraded":["Defend_Br","Defend_Br"]},{"damage_healed":0,"gold_gain":0,"player_choice":"Grow","damage_taken":0,"max_hp_gain":0,"max_hp_loss":0,"event_name":"Living Wall","floor":4,"gold_loss":0,"cards_upgraded":["SecondHand"]},{"cards_removed":["Defend_Br"],"damage_healed":0,"gold_gain":0,"player_choice":"Card Removal","damage_taken":7,"max_hp_gain":0,"max_hp_loss":0,"event_name":"Golden Wing","floor":13,"gold_loss":0},{"damage_healed":0,"gold_gain":0,"player_choice":"Rummage","damage_taken":0,"relics_obtained":["WarpedTongs"],"max_hp_gain":0,"max_hp_loss":0,"event_name":"Accursed Blacksmith","floor":20,"gold_loss":0,"cards_obtained":["Pain"]}],"is_beta":false,"boss_relics":[{"not_picked":["Snecko Eye","Ectoplasm"],"picked":"HangingClock"}],"items_purged_floors":[2,19],"is_endless":false,"potions_floor_spawned":[14,16,23,24,27],"killed_by":"theJungle:Snecko_Cultist_And_Trap","ascension_level":0}}