{"host":"2se5dq1do2gp0x9k","time":1609203821,"event":{"mods":["BaseMod","Block Reminder","Colored Map","Colored Powertips","Minty Spire (QoL Compilation)","Relic Stats","StSLib","SuperFastMode","Synergy Search"],"gold_per_floor":[115,126,141,141,152,152,181,181,181,193,193,193],"floor_reached":11,"playtime":451,"items_purged":[],"score":150,"play_id":"3adac752-5644-4a82-b270-8a0fe378c601","local_time":"20201228170341","is_ascension_mode":true,"campfire_choices":[{"floor":6,"key":"REST"},{"floor":8,"key":"DIG"}],"circlet_count":0,"master_deck":["AscendersBane","Strike_R","Strike_R","Strike_R","Strike_R","Strike_R","Defend_R","Defend_R","Defend_R","Defend_R","CurseOfTheBell","Pommel Strike","Uppercut","Shockwave","True Grit","Shrug It Off","Inflame"],"relics":["Calling Bell","Regal Pillow","Question Card","Shovel","Paper Frog","Molten Egg 2","White Beast Statue"],"acts_visited":["Exordium"],"potions_floor_usage":[7,7,11],"damage_taken":[{"damage":17,"enemies":"Cultist","floor":1,"turns":5},{"damage":14,"enemies":"Jaw Worm","floor":2,"turns":4},{"damage":9,"enemies":"2 Louse","floor":3,"turns":4},{"damage":9,"enemies":"2 Fungi Beasts","floor":5,"turns":4},{"damage":35,"enemies":"Lagavulin","floor":7,"turns":9},{"damage":9,"enemies":"Blue Slaver","floor":10,"turns":6},{"damage":5,"enemies":"3 Sentries","floor":11,"turns":2}],"seed_played":"6169387999942031262","potions_obtained":[{"floor":2,"key":"EntropicBrew"},{"floor":3,"key":"Strength Potion"}],"is_trial":false,"path_per_floor":["M","M","M","?","M","R","E","R","T","M","E"],"character_chosen":"IRONCLAD","items_purchased":[],"campfire_rested":1,"item_purchase_floors":[],"current_hp_per_floor":[51,37,28,21,12,49,14,14,14,5,0,0],"gold":193,"neow_bonus":"BOSS_RELIC","is_daily":false,"chose_seed":false,"campfire_upgraded":0,"win_rate":0.0,"timestamp":1609203821,"path_taken":["M","M","?","?","M","R","E","R","T","M","E"],"items_purchased_type":[],"build_version":"2020-12-22","purchased_purges":0,"victory":false,"max_hp_per_floor":[75,75,75,75,75,75,75,75,75,75,75,75],"relic_stats":{"Regal Pillow":15,"Shovel":1,"counters":[7,34],"Question Card":6,"obtain_stats":[{"Calling Bell":0,"Regal Pillow":0,"Shovel":0,"Molten Egg 2":8,"Question Card":0,"Burning Blood":0,"White Beast Statue":9,"Paper Frog":7},{"Calling Bell":0,"Regal Pillow":0,"Shovel":0,"Molten Egg 2":5,"Question Card":0,"Burning Blood":0,"White Beast Statue":5,"Paper Frog":5},{"Calling Bell":0,"Regal Pillow":0,"Shovel":0,"Molten Egg 2":26,"Question Card":0,"Burning Blood":0,"White Beast Statue":26,"Paper Frog":26}]},"card_choices":[{"not_picked":["Body Slam","Heavy Blade","Warcry"],"picked":"Pommel Strike","floor":1},{"not_picked":["Fire Breathing","Rupture","Rampage"],"picked":"Uppercut","floor":2},{"not_picked":["Fire Breathing","Bloodletting","Reckless Charge"],"picked":"Shockwave","floor":3},{"not_picked":["Rupture","Hemokinesis","Bloodletting"],"picked":"True Grit","floor":5},{"not_picked":["Wild Strike","Shockwave","Demon Form"],"picked":"Shrug It Off","floor":7},{"not_picked":["Anger+1","Cleave+1","Blood for Blood+1"],"picked":"Inflame","floor":10}],"player_experience":3640036,"relics_obtained":[{"floor":0,"key":"Regal Pillow"},{"floor":0,"key":"Question Card"},{"floor":0,"key":"Shovel"},{"floor":7,"key":"Paper Frog"},{"floor":8,"key":"Molten Egg 2"},{"floor":9,"key":"White Beast Statue"}],"event_choices":[{"cards_removed":["Bash"],"damage_healed":0,"gold_gain":0,"player_choice":"Card Removal","damage_taken":7,"max_hp_gain":0,"max_hp_loss":0,"event_name":"Golden Wing","floor":4,"gold_loss":0}],"is_beta":false,"boss_relics":[],"items_purged_floors":[],"is_endless":false,"potions_floor_spawned":[2,3,10],"killed_by":"3 Sentries","ascension_level":20}}