{"host":"t085jr2xbf1ve2hu","time":1609273838,"event":{"mods":["2.2 Compatiblity","AchievementEnabler","Act Like it!","AlwaysNeverKeys","Ascension Reborn","Aspiration","BaseMod","Beaked The Cultist","Better Altar","Better Match","Better Note","Better Sensory Stone","Better Skull","Better Third Choice","BetterRewards","Block Reminder","CCEM","Card Forge","Colored Map","Colored Powertips","Conjunction","Conspire","Curses Come First","Custom Start","Dota2Spire","Downfall","Duelist Mod","Elementarium","Energized Spire","GifTheSpireLib","GungeonMod","Halation","Highlight Path","Hubris","Infinite Spire","Marked Mod","Minty Spire (QoL Compilation)","Pale of the Ancients","Permanent Neow","Relic Stats","Remove Card Discount Mod","Replay The Spire","SCP261 Mod","Shop Mod","Spikes Relics","StSLib","Stuff the Spire","The Accelerator","The Necromancer","Transform Curses","Uncapped","Unknown Chances","UnlockEverythingMod","vexMod"],"gold_per_floor":[121,143,162,372,372,403,403,445,445,445,445,484,501,519,519,635,635,648,671,181,198,198,233,257,286,315,351,351,351,378,427,427,570,570,595,644,644,644,644,644,644,723,757,643,283,312,312,319,353,392,392,454,454,488,488,113,113,130],"floor_reached":61,"playtime":5805,"items_purged":["Elementarium:StickyTar"],"score":1794,"play_id":"f0497722-319b-410d-9bd0-53a944990a89","local_time":"20201229213038","is_ascension_mode":true,"campfire_choices":[{"floor":7,"key":"RECALL"},{"data":"Glacier","floor":10,"key":"SMITH"},{"data":"DevaForm","floor":15,"key":"SMITH"},{"floor":29,"key":"REST"},{"floor":32,"key":"REST"},{"floor":40,"key":"REST"},{"floor":49,"key":"REST"},{"data":"White Noise","floor":55,"key":"SMITH"},{"floor":57,"key":"REST"}],"circlet_count":0,"master_deck":["Barricade+1","Blizzard+1","Loop+1","Loop+1","Glacier+1","Coolheaded+1","PlatinumSkin+1","halation:LetterOfAdmiration+1","Creative AI+1","DevaForm+1","hubris:DoWhile+1","Amplify+1","FIFO Queue+1","Glacier+1","infinitespire:UltimateForm+1","Double Energy+1","Defragment+1","White Noise+1","Reforge+1"],"relics":["Hammer of Thor","Seething Fire","Anvil of the Gods","halation:SimulatedSpire","WizardHat","Dota2Spire:LinkenSphere","Ginger","aspiration:EnhancedActuators","conspire:TopHat","Anchor","aspiration:ChemicalBlood","Du-Vu Doll","aspiration:Stellarator","MerchantsRug","Dota2Spire:MonkeyKingBar","halation:TwoAmDonut","Prayer Wheel","halation:IllGainedPizza","StuffTheSpire:Mouthbags","Dota2Spire:ArcaneBoots","Elementarium:GolemsHeart","StuffTheSpire:PointBlank","hubris:MobiusCoin","Elementarium:ElementariumTrophy","hubris:Teleporter","energizedSpire:OgreHead","hubris:Icosahedron","HyperAlloy","Bag of Preparation","Snack Pack","vexMod:Spyglass","halation:LostSnail","RollingBoulder","CCEMRelics:DissonantTune","halation:BottledLove","Replay:Mystery Machine","paleoftheancients:Timepiece","paleoftheancients:KeyRelic","Oddly Smooth Stone","Blue Doll","ReplayTheSpireMod:TigerMarble","StuffTheSpire:Gunfinga","paleoftheancients:SoulOfTheDefect","aspiration:Lifesprig","CCEMRelics:Pendulum","Medical Kit"],"acts_visited":["Exordium","Elementarium:Elementarium","TheBeyond","paleoftheancients:PaleOfTheAncients"],"potions_floor_usage":[8,8,13,13,16,16,21,23,23,23,24,25,25,33,33,33,50,50,50,51,56,56,56,60],"damage_taken":[{"damage":0,"enemies":"2 Louse","floor":1,"turns":2},{"damage":0,"enemies":"Small Slimes","floor":2,"turns":2},{"damage":0,"enemies":"Jaw Worm","floor":3,"turns":2},{"damage":0,"enemies":"Replay:BlueRogue","floor":6,"turns":3},{"damage":0,"enemies":"3 Sentries","floor":8,"turns":5},{"damage":0,"enemies":"conspire:MimicChest","floor":12,"turns":9},{"damage":0,"enemies":"Gremlin Gang","floor":13,"turns":2},{"damage":0,"enemies":"2 Fungi Beasts","floor":14,"turns":5},{"damage":0,"enemies":"Hexaghost","floor":16,"turns":10},{"damage":6,"enemies":"Elementarium:MUD_AND_TAR_GOLEMS","floor":18,"turns":7},{"damage":0,"enemies":"Elementarium:Cyclone","floor":19,"turns":6},{"damage":0,"enemies":"Elementarium:STONE_GOLEMS","floor":21,"turns":6},{"damage":0,"enemies":"Elementarium:ElementalPortal","floor":23,"turns":10},{"damage":5,"enemies":"Elementarium:Hydrostalker","floor":24,"turns":5},{"damage":5,"enemies":"Elementarium:VOID_CORRUPTION_AND_ORB_OF_FIRE","floor":25,"turns":6},{"damage":0,"enemies":"Elementarium:WarGolem","floor":27,"turns":7},{"damage":0,"enemies":"Elementarium:RubyGolem","floor":30,"turns":3},{"damage":0,"enemies":"Elementarium:ElementalPortal","floor":31,"turns":7},{"damage":0,"enemies":"Elementarium:GoldenDragon","floor":33,"turns":11},{"damage":0,"enemies":"3 Shapes","floor":35,"turns":5},{"damage":8,"enemies":"Orb Walker","floor":37,"turns":8},{"damage":14,"enemies":"Writhing Mass","floor":44,"turns":5},{"damage":0,"enemies":"R_Hoarder","floor":45,"turns":6},{"damage":0,"enemies":"hubris:GrandSnecko","floor":50,"turns":8},{"damage":16,"enemies":"hubris:GrandSnecko","floor":51,"turns":9},{"damage":0,"enemies":"hubris:GrandSnecko","floor":52,"turns":9},{"damage":0,"enemies":"hubris:GrandSnecko","floor":56,"turns":8},{"damage":0,"enemies":"paleoftheancients:N","floor":60,"turns":8}],"seed_played":"-5568512348837013062","potions_obtained":[{"floor":1,"key":"SCP261:ThunderBarPotion"},{"floor":1,"key":"SkillPotion"},{"floor":2,"key":"DistilledChaos"},{"floor":3,"key":"Dota2Spire:Clarity"},{"floor":8,"key":"Explosive Potion"},{"floor":12,"key":"SCP261:ThunderBarPotion"},{"floor":13,"key":"SCP261:BarrettColaPotion"},{"floor":13,"key":"Fire Potion"},{"floor":14,"key":"Dota2Spire:HealingSalve"},{"floor":14,"key":"Adrenaline Potion"},{"floor":16,"key":"SteroidPotion"},{"floor":18,"key":"SkillPotion"},{"floor":21,"key":"SCP261:SweetSwarmPotion"},{"floor":23,"key":"LiquidMemories"},{"floor":23,"key":"FearPotion"},{"floor":24,"key":"Ancient Potion"},{"floor":24,"key":"Energy Potion"},{"floor":25,"key":"SkillPotion"},{"floor":27,"key":"SCP261:BlastolaColaPotion"},{"floor":30,"key":"champ:CounterPotion"},{"floor":31,"key":"SCP261:BlastolaColaPotion"},{"floor":33,"key":"SCP261:DewritoBlazePotion"},{"floor":35,"key":"Guardian:BlockOnCardUsePotion"},{"floor":37,"key":"SkillPotion"},{"floor":51,"key":"DemoMod:LeadSkinPotion"},{"floor":52,"key":"SpeedPotion"},{"floor":52,"key":"Elixir"},{"floor":56,"key":"sneckomod:MuddlingPotion"}],"is_trial":false,"path_per_floor":["M","M","M","?","?","E","R","E","T","R","?","?","M","M","R","B",null,"M","M","$","M","?","E","M","M","T","E","?","R","M","E","R","B",null,"M","M","?","R","?","?","T","M","E","$","$","T","R","B","M","M","?","T","R","M","R","$","?","B",null],"character_chosen":"DEFECT","items_purchased":["MerchantsRug","Dota2Spire:MonkeyKingBar","halation:TwoAmDonut","vexMod:Spyglass","halation:LostSnail","RollingBoulder","CCEMRelics:DissonantTune","CCEMRelics:Pendulum","Medical Kit","Reforge"],"campfire_rested":5,"item_purchase_floors":[20,20,20,46,47,47,47,58,58,58],"current_hp_per_floor":[79,79,79,79,79,79,79,79,79,79,79,79,79,79,79,83,83,77,77,77,77,77,83,78,73,81,81,81,89,89,89,89,93,93,93,85,62,93,93,93,93,79,79,79,79,79,93,101,101,98,98,98,98,98,98,98,98,102],"gold":130,"neow_bonus":"SIMULATED_SPIRE","is_daily":false,"chose_seed":false,"campfire_upgraded":3,"win_rate":0.0,"timestamp":1609273838,"path_taken":["M","M","M","?","?","E","R","E","T","R","?","?","M","?","R","BOSS","M","?","$","M","?","E","M","M","T","E","?","R","?","E","R","BOSS","M","?","?","R","?","?","T","M","E","?","$","?","R","BOSS","M","M","?","T","R","M","R","$","?","BOSS"],"items_purchased_type":["Relic","Relic","Relic","Relic","Relic","Relic","Relic","Relic","Relic","Card"],"build_version":"2020-12-22","purchased_purges":1,"victory":true,"max_hp_per_floor":[79,79,79,79,79,79,79,79,79,79,79,79,79,79,79,83,83,83,83,83,83,83,83,83,83,89,89,89,89,89,89,89,93,93,93,93,93,93,93,93,93,93,93,93,93,93,93,101,101,98,98,98,98,98,98,98,98,102],"relic_stats":{"counters":[28,174],"Prayer Wheel":10,"Bag of Preparation":[22],"Ginger":[18],"Medical Kit":[0],"obtain_stats":[{"aspiration:Stellarator":17,"Hammer of Thor":0,"DemoMod:GlassGuonStoneRelic":1,"Ginger":6,"aspiration:EnhancedActuators":8,"halation:SimulatedSpire":0,"CCEMRelics:DissonantTune":47,"Prayer Wheel":23,"MerchantsRug":20,"hubris:MobiusCoin":31,"paleoftheancients:KeyRelic":50,"hubris:Teleporter":33,"Oddly Smooth Stone":50,"energizedSpire:OgreHead":34,"Du-Vu Doll":16,"paleoftheancients:Timepiece":50,"Elementarium:ElementariumTrophy":33,"Anvil of the Gods":0,"Elementarium:GolemsHeart":28,"StuffTheSpire:PointBlank":30,"ReplayTheSpireMod:TigerMarble":54,"Dota2Spire:MonkeyKingBar":20,"WizardHat":2,"aspiration:Lifesprig":56,"CCEMRelics:Pendulum":58,"Blue Doll":51,"Bag of Preparation":43,"paleoftheancients:SoulOfTheDefect":56,"Replay:Mystery Machine":48,"vexMod:Spyglass":46,"conspire:TopHat":9,"StuffTheSpire:Gunfinga":54,"hubris:Icosahedron":41,"RollingBoulder":47,"Dota2Spire:ArcaneBoots":27,"Cracked Core":0,"aspiration:ChemicalBlood":14,"halation:BottledLove":48,"halation:IllGainedPizza":23,"vexMod:BerryBomb":26,"Seething Fire":0,"Medical Kit":58,"Anchor":12,"StuffTheSpire:Mouthbags":26,"HyperAlloy":43,"Dota2Spire:LinkenSphere":3,"Snack Pack":45,"halation:TwoAmDonut":20,"halation:LostSnail":47},{"aspiration:Stellarator":9,"Hammer of Thor":0,"DemoMod:GlassGuonStoneRelic":1,"Ginger":4,"aspiration:EnhancedActuators":5,"halation:SimulatedSpire":0,"CCEMRelics:DissonantTune":23,"Prayer Wheel":13,"MerchantsRug":11,"hubris:MobiusCoin":18,"paleoftheancients:KeyRelic":24,"hubris:Teleporter":19,"Oddly Smooth Stone":24,"energizedSpire:OgreHead":19,"Du-Vu Doll":9,"paleoftheancients:Timepiece":24,"Elementarium:ElementariumTrophy":19,"Anvil of the Gods":0,"Elementarium:GolemsHeart":16,"StuffTheSpire:PointBlank":17,"ReplayTheSpireMod:TigerMarble":26,"Dota2Spire:MonkeyKingBar":11,"WizardHat":2,"aspiration:Lifesprig":27,"CCEMRelics:Pendulum":27,"Blue Doll":25,"Bag of Preparation":21,"paleoftheancients:SoulOfTheDefect":27,"Replay:Mystery Machine":23,"vexMod:Spyglass":23,"conspire:TopHat":5,"StuffTheSpire:Gunfinga":26,"hubris:Icosahedron":21,"RollingBoulder":23,"Dota2Spire:ArcaneBoots":16,"Cracked Core":0,"aspiration:ChemicalBlood":8,"halation:BottledLove":23,"halation:IllGainedPizza":13,"vexMod:BerryBomb":15,"Seething Fire":0,"Medical Kit":27,"Anchor":6,"StuffTheSpire:Mouthbags":15,"HyperAlloy":21,"Dota2Spire:LinkenSphere":3,"Snack Pack":23,"halation:TwoAmDonut":11,"halation:LostSnail":23},{"aspiration:Stellarator":40,"Hammer of Thor":0,"DemoMod:GlassGuonStoneRelic":2,"Ginger":9,"aspiration:EnhancedActuators":14,"halation:SimulatedSpire":0,"CCEMRelics:DissonantTune":132,"Prayer Wheel":65,"MerchantsRug":53,"hubris:MobiusCoin":97,"paleoftheancients:KeyRelic":140,"hubris:Teleporter":108,"Oddly Smooth Stone":140,"energizedSpire:OgreHead":108,"Du-Vu Doll":40,"paleoftheancients:Timepiece":140,"Elementarium:ElementariumTrophy":108,"Anvil of the Gods":0,"Elementarium:GolemsHeart":87,"StuffTheSpire:PointBlank":90,"ReplayTheSpireMod:TigerMarble":158,"Dota2Spire:MonkeyKingBar":53,"WizardHat":4,"aspiration:Lifesprig":166,"CCEMRelics:Pendulum":166,"Blue Doll":149,"Bag of Preparation":121,"paleoftheancients:SoulOfTheDefect":166,"Replay:Mystery Machine":132,"vexMod:Spyglass":132,"conspire:TopHat":14,"StuffTheSpire:Gunfinga":158,"hubris:Icosahedron":121,"RollingBoulder":132,"Dota2Spire:ArcaneBoots":87,"Cracked Core":0,"aspiration:ChemicalBlood":30,"halation:BottledLove":132,"halation:IllGainedPizza":69,"vexMod:BerryBomb":80,"Seething Fire":0,"Medical Kit":166,"Anchor":23,"StuffTheSpire:Mouthbags":80,"HyperAlloy":121,"Dota2Spire:LinkenSphere":6,"Snack Pack":132,"halation:TwoAmDonut":53,"halation:LostSnail":132}]},"card_choices":[{"not_picked":["Conserve Battery","Cold Snap","StuffTheSpire:LoadUp+1"],"picked":"SKIP","floor":1},{"not_picked":["Redo+1","StuffTheSpire:LoadUp","Stack"],"picked":"SKIP","floor":2},{"not_picked":["Hologram","ReplayTheSpireMod:GoodbyeWorld","Sweeping Beam"],"picked":"SKIP","floor":2},{"not_picked":["StuffTheSpire:LoadUp","Hologram","Time Bomb"],"picked":"SKIP","floor":3},{"not_picked":["Barrage+1","ReplayTheSpireMod:Calculation Training+1"],"picked":"Blizzard","floor":6},{"not_picked":["StuffTheSpire:EventHorizon","Reinforced Body","Streamline"],"picked":"SKIP","floor":6},{"not_picked":["Reinforced Body","Hologram","Steam+1"],"picked":"SKIP","floor":6},{"not_picked":["StuffTheSpire:EventHorizon","Reinforced Body","Streamline"],"picked":"SKIP","floor":6},{"not_picked":["Reinforced Body","Hologram","Steam+1"],"picked":"SKIP","floor":6},{"not_picked":["Cold Snap","Streamline+1"],"picked":"Coolheaded","floor":8},{"not_picked":["StuffTheSpire:LoadUp","conspire:SharedLibrary","Conserve Battery"],"picked":"SKIP","floor":8},{"not_picked":["Streamline","Rebound","Redo"],"picked":"SKIP","floor":8},{"not_picked":["Leap","ReplayTheSpireMod:GoodbyeWorld"],"picked":"Creative AI","floor":13},{"not_picked":["Gash+1","Steam Power","BasicCrystalCard+1"],"picked":"SKIP","floor":13},{"not_picked":["Stack","ReplayTheSpireMod:Dual Polarity","Self Repair"],"picked":"SKIP","floor":14},{"not_picked":["StuffTheSpire:Coldhearted","ReplayTheSpireMod:GoodbyeWorld","Fusion"],"picked":"SKIP","floor":14},{"not_picked":["StuffTheSpire:Purify","Mirror Shield"],"picked":"hubris:DoWhile","floor":16},{"not_picked":["Gash","ReplayTheSpireMod:Dual Polarity","Ball Lightning+1"],"picked":"SKIP","floor":18},{"not_picked":["Beam Cell","Cold Snap","StuffTheSpire:LoadUp"],"picked":"SKIP","floor":18},{"not_picked":["Compile Driver","Ball Lightning","Rebound"],"picked":"SKIP","floor":19},{"not_picked":["ReplayTheSpireMod:System Scan","Scrape+1","Sweeping Beam+1"],"picked":"SKIP","floor":19},{"not_picked":["Hologram+1","StuffTheSpire:GlassShard+1"],"picked":"ReplayTheSpireMod:Fabricate Wheel","floor":21},{"not_picked":["Tempest+1","Compile Driver","Go for the Eyes"],"picked":"SKIP","floor":21},{"not_picked":["Multi-Cast","Mirror Shield","Streamline"],"picked":"SKIP","floor":23},{"not_picked":["Redo","StuffTheSpire:SnapShoot","ReplaySolidLightProjector"],"picked":"SKIP","floor":23},{"not_picked":["Panic Button","Streamline","Coolheaded"],"picked":"SKIP","floor":23},{"not_picked":["StuffTheSpire:LoadUp","Redo+1","Panic Button"],"picked":"SKIP","floor":24},{"not_picked":["Hello World","DiskWipe","Sweeping Beam+1"],"picked":"SKIP","floor":24},{"not_picked":["Scrape","Rebound","Panic Button"],"picked":"SKIP","floor":24},{"not_picked":["StuffTheSpire:LoadUp","Redo+1","Panic Button"],"picked":"SKIP","floor":24},{"not_picked":["Hello World","DiskWipe","Sweeping Beam+1"],"picked":"SKIP","floor":24},{"not_picked":["Scrape","Rebound","Panic Button"],"picked":"SKIP","floor":24},{"not_picked":["StuffTheSpire:LoadUp","Redo+1","Panic Button"],"picked":"SKIP","floor":24},{"not_picked":["Hello World","DiskWipe","Sweeping Beam+1"],"picked":"SKIP","floor":24},{"not_picked":["Scrape","Rebound","Panic Button"],"picked":"SKIP","floor":24},{"not_picked":["Compile Driver","Coolheaded","StuffTheSpire:Coldhearted"],"picked":"SKIP","floor":25},{"not_picked":["Redo","ReplayTheSpireMod:Reroute Power","Steam"],"picked":"SKIP","floor":25},{"not_picked":["Cold Snap","StuffTheSpire:LoadUp","Leap"],"picked":"SKIP","floor":25},{"not_picked":["Cold Snap","Ball Lightning+1","Self Repair"],"picked":"SKIP","floor":25},{"not_picked":["hubris:PowerSurge","StuffTheSpire:Plugnplay+1","conspire:SharedLibrary"],"picked":"SKIP","floor":27},{"not_picked":["Echo Form","ReplayTheSpireMod:Fabricate Wheel","Leap+1"],"picked":"SKIP","floor":27},{"not_picked":["Scrape","Genetic Algorithm","Cold Snap"],"picked":"SKIP","floor":27},{"not_picked":["Hologram","Sweeping Beam+1","ReplaySort"],"picked":"SKIP","floor":30},{"not_picked":["Beam Cell","StuffTheSpire:ShieldGenerator","Turbo"],"picked":"SKIP","floor":30},{"not_picked":["StuffTheSpire:Plugnplay","Blizzard","Reinforced Body+1"],"picked":"SKIP","floor":30},{"not_picked":["Stack","Compile Driver","Hologram+1"],"picked":"SKIP","floor":30},{"not_picked":["Steam Power","StuffTheSpire:NuclearReactor","Blizzard"],"picked":"SKIP","floor":31},{"not_picked":["Streamline","Go for the Eyes","Rebound"],"picked":"SKIP","floor":31},{"not_picked":["ReplayTheSpireMod:Repulse","Lockon","StuffTheSpire:Synthwave"],"picked":"SKIP","floor":31},{"not_picked":["Compile Driver","Gash+1","Cold Snap+1"],"picked":"SKIP","floor":35},{"not_picked":["BasicCrystalCard","Doom and Gloom+1","Barrage+1"],"picked":"SKIP","floor":35},{"not_picked":["Redo+1","Steam+1","Sweeping Beam+1"],"picked":"SKIP","floor":35},{"not_picked":["ReplayGash+1","StuffTheSpire:GlassShard+1","Streamline"],"picked":"SKIP","floor":35},{"not_picked":["ReplayTheSpireMod:GoodbyeWorld+1","Panic Button+1","Turbo+1"],"picked":"SKIP","floor":37},{"not_picked":["Beam Cell+1","Go for the Eyes+1","Gash+1"],"picked":"SKIP","floor":37},{"not_picked":["Stack+1","Redo","Fusion+1"],"picked":"SKIP","floor":37},{"not_picked":["Gash+1","Hologram+1","StuffTheSpire:ForEach"],"picked":"SKIP","floor":37},{"not_picked":["Replay:Fractal Strike","ReplayTheSpireMod:Black Plague"],"picked":"infinitespire:UltimateForm","floor":38},{"not_picked":["Consume+1","Streamline+1","Tempest+1"],"picked":"SKIP","floor":44},{"not_picked":["Gash+1","Rebound+1","Go for the Eyes+1"],"picked":"SKIP","floor":44},{"not_picked":["ReplayTheSpireMod:Calculation Training+1","Defragment+1","conspire:Rain+1"],"picked":"SKIP","floor":44},{"not_picked":["Auto Shields+1","Panic Button+1","Sweeping Beam+1"],"picked":"SKIP","floor":44},{"not_picked":["hubris:PowerSurge+1","conspire:SharedLibrary+1"],"picked":"Defragment+1","floor":45},{"not_picked":["Cold Snap+1","Leap+1","BootSequence+1"],"picked":"SKIP","floor":45},{"not_picked":["Conserve Battery+1","Barrage+1","Beam Cell+1"],"picked":"SKIP","floor":45},{"not_picked":["Streamline","Melter"],"picked":"White Noise","floor":51},{"not_picked":["Cold Snap+1","Self Repair","Barrage"],"picked":"SKIP","floor":51},{"not_picked":["StuffTheSpire:LoadUp","Ball Lightning+1","StuffTheSpire:Rend+1"],"picked":"SKIP","floor":51},{"not_picked":["StuffTheSpire:LoadUp","FTL+1","Rebound"],"picked":"SKIP","floor":51},{"not_picked":["hubris:Ukulele","hubris:PowerSurge","Hyperbeam"],"picked":"SKIP","floor":52},{"not_picked":["Lockon","Leap+1","Panic Button"],"picked":"SKIP","floor":52},{"not_picked":["BasicCrystalCard","Hello World+1","Panic Button"],"picked":"SKIP","floor":52},{"not_picked":["Redo","Recycle","StuffTheSpire:Synthwave"],"picked":"SKIP","floor":52},{"not_picked":["Panic Button","Seek","Undo+1"],"picked":"SKIP","floor":56},{"not_picked":["ReplayTheSpireMod:System Scan","Go for the Eyes+1","Conserve Battery"],"picked":"SKIP","floor":56},{"not_picked":["Steam","Skim+1","Auto Shields+1"],"picked":"SKIP","floor":56},{"not_picked":["Streamline+1","Static Discharge","Consume"],"picked":"SKIP","floor":56}],"player_experience":78825,"relics_obtained":[{"floor":2,"key":"WizardHat"},{"floor":3,"key":"Dota2Spire:LinkenSphere"},{"floor":6,"key":"Ginger"},{"floor":8,"key":"aspiration:EnhancedActuators"},{"floor":9,"key":"conspire:TopHat"},{"floor":12,"key":"Anchor"},{"floor":14,"key":"aspiration:ChemicalBlood"},{"floor":16,"key":"Du-Vu Doll"},{"floor":23,"key":"halation:IllGainedPizza"},{"floor":26,"key":"vexMod:BerryBomb"},{"floor":26,"key":"StuffTheSpire:Mouthbags"},{"floor":27,"key":"Dota2Spire:ArcaneBoots"},{"floor":30,"key":"StuffTheSpire:PointBlank"},{"floor":31,"key":"hubris:MobiusCoin"},{"floor":33,"key":"hubris:Teleporter"},{"floor":43,"key":"HyperAlloy"},{"floor":43,"key":"Bag of Preparation"},{"floor":45,"key":"Snack Pack"},{"floor":48,"key":"halation:BottledLove"},{"floor":48,"key":"Replay:Mystery Machine"},{"floor":51,"key":"Blue Doll"},{"floor":54,"key":"ReplayTheSpireMod:TigerMarble"},{"floor":54,"key":"StuffTheSpire:Gunfinga"},{"floor":56,"key":"paleoftheancients:SoulOfTheDefect"},{"floor":56,"key":"aspiration:Lifesprig"}],"event_choices":[{"damage_healed":0,"gold_gain":175,"player_choice":"AGREE","damage_taken":162,"max_hp_gain":0,"max_hp_loss":0,"event_name":"betterThird:BetterSerpent","floor":4,"gold_loss":0},{"damage_healed":0,"gold_gain":0,"player_choice":"Ignored","damage_taken":0,"max_hp_gain":0,"max_hp_loss":0,"event_name":"Elementarium:FountainOfGold","floor":22,"gold_loss":0},{"damage_healed":0,"gold_gain":0,"player_choice":"Chest","damage_taken":0,"relics_obtained":["Elementarium:GolemsHeart"],"max_hp_gain":0,"max_hp_loss":0,"event_name":"Elementarium:AbandonedFactory","floor":28,"gold_loss":0,"cards_obtained":["Pain"]},{"damage_healed":0,"gold_gain":0,"player_choice":"Ignored","damage_taken":0,"max_hp_gain":0,"max_hp_loss":0,"event_name":"Transmorgrifier","floor":53,"gold_loss":0}],"is_beta":false,"boss_relics":[{"not_picked":["halation:PlatinumPhoenix","hubris:Backtick"],"picked":"aspiration:Stellarator"},{"not_picked":["StuffTheSpire:ModemDavis","aspiration:PoetsPen_weak"],"picked":"energizedSpire:OgreHead"}],"items_purged_floors":[20],"is_endless":false,"potions_floor_spawned":[1,13,14,23,24,31,45,52],"ascension_level":0}}