{"host":"jxajaf4sdikd2b60","time":1609204560,"event":{"mods":["2.2 Compatiblity","AchievementEnabler","BaseMod","Better Altar","Better Match","Better Note","Better Sensory Stone","Better Skull","Better Third Choice","Better Vampires","BetterRewards","Colored Powertips","Minty Spire (QoL Compilation)","Permanent Neow","Quick Restart","Relic Stats","Slay-I","Spicy Shops","StSLib","Transform Curses"],"gold_per_floor":[113,113,131,151,151,181,194,194,217,247,434,14,14,29,29,125,125,125,125,125,224,236,270,283,283,283],"floor_reached":25,"playtime":1258,"items_purged":["Regret","Strike_G","Pain"],"score":312,"play_id":"d50435e6-36c4-4f2b-b4fd-655a2e6ec043","local_time":"20201228201600","is_ascension_mode":true,"campfire_choices":[{"floor":8.0,"key":"REST"},{"floor":13,"key":"REST"},{"data":"Phantasmal Killer","floor":15,"key":"SMITH"}],"circlet_count":0,"master_deck":["Strike_G","Strike_G","Strike_G","Strike_G","Defend_G","Defend_G","Defend_G","Defend_G","Defend_G","Survivor","Neutralize","Blade Dance","Footwork","Footwork","Cloak And Dagger","Cloak And Dagger","Dodge and Roll","Deflect","Cloak And Dagger","Blade Dance","Terror","Doubt","Phantasmal Killer+1","Trip+1"],"relics":["Ring of the Snake","Bronze Scales","Oddly Smooth Stone","Orrery","Ancient Tea Set","WarpedTongs","Regal Pillow","MawBank","Juzu Bracelet","Vajra","SacredBark","Ginger"],"acts_visited":["Exordium","TheCity"],"potions_floor_usage":[16,16,18,24],"damage_taken":[{"damage":0.0,"enemies":"2 Louse","floor":1.0,"turns":3.0},{"damage":4.0,"enemies":"Cultist","floor":3.0,"turns":4.0},{"damage":3.0,"enemies":"Jaw Worm","floor":4.0,"turns":4.0},{"damage":18.0,"enemies":"Gremlin Nob","floor":6.0,"turns":5.0},{"damage":5.0,"enemies":"3 Louse","floor":7.0,"turns":4.0},{"damage":1,"enemies":"Gremlin Gang","floor":10,"turns":4},{"damage":0,"enemies":"Red Slaver","floor":14,"turns":3},{"damage":6,"enemies":"Hexaghost","floor":16,"turns":8},{"damage":0,"enemies":"Chosen","floor":18,"turns":4},{"damage":0,"enemies":"3 Byrds","floor":22,"turns":3},{"damage":63,"enemies":"Gremlin Leader","floor":23,"turns":6},{"damage":0,"enemies":"Centurion and Healer","floor":24,"turns":4},{"damage":12,"enemies":"3 Cultists","floor":25,"turns":3}],"seed_played":"2022266251015107557","potions_obtained":[{"floor":3.0,"key":"Poison Potion"},{"floor":5.0,"key":"SmokeBomb"},{"floor":5.0,"key":"Block Potion"},{"floor":10,"key":"BlessingOfTheForge"},{"floor":23,"key":"AttackPotion"}],"is_trial":false,"path_per_floor":["M","?","M","M","?","E","M","R","T","M","?","$","R","M","R","B",null,"M","?","?","?","M","E","M","M"],"character_chosen":"THE_SILENT","items_purchased":["Bronze Scales","Blade Dance","Footwork","Oddly Smooth Stone","Orrery","Deflect","Juzu Bracelet","Vajra"],"campfire_rested":2,"item_purchase_floors":[0,0,0,0,0,0,12,12],"current_hp_per_floor":[31,31,27,24,24,6,1,37,37,36,36,36,70,70,70,64,69,69,69,69,69,69,6,6,0,0],"gold":283,"neow_bonus":"","is_daily":false,"chose_seed":false,"campfire_upgraded":1,"win_rate":0.0,"timestamp":1609204560,"path_taken":["M","?","?","M","?","E","M","R","T","?","?","$","R","M","R","BOSS","M","?","?","?","M","E","M","M"],"items_purchased_type":["Relic","Card","Card","Relic","Relic","Card","Relic","Relic"],"build_version":"2020-12-22","purchased_purges":3,"victory":false,"max_hp_per_floor":[70,70,70,70,70,70,70,70,70,70,70,70,70,70,70,70,70,70,70,70,70,70,70,70,70,70],"relic_stats":{"Regal Pillow":28,"counters":[13,55],"Bronze Scales":[228],"Juzu Bracelet":1,"Ginger":[1],"MawBank":36,"obtain_stats":[{"Regal Pillow":6,"Bronze Scales":0,"SacredBark":17,"Oddly Smooth Stone":0,"Orrery":0,"Vajra":12,"Juzu Bracelet":12,"Ginger":23,"Ancient Tea Set":0,"MawBank":9,"Ring of the Snake":0,"WarpedTongs":2},{"Regal Pillow":4,"Bronze Scales":0,"SacredBark":8,"Oddly Smooth Stone":0,"Orrery":0,"Vajra":6,"Juzu Bracelet":6,"Ginger":11,"Ancient Tea Set":0,"MawBank":5,"Ring of the Snake":0,"WarpedTongs":1},{"Regal Pillow":16,"Bronze Scales":0,"SacredBark":35,"Oddly Smooth Stone":0,"Orrery":0,"Vajra":24,"Juzu Bracelet":24,"Ginger":48,"Ancient Tea Set":0,"MawBank":20,"Ring of the Snake":0,"WarpedTongs":3}],"Ring of the Snake":[26],"WarpedTongs":[52]},"card_choices":[{"not_picked":["Well Laid Plans","Flying Knee"],"picked":"Footwork","floor":0.0},{"not_picked":["Masterful Stab","Poisoned Stab"],"picked":"Cloak And Dagger","floor":0.0},{"not_picked":["Slice","Outmaneuver"],"picked":"Cloak And Dagger","floor":0.0},{"not_picked":["Dagger Throw","Flying Knee"],"picked":"Dodge and Roll","floor":0.0},{"not_picked":["Deflect","Quick Slash"],"picked":"Cloak And Dagger","floor":1.0},{"not_picked":["Underhanded Strike","Footwork","Sucker Punch"],"picked":"SKIP","floor":3.0},{"not_picked":["Underhanded Strike","Footwork","Sucker Punch"],"picked":"SKIP","floor":3.0},{"not_picked":["Well Laid Plans","Underhanded Strike","Distraction"],"picked":"SKIP","floor":4.0},{"not_picked":["Expertise","Endless Agony"],"picked":"Blade Dance","floor":6.0},{"not_picked":["Eviscerate","Underhanded Strike"],"picked":"Terror","floor":7.0},{"not_picked":["Dagger Throw","Grand Finale","Outmaneuver"],"picked":"SKIP","floor":10},{"not_picked":["Deflect","Blade Dance"],"picked":"Phantasmal Killer","floor":14},{"not_picked":["Jack Of All Trades+1","Swift Strike+1"],"picked":"Trip+1","floor":19},{"not_picked":["Backflip+1","Crippling Poison","Dodge and Roll"],"picked":"SKIP","floor":22},{"not_picked":["Backflip+1","A Thousand Cuts","PiercingWail"],"picked":"SKIP","floor":23},{"not_picked":["Bane","Dagger Throw","PiercingWail+1"],"picked":"SKIP","floor":24}],"player_experience":486918,"relics_obtained":[{"floor":6.0,"key":"Regal Pillow"},{"floor":9.0,"key":"MawBank"},{"floor":23,"key":"Ginger"}],"event_choices":[{"damage_healed":0.0,"max_hp_gain":0.0,"max_hp_loss":0.0,"gold_gain":0.0,"event_name":"Accursed Blacksmith","player_choice":"Rummage","floor":2.0,"gold_loss":0.0,"damage_taken":0.0,"relics_obtained":["WarpedTongs"],"cards_obtained":["Pain"]},{"damage_healed":0.0,"max_hp_gain":0.0,"max_hp_loss":0.0,"gold_gain":0.0,"event_name":"Lab","player_choice":"Got Potions","floor":5.0,"gold_loss":0.0,"damage_taken":0.0},{"damage_healed":0,"gold_gain":175,"player_choice":"AGREE","damage_taken":259,"max_hp_gain":0,"max_hp_loss":0,"event_name":"betterThird:BetterSerpent","floor":11,"gold_loss":0},{"damage_healed":0,"gold_gain":0,"player_choice":"2","damage_taken":0,"max_hp_gain":0,"max_hp_loss":0,"event_name":"betterMatch:BetterMatch","floor":19,"gold_loss":0,"cards_obtained":["betterMatch:UncommonCard","betterMatch:ColorlessUncommonCard"]},{"damage_healed":0,"gold_gain":0,"player_choice":"Ignored","damage_taken":0,"max_hp_gain":0,"max_hp_loss":0,"event_name":"Ghosts","floor":20,"gold_loss":0},{"damage_healed":0,"gold_gain":99,"player_choice":"Steal","damage_taken":0,"max_hp_gain":0,"max_hp_loss":0,"event_name":"betterThird:BetterNest","floor":21,"gold_loss":0}],"is_beta":false,"boss_relics":[{"not_picked":["HoveringKite","Ectoplasm"],"picked":"SacredBark"}],"items_purged_floors":[0,0,12],"is_endless":false,"potions_floor_spawned":[3,10,18,23],"killed_by":"3 Cultists","ascension_level":8}}