{"host":"anox4050deqdcqoh","time":1609272332,"event":{"mods":["BaseMod","Colored Map","Minty Spire (QoL Compilation)","Quick Restart"],"gold_per_floor":[117,135,148,81,98,98,110,110,159,190,190,208,219,232,232,330,330,347,347,48,48,66,66,78,78,78],"floor_reached":25,"playtime":1345,"items_purged":["Strike_R+1"],"score":207,"play_id":"cca7e06e-0bbd-4e7d-8180-d1c2c2e7d951","local_time":"20201229150532","is_ascension_mode":false,"campfire_choices":[{"data":"Barricade","floor":6,"key":"SMITH"},{"floor":11,"key":"REST"},{"floor":15,"key":"REST"},{"floor":23,"key":"REST"}],"circlet_count":0,"master_deck":["Strike_R+1","Strike_R+1","Strike_R+1","Defend_R+1","Defend_R+1","Defend_R+1","Defend_R+1","Bash","Exhume","Fire Breathing","Barricade+1","Fire Breathing","Rampage","Body Slam+1","Wild Strike","Evolve","Immolate","CurseOfTheBell","Rage","Feel No Pain+1","Second Wind+1","Iron Wave"],"relics":["Burning Blood","Darkstone Periapt","Calling Bell","Art of War","Frozen Egg 2","StoneCalendar","Anchor"],"acts_visited":["Exordium","TheCity"],"potions_floor_usage":[5,10,16,16,25,25],"damage_taken":[{"damage":5,"enemies":"Cultist","floor":1,"turns":4},{"damage":6,"enemies":"2 Louse","floor":2,"turns":2},{"damage":10,"enemies":"Jaw Worm","floor":3,"turns":7},{"damage":12,"enemies":"2 Fungi Beasts","floor":5,"turns":6},{"damage":16,"enemies":"Gremlin Gang","floor":7,"turns":8},{"damage":26,"enemies":"3 Sentries","floor":10,"turns":4},{"damage":18,"enemies":"3 Louse","floor":12,"turns":4},{"damage":15,"enemies":"Blue Slaver","floor":13,"turns":7},{"damage":22,"enemies":"2 Fungi Beasts","floor":14,"turns":5},{"damage":62,"enemies":"The Guardian","floor":16,"turns":14},{"damage":19,"enemies":"Chosen","floor":18,"turns":5},{"damage":26,"enemies":"Spheric Guardian","floor":22,"turns":6},{"damage":17,"enemies":"Snecko","floor":24,"turns":7},{"damage":91,"enemies":"Slavers","floor":25,"turns":6}],"seed_played":"2134946703255656539","potions_obtained":[{"floor":1,"key":"PowerPotion"},{"floor":7,"key":"Explosive Potion"},{"floor":10,"key":"Weak Potion"},{"floor":12,"key":"Regen Potion"},{"floor":16,"key":"BlessingOfTheForge"},{"floor":24,"key":"Regen Potion"}],"is_trial":false,"path_per_floor":["M","M","M","$","M","R","M","?","T","E","R","M","M","M","R","B",null,"M","?","$","?","M","R","M","E"],"character_chosen":"IRONCLAD","items_purchased":["Fire Breathing","Feel No Pain+1","Anchor"],"campfire_rested":3,"item_purchase_floors":[4,20,20],"current_hp_per_floor":[80,80,76,76,70,70,60,60,60,40,64,52,43,27,51,10,86,73,73,73,73,53,78,67,0,0],"gold":78,"neow_bonus":"ONE_RANDOM_RARE_CARD","is_daily":false,"chose_seed":false,"campfire_upgraded":1,"win_rate":0.0,"timestamp":1609272332,"path_taken":["M","?","M","$","M","R","M","?","T","E","R","M","M","M","R","BOSS","M","?","$","?","?","R","?","E"],"items_purchased_type":["Card","Card","Relic"],"build_version":"2020-12-22","purchased_purges":1,"victory":false,"max_hp_per_floor":[80,80,80,80,80,80,80,80,80,80,80,80,80,80,80,80,86,86,86,86,86,86,86,86,86,86],"card_choices":[{"not_picked":["Hemokinesis","Pommel Strike","True Grit"],"picked":"SKIP","floor":1},{"not_picked":["Havoc","Headbutt","True Grit"],"picked":"SKIP","floor":2},{"not_picked":["Sword Boomerang","Headbutt","Carnage"],"picked":"SKIP","floor":3},{"not_picked":["Perfected Strike","Havoc"],"picked":"Barricade","floor":5},{"not_picked":["Havoc","Pommel Strike","Sword Boomerang"],"picked":"SKIP","floor":7},{"not_picked":["Whirlwind","Anger"],"picked":"Rampage","floor":10},{"not_picked":["Uppercut","Iron Wave"],"picked":"Body Slam","floor":12},{"not_picked":["Second Wind","Clash"],"picked":"Wild Strike","floor":13},{"not_picked":["Exhume","Wild Strike"],"picked":"Evolve","floor":14},{"not_picked":["Double Tap","Limit Break"],"picked":"Immolate","floor":16},{"not_picked":["Clash","Evolve+1"],"picked":"Rage","floor":18},{"not_picked":["True Grit","Perfected Strike+1"],"picked":"Second Wind+1","floor":22},{"not_picked":["Metallicize+1","Sword Boomerang"],"picked":"Iron Wave","floor":24}],"player_experience":225737,"relics_obtained":[{"floor":10,"key":"Darkstone Periapt"},{"floor":17,"key":"Art of War"},{"floor":17,"key":"Frozen Egg 2"},{"floor":17,"key":"StoneCalendar"}],"event_choices":[{"damage_healed":0,"gold_gain":0,"cards_transformed":["Strike_R"],"player_choice":"Change","damage_taken":0,"max_hp_gain":0,"max_hp_loss":0,"event_name":"Living Wall","floor":8,"gold_loss":0,"cards_obtained":["Fire Breathing"]},{"damage_healed":0,"gold_gain":0,"player_choice":"Simplicity","damage_taken":0,"max_hp_gain":0,"max_hp_loss":0,"event_name":"Back to Basics","floor":19,"gold_loss":0,"cards_upgraded":["Strike_R","Strike_R","Strike_R","Strike_R","Defend_R","Defend_R","Defend_R","Defend_R"]},{"damage_healed":0,"gold_gain":0,"player_choice":"Forge","damage_taken":0,"max_hp_gain":0,"max_hp_loss":0,"event_name":"Accursed Blacksmith","floor":21,"gold_loss":0,"cards_upgraded":["Body Slam"]}],"is_beta":false,"boss_relics":[{"not_picked":["Runic Dome","Black Star"],"picked":"Calling Bell"}],"items_purged_floors":[20],"is_endless":false,"potions_floor_spawned":[1,7,10,12,16,24],"killed_by":"Slavers","ascension_level":0}}