{"host":"94aus4jnk6thj94q","time":1609283407,"event":{"mods":["BaseMod","Minty Spire (QoL Compilation)","Quick Restart","StSLib"],"gold_per_floor":[110,121,137,147,147,147,176,176,252,263,247,263,263,279,279,384,384,394,410,421,520,520,520,520,520],"floor_reached":24,"playtime":1242,"items_purged":[],"score":202,"play_id":"5b95e42f-bdec-4a22-a0a0-cb92e99a9211","local_time":"20201230011007","is_ascension_mode":false,"campfire_choices":[{"floor":6,"key":"REST"},{"floor":8,"key":"REST"},{"floor":15,"key":"REST"},{"floor":23,"key":"REST"}],"circlet_count":0,"master_deck":["Strike_R","Strike_R","Strike_R","Strike_R","Strike_R","Defend_R","Defend_R","Defend_R","Defend_R","Bash","Panacea","Perfected Strike","Shrug It Off","Ghostly Armor","Cleave","Twin Strike","Inflame","Juggernaut","Fire Breathing","Barricade","Perfected Strike","Wild Strike"],"relics":["Burning Blood","Incense Burner","White Beast Statue","Sozu"],"acts_visited":["Exordium","TheCity"],"potions_floor_usage":[7,16],"damage_taken":[{"damage":2,"enemies":"Small Slimes","floor":1,"turns":4},{"damage":15,"enemies":"Cultist","floor":2,"turns":4},{"damage":11,"enemies":"Jaw Worm","floor":3,"turns":3},{"damage":7,"enemies":"Looter","floor":4,"turns":3},{"damage":22,"enemies":"3 Sentries","floor":7,"turns":5},{"damage":11,"enemies":"3 Louse","floor":10,"turns":3},{"damage":20,"enemies":"Exordium Thugs","floor":11,"turns":4},{"damage":10,"enemies":"Looter","floor":12,"turns":3},{"damage":2,"enemies":"2 Fungi Beasts","floor":14,"turns":4},{"damage":65,"enemies":"Hexaghost","floor":16,"turns":11},{"damage":17,"enemies":"Spheric Guardian","floor":18,"turns":5},{"damage":30,"enemies":"2 Thieves","floor":19,"turns":3},{"damage":23,"enemies":"Chosen and Byrds","floor":20,"turns":6},{"damage":30,"enemies":"Book of Stabbing","floor":24,"turns":4}],"seed_played":"4535414115947117801","potions_obtained":[{"floor":4,"key":"FearPotion"},{"floor":5,"key":"FairyPotion"},{"floor":5,"key":"BloodPotion"},{"floor":5,"key":"AttackPotion"},{"floor":7,"key":"GamblersBrew"},{"floor":10,"key":"Strength Potion"},{"floor":16,"key":"SkillPotion"}],"is_trial":false,"path_per_floor":["M","M","M","M","?","R","E","R","T","M","M","M","?","M","R","B",null,"M","M","M","?","?","R","E"],"character_chosen":"IRONCLAD","items_purchased":[],"campfire_rested":4,"item_purchase_floors":[],"current_hp_per_floor":[80,71,66,65,65,80,64,80,80,75,61,57,57,61,80,37,80,69,45,28,28,20,44,14,14],"gold":520,"neow_bonus":"RANDOM_COLORLESS","is_daily":false,"chose_seed":false,"campfire_upgraded":0,"win_rate":0.0,"timestamp":1609283407,"path_taken":["M","M","M","M","?","R","E","R","T","M","M","?","?","M","R","BOSS","M","M","M","?","?","R","E"],"items_purchased_type":[],"build_version":"2020-12-22","purchased_purges":0,"victory":false,"max_hp_per_floor":[80,80,80,80,80,80,80,80,80,80,80,80,80,80,80,80,80,80,80,80,80,80,80,80,80],"card_choices":[{"not_picked":["Good Instincts","Swift Strike"],"picked":"Panacea","floor":0},{"not_picked":["Bloodletting","Clash","Havoc"],"picked":"SKIP","floor":1},{"not_picked":["Searing Blow","Thunderclap"],"picked":"Perfected Strike","floor":2},{"not_picked":["Uppercut","Hemokinesis"],"picked":"Shrug It Off","floor":3},{"not_picked":["Shrug It Off","Rupture"],"picked":"Ghostly Armor","floor":4},{"not_picked":["Carnage","Headbutt"],"picked":"Cleave","floor":7},{"not_picked":["Sword Boomerang","Second Wind"],"picked":"Twin Strike","floor":10},{"not_picked":["Disarm","Headbutt"],"picked":"Inflame","floor":11},{"not_picked":["Shrug It Off","Feel No Pain"],"picked":"Juggernaut","floor":12},{"not_picked":["Shrug It Off","Heavy Blade"],"picked":"Fire Breathing","floor":14},{"not_picked":["Brutality","Fiend Fire"],"picked":"Barricade","floor":16},{"not_picked":["Iron Wave","Shrug It Off+1"],"picked":"Perfected Strike","floor":18},{"not_picked":["Armaments","Disarm"],"picked":"Wild Strike","floor":19},{"not_picked":["Battle Trance","Anger","Warcry"],"picked":"SKIP","floor":20}],"player_experience":5646326,"relics_obtained":[{"floor":7,"key":"Incense Burner"},{"floor":9,"key":"White Beast Statue"}],"event_choices":[{"damage_healed":0,"gold_gain":0,"player_choice":"Got Potions","damage_taken":0,"max_hp_gain":0,"max_hp_loss":0,"event_name":"Lab","floor":5,"gold_loss":0},{"damage_healed":0,"gold_gain":0,"player_choice":"Ignored","damage_taken":0,"max_hp_gain":0,"max_hp_loss":0,"event_name":"Golden Wing","floor":13,"gold_loss":0},{"damage_healed":0,"gold_gain":99,"player_choice":"Stole From Cult","damage_taken":0,"max_hp_gain":0,"max_hp_loss":0,"event_name":"Nest","floor":21,"gold_loss":0},{"damage_healed":0,"gold_gain":0,"player_choice":"Damaged","damage_taken":8,"max_hp_gain":0,"max_hp_loss":0,"event_name":"Wheel of Change","floor":22,"gold_loss":0}],"is_beta":false,"boss_relics":[{"not_picked":["Philosopher\u0027s Stone","SacredBark"],"picked":"Sozu"}],"items_purged_floors":[],"is_endless":false,"potions_floor_spawned":[4,7,10,11,12,14,16,18,19,20],"killed_by":"Book of Stabbing","ascension_level":0}}