{"host":"mi0eibewekhugwl1","time":1609242912,"event":{"mods":["AchievementEnabler","BaseMod","Colored Map","Colored Powertips","DeckTracker","Keyboard Shortcuts","Minty Spire (QoL Compilation)","Quick Restart","Rare Cards Sparkle","Relic Stats","StSLib","SuperFastMode","everything is the same but u backflip on backflip"],"gold_per_floor":[114,124,134,209,8,8,8,8,8,18,18,33,52,70,70,70,70],"floor_reached":16,"playtime":1365,"items_purged":[],"score":188,"play_id":"7a3e1fe6-ea6e-453c-ad2a-d64b0ae2fb8f","local_time":"20201229205512","is_ascension_mode":true,"campfire_choices":[{"data":"Searing Blow","floor":6,"key":"SMITH"},{"data":"Disarm","floor":11,"key":"SMITH"},{"data":"Searing Blow+1","floor":15,"key":"SMITH"}],"circlet_count":0,"master_deck":["AscendersBane","Strike_R","Strike_R","Strike_R","Strike_R","Strike_R","Defend_R","Defend_R","Defend_R","Defend_R","Bash","Searing Blow+2","Shrug It Off","Disarm+1","Inflame"],"relics":["Burning Blood","Vajra","Dream Catcher","Singing Bowl"],"acts_visited":["Exordium"],"potions_floor_usage":[13,14,16],"damage_taken":[{"damage":10,"enemies":"Small Slimes","floor":1,"turns":3},{"damage":12,"enemies":"Jaw Worm","floor":2,"turns":5},{"damage":1,"enemies":"Cultist","floor":3,"turns":4},{"damage":9,"enemies":"Blue Slaver","floor":10,"turns":5},{"damage":27,"enemies":"Exordium Wildlife","floor":12,"turns":7},{"damage":3,"enemies":"Looter","floor":13,"turns":2},{"damage":0,"enemies":"3 Louse","floor":14,"turns":3},{"damage":60,"enemies":"The Guardian","floor":16,"turns":17}],"seed_played":"-9090952617913294758","potions_obtained":[{"floor":2,"key":"SteroidPotion"},{"floor":12,"key":"AttackPotion"},{"floor":13,"key":"DistilledChaos"}],"is_trial":false,"path_per_floor":["M","M","M","?","$","R","?","$","T","M","R","M","M","M","R","B"],"character_chosen":"IRONCLAD","items_purchased":["Vajra","Inflame"],"campfire_rested":0,"item_purchase_floors":[5,5],"current_hp_per_floor":[64,58,63,52,52,52,47,47,47,46,46,27,32,40,40,0,0],"gold":70,"neow_bonus":"THREE_CARDS","is_daily":false,"chose_seed":false,"campfire_upgraded":3,"win_rate":0.0,"timestamp":1609242912,"path_taken":["M","M","M","?","$","R","?","?","T","M","R","M","M","M","R","BOSS"],"items_purchased_type":["Relic","Card"],"build_version":"2020-12-22","purchased_purges":0,"victory":false,"max_hp_per_floor":[75,75,75,75,75,75,75,75,75,77,77,79,81,83,83,83,83],"relic_stats":{"Dream Catcher":0,"Singing Bowl":8,"counters":[8,46],"obtain_stats":[{"Dream Catcher":7,"Singing Bowl":9,"Vajra":5,"Burning Blood":0},{"Dream Catcher":3,"Singing Bowl":3,"Vajra":3,"Burning Blood":0},{"Dream Catcher":12,"Singing Bowl":12,"Vajra":12,"Burning Blood":0}],"Burning Blood":42},"card_choices":[{"not_picked":["Heavy Blade","Battle Trance"],"picked":"Searing Blow","floor":0},{"not_picked":["Uppercut","Flex"],"picked":"Shrug It Off","floor":1},{"not_picked":["Heavy Blade","Shrug It Off"],"picked":"Disarm","floor":2},{"not_picked":["Dropkick","Sword Boomerang","Spot Weakness"],"picked":"SKIP","floor":3},{"not_picked":["Anger","Rage","Wild Strike"],"picked":"Singing Bowl","floor":10},{"not_picked":["Headbutt","Uppercut","Armaments"],"picked":"Singing Bowl","floor":12},{"not_picked":["Twin Strike","Thunderclap","Dark Embrace"],"picked":"Singing Bowl","floor":13},{"not_picked":["Twin Strike","True Grit","Carnage"],"picked":"Singing Bowl","floor":14}],"player_experience":1722522,"relics_obtained":[{"floor":9,"key":"Singing Bowl"}],"event_choices":[{"damage_healed":0,"gold_gain":75,"player_choice":"Gather Gold","damage_taken":11,"max_hp_gain":0,"max_hp_loss":0,"event_name":"World of Goop","floor":4,"gold_loss":0},{"damage_healed":0,"gold_gain":0,"player_choice":"Success","damage_taken":5,"relics_obtained":["Dream Catcher"],"max_hp_gain":0,"max_hp_loss":0,"event_name":"Scrap Ooze","floor":7,"gold_loss":0}],"is_beta":false,"boss_relics":[],"items_purged_floors":[],"is_endless":false,"potions_floor_spawned":[2,12,13],"killed_by":"The Guardian","ascension_level":20}}