{"host":"hpblg3770qrn5zz2","time":1609221530,"event":{"mods":["BaseMod","Minty Spire (QoL Compilation)","Replay The Spire","StSLib","The Saiyan","The Wild Card"],"gold_per_floor":[93,93,113,129,140,140,159,187,187,187,27,42,42,42,42,145,145,155,155,166,126,144,179,179,179,179,179],"floor_reached":26,"playtime":1630,"items_purged":[],"score":278,"play_id":"1a1c656d-2d7e-4136-9319-efba69ae100a","local_time":"20201228215850","is_ascension_mode":false,"campfire_choices":[{"data":"Saiyan:KameHameHa","floor":6,"key":"SMITH"},{"floor":10,"key":"REST"},{"floor":15,"key":"REST"}],"circlet_count":0,"master_deck":["Saiyan:SAIYA_Strike","Saiyan:SAIYA_Strike","Saiyan:SAIYA_Strike","Saiyan:SAIYA_Strike","Saiyan:SAIYA_Defend","Saiyan:SAIYA_Defend","Saiyan:SAIYA_Defend","Saiyan:SAIYA_Defend","Saiyan:EnergyBlast","Saiyan:KaioKen","Saiyan:RuthlessBlow","Saiyan:Flurry","Saiyan:BigBangAttack","Saiyan:TurtleShell","Saiyan:KameHameHa+1","Saiyan:FingerParry","Saiyan:Overexert","Saiyan:SuperSaiyanThree","Saiyan:KiStrike+1","Saiyan:SuperSaiyanThree","Saiyan:ExpandingShockwave","Saiyan:MeteorDash+1","Saiyan:KiExplosion","Saiyan:ExpandingShockwave"],"relics":["SaiyanSoul","SaiyanHeart","Blood Vial","Replay:Ringing Soul","Philosopher\u0027s Stone","Boot"],"acts_visited":["Exordium","TheCity"],"potions_floor_usage":[16],"damage_taken":[{"damage":6,"enemies":"2 Louse","floor":1,"turns":2},{"damage":0,"enemies":"Cultist","floor":3,"turns":3},{"damage":0,"enemies":"Small Slimes","floor":4,"turns":3},{"damage":0,"enemies":"Exordium Thugs","floor":5,"turns":4},{"damage":7,"enemies":"3 Louse","floor":7,"turns":2},{"damage":23,"enemies":"Lagavulin","floor":8,"turns":7},{"damage":20,"enemies":"Gremlin Gang","floor":12,"turns":5},{"damage":17,"enemies":"Slime Boss","floor":16,"turns":10},{"damage":0,"enemies":"Spheric Guardian","floor":18,"turns":3},{"damage":12,"enemies":"2 Thieves","floor":20,"turns":3},{"damage":32,"enemies":"Chosen and Byrds","floor":22,"turns":6},{"damage":34,"enemies":"Replay:Snechameleon","floor":23,"turns":6},{"damage":43,"enemies":"Book of Stabbing","floor":26,"turns":4}],"seed_played":"917419479553890968","potions_obtained":[{"floor":1,"key":"AttackPotion"},{"floor":4,"key":"Strength Potion"},{"floor":8,"key":"PowerPotion"},{"floor":23,"key":"FearPotion"}],"is_trial":false,"path_per_floor":["M","?","M","M","M","R","M","E","T","R","$","M","?","?","R","B",null,"M","?","M","?","M","E","PTL","PTL","E"],"character_chosen":"SAIYAJIN","items_purchased":["Saiyan:SuperSaiyanThree"],"campfire_rested":2,"item_purchase_floors":[11],"current_hp_per_floor":[60,60,60,61,63,63,56,35,35,56,59,47,47,47,71,61,85,91,91,83,83,58,34,34,34,0,0],"gold":179,"neow_bonus":"TEN_PERCENT_HP_BONUS","is_daily":false,"chose_seed":false,"campfire_upgraded":1,"win_rate":0.0,"timestamp":1609221530,"path_taken":["M","?","M","M","M","R","?","E","T","R","$","?","?","?","R","BOSS","M","?","M","?","?","E","PTL","PTL","E"],"items_purchased_type":["Card"],"build_version":"2020-12-22","purchased_purges":0,"victory":false,"max_hp_per_floor":[66,66,66,67,69,69,69,71,71,71,74,80,80,80,80,85,85,91,91,95,95,100,108,108,108,109,109],"card_choices":[{"not_picked":["Saiyan:Makankosappo","Saiyan:BackAttack"],"picked":"Saiyan:Flurry","floor":1},{"not_picked":["Saiyan:DoubleMasenko","Saiyan:Medicine"],"picked":"Saiyan:BigBangAttack","floor":3},{"not_picked":["Saiyan:DoubleMasenko","Saiyan:BurningSoul"],"picked":"Saiyan:TurtleShell","floor":4},{"not_picked":["Saiyan:Overexert","Saiyan:PlotArmor"],"picked":"Saiyan:KameHameHa","floor":5},{"not_picked":["Saiyan:BackAttack","Saiyan:Afterimage"],"picked":"Saiyan:FingerParry","floor":7},{"not_picked":["Saiyan:DragonFist","Saiyan:Reset"],"picked":"Saiyan:Overexert","floor":8},{"not_picked":["Saiyan:Quickening","Saiyan:ExpandingShockwave"],"picked":"Saiyan:KiStrike","floor":12},{"not_picked":["Saiyan:Momentum","Saiyan:TheBomb"],"picked":"Saiyan:SuperSaiyanThree","floor":16},{"not_picked":["Saiyan:DoubleMasenko","Saiyan:UltraInstinct"],"picked":"Saiyan:ExpandingShockwave","floor":18},{"not_picked":["Saiyan:PowerStance","Saiyan:DoubleMasenko"],"picked":"Saiyan:MeteorDash+1","floor":20},{"not_picked":["Saiyan:TurtleShell","Saiyan:SaiyanHubris"],"picked":"Saiyan:KiExplosion","floor":22},{"not_picked":["Saiyan:Twize","Saiyan:GhostAttack"],"picked":"Saiyan:ExpandingShockwave","floor":23}],"player_experience":0,"relics_obtained":[{"floor":8,"key":"Blood Vial"},{"floor":9,"key":"Replay:Ringing Soul"},{"floor":23,"key":"Boot"}],"event_choices":[{"damage_healed":0,"gold_gain":0,"player_choice":"Bought 0 Potions","damage_taken":0,"max_hp_gain":0,"max_hp_loss":0,"event_name":"The Woman in Blue","floor":2,"gold_loss":0},{"damage_healed":0,"gold_gain":0,"player_choice":"Ignored","damage_taken":0,"max_hp_gain":0,"max_hp_loss":0,"event_name":"NoteForYourself","floor":14,"gold_loss":0},{"damage_healed":0,"gold_gain":0,"player_choice":"Ignored","damage_taken":0,"max_hp_gain":0,"max_hp_loss":0,"event_name":"The Mausoleum","floor":19,"gold_loss":0},{"damage_healed":0,"gold_gain":0,"player_choice":"Upgrade","damage_taken":0,"max_hp_gain":0,"max_hp_loss":0,"event_name":"Designer","floor":21,"gold_loss":40,"cards_upgraded":["Saiyan:KiStrike"]}],"is_beta":false,"boss_relics":[{"not_picked":["Runic Dome","Busted Crown"],"picked":"Philosopher\u0027s Stone"}],"items_purged_floors":[],"is_endless":false,"potions_floor_spawned":[1,4,8,12,23],"killed_by":"Book of Stabbing","ascension_level":0}}