{"host":"Rich","time":1609276222,"event":{"mods":["AchievementEnabler","BaseMod","Highlight Path","Minty Spire (QoL Compilation)","Relic Stats"],"gold_per_floor":[110,35,50,50,50,50,79,79,106,123,123,123],"floor_reached":11,"playtime":174,"items_purged":[],"score":192,"play_id":"64e76123-c35d-4349-8978-f9650c6074dc","local_time":"20201229161022","is_ascension_mode":true,"campfire_choices":[{"data":"Intimidate","floor":6.0,"key":"SMITH"},{"data":"Cleave","floor":8,"key":"SMITH"}],"circlet_count":0,"master_deck":["AscendersBane","Strike_R","Strike_R","Strike_R","Defend_R","Defend_R","Defend_R","Defend_R","Bash","Intimidate+1","Cleave+1","Anger","Flex"],"relics":["Burning Blood","NeowsBlessing","Blood Vial","Bottled Lightning","Pen Nib"],"acts_visited":["Exordium"],"potions_floor_usage":[11],"damage_taken":[{"damage":0.0,"enemies":"Jaw Worm","floor":1.0,"turns":1.0},{"damage":0.0,"enemies":"Small Slimes","floor":3.0,"turns":1.0},{"damage":0.0,"enemies":"Lagavulin","floor":7.0,"turns":2.0},{"damage":0,"enemies":"Cultist","floor":10,"turns":3},{"damage":30,"enemies":"3 Sentries","floor":11,"turns":7}],"seed_played":"-4012957096595251049","potions_obtained":[{"floor":1.0,"key":"Dexterity Potion"},{"floor":3.0,"key":"Dexterity Potion"},{"floor":10,"key":"Block Potion"}],"is_trial":false,"path_per_floor":["M","?","M","?","?","R","E","R","T","M","E"],"character_chosen":"IRONCLAD","items_purchased":[],"campfire_rested":0,"item_purchase_floors":[],"current_hp_per_floor":[74,74,75,70,63,63,71,71,71,75,45,45],"gold":123,"neow_bonus":"THREE_ENEMY_KILL","is_daily":false,"chose_seed":false,"campfire_upgraded":2,"win_rate":0.0,"timestamp":1609276222,"path_taken":["M","?","M","?","?","R","E","R","T","?","E"],"items_purchased_type":[],"build_version":"2020-12-18","purchased_purges":0,"victory":false,"max_hp_per_floor":[75,75,75,75,75,75,75,75,75,75,75,75],"relic_stats":{"Blood Vial":4,"counters":[5,14],"Pen Nib":[1],"obtain_stats":[{"Blood Vial":4,"NeowsBlessing":0,"Pen Nib":9,"Bottled Lightning":7,"Burning Blood":0},{"Blood Vial":2,"NeowsBlessing":0,"Pen Nib":3,"Bottled Lightning":3,"Burning Blood":0},{"Blood Vial":2,"NeowsBlessing":0,"Pen Nib":4,"Bottled Lightning":4,"Burning Blood":0}],"Burning Blood":15},"card_choices":[{"not_picked":["Heavy Blade","Power Through"],"picked":"Intimidate","floor":1.0},{"not_picked":["Iron Wave","Havoc"],"picked":"Cleave","floor":3.0},{"not_picked":["Heavy Blade","Clothesline"],"picked":"Anger","floor":7},{"not_picked":["Warcry","Rupture"],"picked":"Flex","floor":10}],"player_experience":1942110,"relics_obtained":[{"floor":7,"key":"Bottled Lightning"},{"floor":9,"key":"Pen Nib"}],"event_choices":[{"cards_removed":["Strike_R"],"damage_healed":0.0,"max_hp_gain":0.0,"max_hp_loss":0.0,"gold_gain":0.0,"event_name":"The Cleric","player_choice":"Card Removal","floor":2.0,"gold_loss":75.0,"damage_taken":0.0},{"damage_healed":0.0,"max_hp_gain":0.0,"max_hp_loss":0.0,"gold_gain":0.0,"event_name":"Scrap Ooze","player_choice":"Success","floor":4.0,"gold_loss":0.0,"damage_taken":5.0,"relics_obtained":["Blood Vial"]},{"cards_removed":["Strike_R"],"damage_healed":0.0,"max_hp_gain":0.0,"max_hp_loss":0.0,"gold_gain":0.0,"event_name":"Golden Wing","player_choice":"Card Removal","floor":5.0,"gold_loss":0.0,"damage_taken":7.0}],"is_beta":true,"boss_relics":[],"items_purged_floors":[],"is_endless":false,"potions_floor_spawned":[1,3,10],"killed_by":"3 Sentries","ascension_level":20}}