{"host":"6azrrw3tf7wb0f4b","time":1609225354,"event":{"mods":["BaseMod","DeckTracker","Minty Spire (QoL Compilation)","SuperFastMode"],"gold_per_floor":[119,138,149,159,159,191,191,206,253,253,268,124,152,163,163,258,258,275,275,293,305,142,174,174,199,245,277,287,287,202,220,220,322,322,334,350,12,22,22,22,47,61,61,80,111,111,111,136,136,136,136,136,11,11,11],"floor_reached":54,"playtime":1561,"items_purged":["Strike_B","Zap","Strike_B"],"score":1084,"play_id":"b3ad7ae7-e60a-4567-86ed-8e098666536c","local_time":"20201229160234","is_ascension_mode":true,"campfire_choices":[{"floor":7.0,"key":"REST"},{"data":"Dualcast","floor":10.0,"key":"SMITH"},{"data":"Defragment","floor":15.0,"key":"SMITH"},{"floor":24.0,"key":"REST"},{"floor":32.0,"key":"REST"},{"floor":47.0,"key":"RECALL"},{"floor":49.0,"key":"REST"},{"data":"Seek","floor":52,"key":"SMITH"}],"circlet_count":0,"master_deck":["Defend_B","Defend_B","Dualcast+1","Turbo","Undo","Coolheaded","Ball Lightning","Ball Lightning","Doom and Gloom","Ball Lightning","Defragment+1","Amplify","Consume","Conserve Battery","Seek+1","Heatsinks","Tempest","Bandage Up","Conserve Battery+1","Glacier","Core Surge","Go for the Eyes","Turbo+1","Fission+1","Storm+1","Reboot+1","Seek+1","Fusion+1","Cold Snap","Leap+1","Loop+1","Defragment+1"],"relics":["Cracked Core","NeowsBlessing","Bag of Marbles","Akabeko","Orrery","Meat on the Bone","Inserter","PreservedInsect","Cables","Du-Vu Doll","DataDisk","Bottled Lightning","Regal Pillow","Astrolabe","Gremlin Horn","Turnip","Frozen Egg 2","Bottled Flame"],"acts_visited":["Exordium","TheCity","TheBeyond","TheEnding"],"potions_floor_usage":[50],"damage_taken":[{"damage":0.0,"enemies":"Cultist","floor":1.0,"turns":1.0},{"damage":0.0,"enemies":"2 Louse","floor":2.0,"turns":1.0},{"damage":0.0,"enemies":"Jaw Worm","floor":3.0,"turns":1.0},{"damage":17.0,"enemies":"Large Slime","floor":4.0,"turns":8.0},{"damage":19.0,"enemies":"Gremlin Nob","floor":6.0,"turns":4.0},{"damage":7.0,"enemies":"Red Slaver","floor":8.0,"turns":2.0},{"damage":3.0,"enemies":"Blue Slaver","floor":11.0,"turns":3.0},{"damage":20.0,"enemies":"Lagavulin","floor":13.0,"turns":6.0},{"damage":0.0,"enemies":"2 Fungi Beasts","floor":14.0,"turns":2.0},{"damage":5.0,"enemies":"The Guardian","floor":16.0,"turns":8.0},{"damage":0.0,"enemies":"Spheric Guardian","floor":18.0,"turns":3.0},{"damage":26.0,"enemies":"3 Byrds","floor":20.0,"turns":4.0},{"damage":13.0,"enemies":"3 Cultists","floor":21.0,"turns":4.0},{"damage":15.0,"enemies":"Gremlin Leader","floor":23.0,"turns":3.0},{"damage":45.0,"enemies":"Book of Stabbing","floor":25.0,"turns":5.0},{"damage":14.0,"enemies":"Slavers","floor":27.0,"turns":5.0},{"damage":0.0,"enemies":"Snecko","floor":28.0,"turns":5.0},{"damage":0.0,"enemies":"Snake Plant","floor":31.0,"turns":5.0},{"damage":68.0,"enemies":"Collector","floor":33.0,"turns":9.0},{"damage":23.0,"enemies":"Orb Walker","floor":35.0,"turns":4.0},{"damage":16.0,"enemies":"3 Darklings","floor":36.0,"turns":6.0},{"damage":27.0,"enemies":"Maw","floor":38.0,"turns":7.0},{"damage":4.0,"enemies":"Reptomancer","floor":41.0,"turns":4.0},{"damage":28.0,"enemies":"Jaw Worm Horde","floor":42.0,"turns":4.0},{"damage":4.0,"enemies":"Transient","floor":44.0,"turns":5.0},{"damage":17.0,"enemies":"Giant Head","floor":45.0,"turns":8.0},{"damage":18.0,"enemies":"Reptomancer","floor":48.0,"turns":3.0},{"damage":68,"enemies":"Time Eater","floor":50,"turns":9},{"damage":110,"enemies":"Shield and Spear","floor":54,"turns":5}],"seed_played":"-3242154102488614038","potions_obtained":[{"floor":2.0,"key":"FocusPotion"},{"floor":4.0,"key":"Energy Potion"},{"floor":8.0,"key":"SneckoOil"},{"floor":16.0,"key":"SpeedPotion"},{"floor":18.0,"key":"FearPotion"},{"floor":25.0,"key":"CultistPotion"},{"floor":27.0,"key":"SkillPotion"},{"floor":28.0,"key":"Regen Potion"},{"floor":33.0,"key":"FairyPotion"},{"floor":41.0,"key":"PowerPotion"},{"floor":48.0,"key":"PotionOfCapacity"}],"is_trial":false,"path_per_floor":["M","M","M","M","?","E","R","M","T","R","M","$","E","M","R","B",null,"M","?","M","M","$","E","R","E","T","E","M","?","?","M","R","B",null,"M","M","$","M","?","$","E","M","T","M","E","?","R","E","R","B",null,"R","$","E"],"character_chosen":"DEFECT","items_purchased":["Orrery","Bandage Up","Gremlin Horn"],"campfire_rested":4,"item_purchase_floors":[12,22,37],"current_hp_per_floor":[68,68,68,51,44,25,47,40,40,40,37,37,17,29,29,36,65,65,65,39,38,38,39,61,32,32,34,38,24,24,52,80,24,66,47,47,47,36,36,36,48,36,36,48,47,47,47,41,80,28,67,67,67,0,0],"gold":11,"neow_bonus":"THREE_ENEMY_KILL","is_daily":false,"chose_seed":false,"campfire_upgraded":3,"win_rate":0.0,"timestamp":1609225354,"path_taken":["M","M","M","?","?","E","R","M","T","R","M","?","E","M","R","BOSS","M","?","M","?","$","E","R","E","T","E","M","?","?","M","R","BOSS","M","M","$","M","?","$","E","M","T","?","E","?","R","E","R","BOSS","R","$","E"],"items_purchased_type":["Relic","Card","Relic"],"build_version":"2020-12-22","purchased_purges":3,"victory":false,"max_hp_per_floor":[75,75,75,75,75,75,75,75,75,75,75,75,75,75,75,75,75,75,75,75,75,75,75,75,75,75,75,75,80,80,80,80,80,80,80,80,80,80,80,80,80,80,80,80,80,80,80,80,80,80,80,80,80,80,80],"card_choices":[{"not_picked":["Barrage","Hello World"],"picked":"Turbo","floor":1.0},{"not_picked":["Steam","Compile Driver"],"picked":"Undo","floor":2.0},{"not_picked":["Fusion","Barrage"],"picked":"Coolheaded","floor":3.0},{"not_picked":["Sweeping Beam","Glacier"],"picked":"Ball Lightning","floor":4.0},{"not_picked":["Streamline","FTL"],"picked":"Ball Lightning","floor":6.0},{"not_picked":["Steam Power","Cold Snap"],"picked":"Doom and Gloom","floor":8.0},{"not_picked":["Compile Driver","Stack","Self Repair"],"picked":"SKIP","floor":11.0},{"not_picked":["Turbo","Rebound"],"picked":"Ball Lightning","floor":12.0},{"not_picked":["Static Discharge","Conserve Battery"],"picked":"Defragment","floor":12.0},{"not_picked":["Hologram","Beam Cell"],"picked":"Amplify","floor":12.0},{"not_picked":["Undo","Barrage"],"picked":"Consume","floor":12.0},{"not_picked":["Rebound","BootSequence"],"picked":"Conserve Battery","floor":13.0},{"not_picked":["Genetic Algorithm","Sunder","Stack"],"picked":"SKIP","floor":14.0},{"not_picked":["Hyperbeam","Thunder Strike"],"picked":"Seek","floor":16.0},{"not_picked":["Streamline","Sweeping Beam"],"picked":"Heatsinks","floor":18.0},{"not_picked":["Compile Driver","Ball Lightning","Auto Shields"],"picked":"SKIP","floor":20.0},{"not_picked":["Capacitor","Static Discharge"],"picked":"Tempest","floor":21.0},{"not_picked":["Amplify","Redo+1"],"picked":"Conserve Battery+1","floor":23.0},{"not_picked":["Force Field","Self Repair+1"],"picked":"Glacier","floor":25.0},{"not_picked":["FTL+1","Skim"],"picked":"Core Surge","floor":27.0},{"not_picked":["Sweeping Beam","Barrage"],"picked":"Go for the Eyes","floor":28.0},{"not_picked":["Stack","Conserve Battery"],"picked":"Turbo+1","floor":31.0},{"not_picked":["Machine Learning","All For One"],"picked":"Fission","floor":33.0},{"not_picked":["Beam Cell","Lockon+1","Conserve Battery"],"picked":"SKIP","floor":35.0},{"not_picked":["Streamline+1","Turbo+1","Rebound+1"],"picked":"SKIP","floor":36.0},{"not_picked":["Gash+1","Go for the Eyes+1"],"picked":"Fusion+1","floor":38.0},{"not_picked":["Capacitor","Reprogram+1","Sweeping Beam+1"],"picked":"SKIP","floor":41.0},{"not_picked":["Gash+1","Capacitor"],"picked":"Cold Snap","floor":42.0},{"not_picked":["Coolheaded","Hologram"],"picked":"Leap+1","floor":44.0},{"not_picked":["Rainbow","Heatsinks+1"],"picked":"Loop+1","floor":45.0},{"not_picked":["Redo+1","Skim"],"picked":"Defragment+1","floor":48.0}],"player_experience":647665,"relics_obtained":[{"floor":6.0,"key":"Bag of Marbles"},{"floor":9.0,"key":"Akabeko"},{"floor":13.0,"key":"Meat on the Bone"},{"floor":23.0,"key":"Cables"},{"floor":25.0,"key":"Du-Vu Doll"},{"floor":26.0,"key":"DataDisk"},{"floor":27.0,"key":"Bottled Lightning"},{"floor":41.0,"key":"Turnip"},{"floor":45.0,"key":"Frozen Egg 2"},{"floor":48.0,"key":"Bottled Flame"}],"event_choices":[{"cards_removed":["Strike_B"],"damage_healed":0.0,"max_hp_gain":0.0,"max_hp_loss":0.0,"gold_gain":0.0,"event_name":"Golden Wing","player_choice":"Card Removal","floor":5.0,"gold_loss":0.0,"damage_taken":7.0},{"damage_healed":0.0,"max_hp_gain":0.0,"max_hp_loss":0.0,"gold_gain":0.0,"event_name":"WeMeetAgain","player_choice":"Gave Potion","floor":19.0,"gold_loss":0.0,"damage_taken":0.0,"relics_obtained":["PreservedInsect"]},{"damage_healed":0.0,"max_hp_gain":5.0,"max_hp_loss":0.0,"gold_gain":0.0,"event_name":"Forgotten Altar","player_choice":"Shed Blood","floor":29.0,"gold_loss":0.0,"damage_taken":19.0},{"damage_healed":0.0,"max_hp_gain":0.0,"max_hp_loss":0.0,"gold_gain":0.0,"event_name":"Addict","player_choice":"Obtained Relic","floor":30.0,"gold_loss":85.0,"damage_taken":0.0,"relics_obtained":["Regal Pillow"]},{"damage_healed":0.0,"max_hp_gain":0.0,"max_hp_loss":0.0,"gold_gain":0.0,"event_name":"Upgrade Shrine","player_choice":"Upgraded","floor":39.0,"gold_loss":0.0,"damage_taken":0.0,"cards_upgraded":["Fission"]},{"damage_healed":0.0,"max_hp_gain":0.0,"max_hp_loss":0.0,"gold_gain":0.0,"event_name":"Mysterious Sphere","player_choice":"Ignored","floor":46.0,"gold_loss":0.0,"damage_taken":0.0}],"is_beta":false,"boss_relics":[{"not_picked":["Snecko Eye","Runic Pyramid"],"picked":"Inserter"},{"not_picked":["SacredBark","Calling Bell"],"picked":"Astrolabe"}],"items_purged_floors":[22,37,53],"is_endless":false,"potions_floor_spawned":[2,4,8,16,18,25,27,28,33,41,42,44,48],"killed_by":"Shield and Spear","ascension_level":8}}