{"host":"qwp6882a7gaon7u5","time":1609224308,"event":{"mods":["ATMod(°¢èªMod)","BaseMod","BetterRewards","Minty Spire (QoL Compilation)","Red Circlet Mod","Replay The Spire","RumiaBox-Â¶Ã×æ«µÄÉñÃØºÐ×Ó","Spicy Shops","StSLib","¡¾¹¦ÄÜMod¡¿»ìãçÖ®»·ÐÞ¸´²¹¶¡","¡¾ÒÅÎï¿¨ÅÆ¡¿REMEMod"],"gold_per_floor":[113,113,124,140,151,179,179,205,232,232,266,266,293,293,293,393,393,406,406,406,406,406,83,83,111,135,152,170,170,188,214,214,311,311,326,326,379,389,401,401,401],"floor_reached":40,"playtime":1872,"items_purged":["Strike_G","Amnesia"],"score":527,"play_id":"9b3601ca-2772-4c16-b667-aa6585f153b9","local_time":"20201229144508","is_ascension_mode":true,"campfire_choices":[{"data":"AT_Dispersion","floor":7,"key":"SMITH"},{"data":"Skewer","floor":10,"key":"SMITH"},{"data":"Dagger Spray","floor":12,"key":"SMITH"},{"floor":15,"key":"DIG"},{"floor":24,"key":"RECALL"},{"floor":29,"key":"REST"},{"floor":32,"key":"REST"}],"circlet_count":0,"master_deck":["Strike_G","Strike_G","Strike_G","Strike_G","Defend_G","Defend_G","Defend_G","Defend_G","Defend_G","Survivor","Neutralize","Flying Knee","AT_Dispersion+1","Dagger Spray+1","Skewer+1","Hidden Blade","Poisoned Stab","Footwork","Blur","Draining Mist+1","AT_EssenceShift+1","Bane","REME_ProfessionalPlagiarism","Terror","PiercingWail","REME_ShadowForm","Concentrate+1","Good Instincts"],"relics":["Ring of the Snake","REME_ComplimentaryCards","AT_ATBox","AddBug","SecretRecord","SecretRecord","SecretRecord","SecretRecord"],"acts_visited":["Exordium","TheCity","TheBeyond"],"potions_floor_usage":[16,16,16,28,33,39],"damage_taken":[{"damage":7,"enemies":"Small Slimes","floor":1,"turns":5},{"damage":0,"enemies":"Cultist","floor":3,"turns":4},{"damage":3,"enemies":"Jaw Worm","floor":4,"turns":4},{"damage":6,"enemies":"Blue Slaver","floor":5,"turns":3},{"damage":15,"enemies":"Gremlin Nob","floor":6,"turns":4},{"damage":14,"enemies":"Replay:BlueRogue","floor":8,"turns":5},{"damage":7,"enemies":"Lagavulin","floor":11,"turns":6},{"damage":4,"enemies":"3 Sentries","floor":13,"turns":5},{"damage":3,"enemies":"The Guardian","floor":16,"turns":8},{"damage":8,"enemies":"Chosen","floor":18,"turns":4},{"damage":37,"enemies":"Slavers","floor":25,"turns":6},{"damage":9,"enemies":"Spheric Guardian","floor":27,"turns":5},{"damage":2,"enemies":"Shelled Parasite and Fungi","floor":28,"turns":2},{"damage":0,"enemies":"Snecko","floor":30,"turns":5},{"damage":20,"enemies":"REME_1_Revenger","floor":31,"turns":5},{"damage":38,"enemies":"Automaton","floor":33,"turns":9},{"damage":11,"enemies":"3 Darklings","floor":35,"turns":7},{"damage":20,"enemies":"2 Orb Walkers","floor":37,"turns":4},{"damage":8,"enemies":"Orb Walker","floor":38,"turns":3},{"damage":10,"enemies":"Transient","floor":39,"turns":5},{"damage":42,"enemies":"Reptomancer","floor":40,"turns":2}],"seed_played":"-8392941869058871092","potions_obtained":[{"floor":5,"key":"Strength Potion"},{"floor":6,"key":"SpeedPotion"},{"floor":11,"key":"AttackPotion"},{"floor":13,"key":"Poison Potion"},{"floor":18,"key":"CultistPotion"},{"floor":27,"key":"AttackPotion"},{"floor":35,"key":"Poison Potion"},{"floor":38,"key":"Doom Potion"}],"is_trial":false,"path_per_floor":["M","?","M","M","M","E","R","E","T","R","E","R","E","?","R","B",null,"M","?","?","?","?","$","R","E","T","M","M","R","M","E","R","B",null,"M","?","?","M","M","E"],"character_chosen":"THE_SILENT","items_purchased":["REME_ProfessionalPlagiarism"],"campfire_rested":2,"item_purchase_floors":[23],"current_hp_per_floor":[63,80,80,77,71,56,56,42,42,42,35,35,31,31,31,28,80,72,72,72,72,72,72,72,44,44,35,33,57,57,37,61,23,80,69,69,49,41,31,0,0],"gold":401,"neow_bonus":"","is_daily":false,"chose_seed":false,"campfire_upgraded":3,"win_rate":0.0,"timestamp":1609224308,"path_taken":["M","?","M","M","?","E","R","E","T","R","E","R","E","?","R","BOSS","M","?","?","?","?","$","R","E","T","M","?","R","M","E","R","BOSS","M","?","?","?","M","E"],"items_purchased_type":["Card"],"build_version":"2020-12-22","purchased_purges":2,"victory":false,"max_hp_per_floor":[70,80,80,80,80,80,80,80,80,80,80,80,80,80,80,80,80,80,80,80,80,80,80,80,80,80,80,80,80,80,80,80,80,80,80,80,80,80,80,80,80],"card_choices":[{"not_picked":["Terror","Leg Sweep"],"picked":"Flying Knee","floor":1},{"not_picked":["ReplayTheSpireMod:Exploit Weakness","Hidden Blade"],"picked":"Dagger Spray","floor":3},{"not_picked":["AT_WindFlip","Deadly Poison"],"picked":"Skewer","floor":4},{"not_picked":["Sucker Punch","Flying Knee"],"picked":"Hidden Blade","floor":5},{"not_picked":["ReplayTheSpireMod:Shiv Toss","Dagger Spray"],"picked":"Poisoned Stab","floor":6},{"not_picked":["Replay:Poison Smokescreen","Deflect"],"picked":"Footwork","floor":8},{"not_picked":["Deflect","AT_ThistleTea"],"picked":"Blur","floor":11},{"not_picked":["Catalyst","Deflect"],"picked":"Draining Mist","floor":13},{"not_picked":["Malaise","REME_SpectralBlade"],"picked":"AT_EssenceShift","floor":16},{"not_picked":["Quick Slash","Dodge and Roll"],"picked":"Bane","floor":18},{"not_picked":["Calculated Gamble","Bullet Time"],"picked":"Terror","floor":25},{"not_picked":["Calculated Gamble","Deflect"],"picked":"PiercingWail","floor":27},{"not_picked":["Dagger Spray","Prepared","Dodge and Roll"],"picked":"SKIP","floor":28},{"not_picked":["Choke","Predator","PiercingWail"],"picked":"SKIP","floor":30},{"not_picked":["Underhanded Strike","Finisher","Bouncing Flask"],"picked":"SKIP","floor":31},{"not_picked":["AT_EssenceShift","Unload"],"picked":"REME_ShadowForm","floor":33},{"not_picked":["Acrobatics+1","Deflect"],"picked":"Concentrate+1","floor":35},{"not_picked":["The Bomb","REME_PuzzleBox"],"picked":"Good Instincts","floor":36},{"not_picked":["Masterful Stab","AT_WindFlip+1","AT_WindRun"],"picked":"SKIP","floor":38},{"not_picked":["Sucker Punch","Dodge and Roll","Cloak And Dagger"],"picked":"SKIP","floor":39}],"player_experience":147111,"relics_obtained":[{"floor":1,"key":"AddBug"},{"floor":6,"key":"Blood Vial"},{"floor":8,"key":"Happy Flower"},{"floor":11,"key":"ReplayTheSpireMod:Lightbulb"},{"floor":13,"key":"Toy Ornithopter"},{"floor":15,"key":"LastBattle"},{"floor":18,"key":"SecretRecord"},{"floor":19,"key":"ReplayTheSpireMod:Ring of Exchange"},{"floor":25,"key":"War Paint"},{"floor":26,"key":"Dream Catcher"},{"floor":31,"key":"SecretRecord"},{"floor":31,"key":"ReplayTheSpireMod:TigerMarble"},{"floor":35,"key":"SecretRecord"},{"floor":37,"key":"Dead Branch"}],"event_choices":[{"cards_removed":["AT_Dispersion"],"damage_healed":7,"gold_gain":0,"player_choice":"Offered Rare","damage_taken":0,"max_hp_gain":10,"max_hp_loss":0,"event_name":"Bonfire Elementals","floor":2,"gold_loss":0},{"damage_healed":0,"gold_gain":0,"player_choice":"Grow","damage_taken":0,"max_hp_gain":0,"max_hp_loss":0,"event_name":"Living Wall","floor":14,"gold_loss":0,"cards_upgraded":["Draining Mist"]},{"damage_healed":0,"gold_gain":0,"player_choice":"Ignored","damage_taken":0,"max_hp_gain":0,"max_hp_loss":0,"event_name":"Vampires","floor":20,"gold_loss":0},{"damage_healed":0,"gold_gain":0,"player_choice":"Forge","damage_taken":0,"max_hp_gain":0,"max_hp_loss":0,"event_name":"Accursed Blacksmith","floor":22,"gold_loss":0,"cards_upgraded":["AT_EssenceShift"]},{"damage_healed":0,"gold_gain":0,"player_choice":"Memory 1","damage_taken":0,"max_hp_gain":0,"max_hp_loss":0,"event_name":"SensoryStone","floor":36,"gold_loss":0},{"damage_healed":0,"gold_gain":0,"player_choice":"Fight","damage_taken":0,"max_hp_gain":0,"max_hp_loss":0,"event_name":"Mysterious Sphere","floor":37,"gold_loss":0}],"is_beta":false,"boss_relics":[{"not_picked":["Runic Pyramid","Snecko Scales"],"picked":"EasyGame_NEW"},{"not_picked":["Honey Jar","Replay:Drink Me"],"picked":"HoveringKite"}],"items_purged_floors":[0,23],"is_endless":false,"potions_floor_spawned":[5,6,11,13,18,27,35,38],"killed_by":"Reptomancer","ascension_level":1}}