{"host":"6p0attdrtjqaih7v","time":1609217668,"event":{"mods":["2.2 Compatiblity","AchievementEnabler","Bard","BaseMod","Better Skull","Better Third Choice","Colored Powertips","Hermit","Highlight Path","Jorbs\u0027s Wanderer Trilogy","Key Reminder","Minty Spire (QoL Compilation)","Permanent Neow","Quick Restart","Random Character Button","Relic Stats","Replay The Spire","StSLib","The Construct"],"gold_per_floor":[110,302,302,319,339,366,18,37,64,94,106,138,170,192,204,294,306,337,349,5,22,40,40,40],"floor_reached":23,"playtime":1346,"items_purged":["Pain","Strike_G"],"score":390,"play_id":"9bfb823e-1485-429a-93ee-82bd56994f6a","local_time":"20201228235428","is_ascension_mode":true,"campfire_choices":[{"data":"Footwork","floor":11,"key":"SMITH"},{"floor":15,"key":"REST"}],"circlet_count":0,"master_deck":["AscendersBane","Strike_G","Strike_G","Strike_G","Strike_G","Defend_G","Defend_G","Defend_G","Defend_G","Defend_G","Survivor","Neutralize","Adrenaline","Dagger Spray","Skewer","Venomology","Footwork+1","ReplayTheSpireMod:Speed Training","Backflip","Blade Dance","Dagger Spray","ReplayTheSpireMod:From All Sides","Skewer","Ghostly","Ghostly","Ghostly","Footwork"],"relics":["Ring of the Snake","WarpedTongs","Toy Ornithopter","OrangePellets","Vajra","MawBank","Busted Crown","Bag of Preparation"],"acts_visited":["Exordium","TheCity"],"potions_floor_usage":[6,6,8,8,10,10,13,14,16,16,18,21,22,22,23,23,23],"damage_taken":[{"damage":0,"enemies":"2 Louse","floor":1,"turns":3},{"damage":3,"enemies":"Small Slimes","floor":4,"turns":3},{"damage":1,"enemies":"Cultist","floor":5,"turns":3},{"damage":22,"enemies":"Lagavulin","floor":6,"turns":8},{"damage":2,"enemies":"Gremlin Gang","floor":8,"turns":7},{"damage":14,"enemies":"Gremlin Nob","floor":10,"turns":4},{"damage":1,"enemies":"2 Fungi Beasts","floor":12,"turns":4},{"damage":0,"enemies":"Exordium Thugs","floor":13,"turns":4},{"damage":3,"enemies":"Blue Slaver","floor":14,"turns":3},{"damage":21,"enemies":"Slime Boss","floor":16,"turns":9},{"damage":0,"enemies":"3 Byrds","floor":18,"turns":2},{"damage":3,"enemies":"2 Thieves","floor":21,"turns":3},{"damage":1,"enemies":"Centurion and Healer","floor":22,"turns":7},{"damage":40,"enemies":"Book of Stabbing","floor":23,"turns":6}],"seed_played":"2594619010392849011","potions_obtained":[{"floor":1,"key":"Swift Potion"},{"floor":5,"key":"Elixir"},{"floor":8,"key":"AttackPotion"},{"floor":12,"key":"DistilledChaos"},{"floor":16,"key":"Milkshake"},{"floor":18,"key":"Adrenaline Potion"}],"is_trial":false,"path_per_floor":["M","?","?","M","M","E","$","M","T","E","R","M","M","M","R","B",null,"M","?","$","M","M","E"],"character_chosen":"THE_SILENT","items_purchased":["SkillPotion","OrangePellets","SteroidPotion","Footwork","Bag of Preparation"],"campfire_rested":1,"item_purchase_floors":[7,7,7,20,20],"current_hp_per_floor":[59,40,40,37,36,14,14,22,22,18,18,17,22,24,42,31,53,58,30,30,27,29,0,0],"gold":40,"neow_bonus":"THREE_RARE_CARDS","is_daily":false,"chose_seed":false,"campfire_upgraded":1,"win_rate":0.0,"timestamp":1609217668,"path_taken":["M","?","?","M","M","E","$","M","T","E","R","?","M","?","R","BOSS","M","?","?","M","M","E"],"items_purchased_type":["Potion","Relic","Potion","Card","Relic"],"build_version":"2020-12-22","purchased_purges":2,"victory":false,"max_hp_per_floor":[60,60,60,60,60,60,60,60,60,60,60,60,60,60,60,60,60,60,30,30,30,30,30,30],"relic_stats":{"OrangePellets":[4],"Busted Crown":6,"counters":[14,66],"Bag of Preparation":[6],"MawBank":120,"obtain_stats":[{"OrangePellets":7,"Busted Crown":17,"Vajra":9,"Bag of Preparation":20,"MawBank":10,"Toy Ornithopter":6,"Ring of the Snake":0,"WarpedTongs":3},{"OrangePellets":4,"Busted Crown":10,"Vajra":5,"Bag of Preparation":11,"MawBank":6,"Toy Ornithopter":4,"Ring of the Snake":0,"WarpedTongs":1},{"OrangePellets":17,"Busted Crown":48,"Vajra":24,"Bag of Preparation":50,"MawBank":28,"Toy Ornithopter":17,"Ring of the Snake":0,"WarpedTongs":3}],"Toy Ornithopter":54,"Ring of the Snake":[28],"WarpedTongs":[63]},"card_choices":[{"not_picked":["Burst","Phantasmal Killer"],"picked":"Adrenaline","floor":0},{"not_picked":["Prepared","Expertise"],"picked":"Dagger Spray","floor":1},{"not_picked":["Dodge and Roll","Bane"],"picked":"Skewer","floor":2},{"not_picked":["Distraction","Outmaneuver","Replay:Poison Smokescreen"],"picked":"SKIP","floor":4},{"not_picked":["Sneak Up","Flechettes"],"picked":"Venomology","floor":5},{"not_picked":["Bouncing Flask","Quick Slash"],"picked":"Footwork","floor":6},{"not_picked":["Sneak Up","All Out Attack"],"picked":"ReplayTheSpireMod:Speed Training","floor":8},{"not_picked":["Deflect","Cloak And Dagger"],"picked":"Backflip","floor":10},{"not_picked":["Heel Hook","Deflect","ReplayTheSpireMod:Scrap Shanks"],"picked":"SKIP","floor":12},{"not_picked":["Doppelganger","Underhanded Strike"],"picked":"Blade Dance","floor":13},{"not_picked":["Deflect","Dodge and Roll"],"picked":"Dagger Spray","floor":14},{"not_picked":["Phantasmal Killer","Bullet Time"],"picked":"ReplayTheSpireMod:From All Sides","floor":16},{"not_picked":[],"picked":"Skewer","floor":18},{"not_picked":["Eviscerate"],"picked":"SKIP","floor":21},{"not_picked":["Heel Hook"],"picked":"SKIP","floor":22}],"player_experience":917738,"relics_obtained":[{"floor":6,"key":"Toy Ornithopter"},{"floor":9,"key":"Vajra"},{"floor":10,"key":"MawBank"}],"event_choices":[{"damage_healed":0,"gold_gain":0,"player_choice":"Rummage","damage_taken":0,"relics_obtained":["WarpedTongs"],"max_hp_gain":0,"max_hp_loss":0,"event_name":"Accursed Blacksmith","floor":3,"gold_loss":0,"cards_obtained":["Pain"]},{"damage_healed":0,"gold_gain":0,"player_choice":"Became a Ghost","damage_taken":0,"max_hp_gain":0,"max_hp_loss":30,"event_name":"Ghosts","floor":19,"gold_loss":0,"cards_obtained":["Ghostly","Ghostly","Ghostly"]}],"is_beta":false,"boss_relics":[{"not_picked":["Painkiller Herb","Snecko Eye"],"picked":"Busted Crown"}],"items_purged_floors":[7,20],"is_endless":false,"potions_floor_spawned":[1,5,8,12,13,16,18,21],"killed_by":"Book of Stabbing","ascension_level":18}}