{"host":"k61zkrqx5zdi0yzo","time":1609220102,"event":{"mods":["AchievementEnabler","BaseMod","Colored Map","Highlight Path","Minty Spire (QoL Compilation)","Permanent Neow","Quick Restart","Rare Cards Sparkle","StSLib","SuperFastMode"],"gold_per_floor":[119,119,119,119,119,119,136,136,162,174,199,232,247,22,22,123,123,141,156,172,122,122,122,9,27,27,27,27,27,38,58,58,161,161,178,178,188,18,38,38,55,55,81,116,116,133,133,133,133,133],"floor_reached":51,"playtime":2602,"items_purged":["Strike_G","Defend_G"],"score":750,"play_id":"217e2327-31c5-4767-9c79-fd988c36203d","local_time":"20201229143502","is_ascension_mode":false,"campfire_choices":[{"data":"Neutralize","floor":6,"key":"SMITH"},{"data":"Poisoned Stab","floor":8,"key":"SMITH"},{"data":"Noxious Fumes","floor":15,"key":"SMITH"},{"data":"Phantasmal Killer","floor":23,"key":"SMITH"},{"data":"Terror","floor":29,"key":"SMITH"},{"data":"Bane","floor":32,"key":"SMITH"},{"floor":40,"key":"REST"},{"floor":45,"key":"REST"},{"data":"Adrenaline","floor":49,"key":"SMITH"}],"circlet_count":0,"master_deck":["Strike_G","Strike_G","Strike_G","Strike_G","Defend_G","Defend_G+1","Defend_G+1","Survivor","Neutralize+1","Poisoned Stab+1","Poisoned Stab+1","Bouncing Flask","Bane+1","Backflip","Backstab","Noxious Fumes+1","Phantasmal Killer+1","Backflip+1","Terror+1","Backstab","Bane","Adrenaline+1","Prepared+1","Secret Weapon","Doubt"],"relics":["Ring of the Snake","Juzu Bracelet","Bag of Marbles","Odd Mushroom","Ice Cream","Membership Card","SacredBark","TwistedFunnel","Pantograph","SlaversCollar","Bottled Lightning","Boot","Happy Flower","Strawberry"],"acts_visited":["Exordium","TheCity","TheBeyond"],"potions_floor_usage":[12,16,20,33,39,39,44,44,50],"damage_taken":[{"damage":4,"enemies":"Small Slimes","floor":1,"turns":4},{"damage":0,"enemies":"Cultist","floor":7,"turns":3},{"damage":0,"enemies":"2 Louse","floor":10,"turns":3},{"damage":0,"enemies":"The Mushroom Lair","floor":11,"turns":4},{"damage":8,"enemies":"3 Sentries","floor":12,"turns":4},{"damage":0,"enemies":"2 Fungi Beasts","floor":13,"turns":3},{"damage":0,"enemies":"Hexaghost","floor":16,"turns":7},{"damage":7,"enemies":"Spheric Guardian","floor":18,"turns":4},{"damage":22,"enemies":"2 Thieves","floor":19,"turns":5},{"damage":21,"enemies":"3 Cultists","floor":20,"turns":7},{"damage":7,"enemies":"Centurion and Healer","floor":25,"turns":6},{"damage":8,"enemies":"Snake Plant","floor":30,"turns":3},{"damage":2,"enemies":"Chosen and Byrds","floor":31,"turns":4},{"damage":67,"enemies":"Automaton","floor":33,"turns":9},{"damage":5,"enemies":"Orb Walker","floor":35,"turns":2},{"damage":53,"enemies":"3 Darklings","floor":37,"turns":10},{"damage":0,"enemies":"Maw","floor":39,"turns":5},{"damage":27,"enemies":"4 Shapes","floor":41,"turns":4},{"damage":0,"enemies":"Reptomancer","floor":44,"turns":4},{"damage":25,"enemies":"Writhing Mass","floor":46,"turns":4},{"damage":51,"enemies":"Donu and Deca","floor":50,"turns":8}],"seed_played":"-9002622245705576491","potions_obtained":[{"floor":10,"key":"PowerPotion"},{"floor":12,"key":"Regen Potion"},{"floor":13,"key":"EssenceOfSteel"},{"floor":18,"key":"Regen Potion"},{"floor":33,"key":"LiquidBronze"},{"floor":36,"key":"Fire Potion"},{"floor":36,"key":"Block Potion"},{"floor":36,"key":"SteroidPotion"},{"floor":41,"key":"SpeedPotion"},{"floor":46,"key":"Swift Potion"}],"is_trial":false,"path_per_floor":["M","?","?","?","?","R","M","R","T","M","?","E","M","$","R","B",null,"M","M","M","?","?","R","$","M","T","?","?","R","M","M","R","B",null,"M","?","M","$","M","R","M","?","T","E","R","M","?","T","R","B",null],"character_chosen":"THE_SILENT","items_purchased":["Noxious Fumes","Membership Card","TwistedFunnel","Bottled Lightning"],"campfire_rested":2,"item_purchase_floors":[14,14,24,38],"current_hp_per_floor":[66,66,52,52,57,57,57,57,57,57,57,49,49,49,49,49,75,68,46,59,59,59,59,59,52,52,52,52,52,44,42,42,45,75,70,70,17,17,17,39,12,12,12,12,34,9,75,82,82,31],"gold":133,"neow_bonus":"RANDOM_COMMON_RELIC","is_daily":false,"chose_seed":false,"campfire_upgraded":7,"win_rate":0.0,"timestamp":1609220102,"path_taken":["M","?","?","?","?","R","M","R","T","M","?","E","M","$","R","BOSS","M","M","M","?","?","R","$","M","T","?","?","R","M","M","R","BOSS","M","?","M","$","M","R","M","?","T","E","R","M","?","?","R","BOSS"],"items_purchased_type":["Card","Relic","Relic","Relic"],"build_version":"2020-12-22","purchased_purges":2,"victory":true,"max_hp_per_floor":[70,70,70,70,75,75,75,75,75,75,75,75,75,75,75,75,75,75,75,75,75,75,75,75,75,75,75,75,75,75,75,75,75,75,75,75,75,75,75,75,75,75,75,75,75,75,75,82,82,82],"card_choices":[{"not_picked":["Acrobatics","Catalyst"],"picked":"Poisoned Stab","floor":1},{"not_picked":["Prepared","Acrobatics"],"picked":"Poisoned Stab","floor":7},{"not_picked":["PiercingWail","Blade Dance"],"picked":"Bouncing Flask","floor":10},{"not_picked":["Underhanded Strike","Acrobatics"],"picked":"Bane","floor":11},{"not_picked":["Infinite Blades","Heel Hook"],"picked":"Backflip","floor":12},{"not_picked":["Bullet Time","Poisoned Stab"],"picked":"Backstab","floor":13},{"not_picked":["Wraith Form v2","Glass Knife"],"picked":"Phantasmal Killer","floor":16},{"not_picked":["Blade Dance","Reflex","Slice"],"picked":"SKIP","floor":18},{"not_picked":["Dagger Spray","Blur+1"],"picked":"Backflip+1","floor":19},{"not_picked":["Underhanded Strike","Unload","Backflip"],"picked":"SKIP","floor":20},{"not_picked":["Endless Agony","Deadly Poison","Dash"],"picked":"SKIP","floor":25},{"not_picked":["Distraction+1","Masterful Stab","Escape Plan"],"picked":"SKIP","floor":30},{"not_picked":["Dash+1","Endless Agony+1"],"picked":"Bane","floor":31},{"not_picked":["Corpse Explosion","Venomology"],"picked":"Adrenaline","floor":33},{"not_picked":["Flying Knee","Bouncing Flask"],"picked":"Prepared+1","floor":35},{"not_picked":["Terror","Slice","Eviscerate+1"],"picked":"SKIP","floor":37},{"not_picked":["Poisoned Stab+1","All Out Attack+1","Crippling Poison"],"picked":"SKIP","floor":39},{"not_picked":["Skewer","Well Laid Plans+1","Tactician"],"picked":"SKIP","floor":41},{"not_picked":["Trip","Mind Blast"],"picked":"Secret Weapon","floor":42},{"not_picked":["Outmaneuver","Acrobatics","Terror"],"picked":"SKIP","floor":44},{"not_picked":["Dodge and Roll","Distraction","Slice+1"],"picked":"SKIP","floor":46}],"player_experience":4264,"relics_obtained":[{"floor":9,"key":"Bag of Marbles"},{"floor":11,"key":"Odd Mushroom"},{"floor":12,"key":"Ice Cream"},{"floor":26,"key":"Pantograph"},{"floor":43,"key":"Boot"},{"floor":44,"key":"Happy Flower"},{"floor":48,"key":"Strawberry"}],"event_choices":[{"damage_healed":0,"gold_gain":0,"player_choice":"Forge","damage_taken":0,"max_hp_gain":0,"max_hp_loss":0,"event_name":"Accursed Blacksmith","floor":2,"gold_loss":0,"cards_upgraded":["Poisoned Stab"]},{"damage_healed":0,"gold_gain":0,"player_choice":"Entered Light","damage_taken":14,"max_hp_gain":0,"max_hp_loss":0,"event_name":"Shining Light","floor":3,"gold_loss":0,"cards_upgraded":["Defend_G","Defend_G"]},{"cards_removed":["Defend_G"],"damage_healed":0,"gold_gain":0,"player_choice":"Forget","damage_taken":0,"max_hp_gain":0,"max_hp_loss":0,"event_name":"Living Wall","floor":4,"gold_loss":0},{"damage_healed":0,"gold_gain":0,"player_choice":"Donut","damage_taken":0,"max_hp_gain":5,"max_hp_loss":0,"event_name":"Big Fish","floor":5,"gold_loss":0},{"damage_healed":0,"gold_gain":0,"player_choice":"Fought Mushrooms","damage_taken":0,"max_hp_gain":0,"max_hp_loss":0,"event_name":"Mushrooms","floor":11,"gold_loss":0},{"damage_healed":0,"gold_gain":0,"player_choice":"Bet on Owner","damage_taken":0,"max_hp_gain":0,"max_hp_loss":0,"event_name":"The Joust","floor":21,"gold_loss":50},{"damage_healed":0,"gold_gain":0,"player_choice":"Read","damage_taken":0,"max_hp_gain":0,"max_hp_loss":0,"event_name":"The Library","floor":22,"gold_loss":0,"cards_obtained":["Terror"]},{"damage_healed":0,"gold_gain":0,"player_choice":"Copied","damage_taken":0,"max_hp_gain":0,"max_hp_loss":0,"event_name":"Duplicator","floor":27,"gold_loss":0,"cards_obtained":["Backstab"]},{"damage_healed":0,"gold_gain":0,"player_choice":"Ignored","damage_taken":0,"max_hp_gain":0,"max_hp_loss":0,"event_name":"Ghosts","floor":28,"gold_loss":0},{"damage_healed":0,"gold_gain":0,"player_choice":"Got Potions","damage_taken":0,"max_hp_gain":0,"max_hp_loss":0,"event_name":"Lab","floor":36,"gold_loss":0},{"damage_healed":0,"gold_gain":0,"player_choice":"Memory 1","damage_taken":0,"max_hp_gain":0,"max_hp_loss":0,"event_name":"SensoryStone","floor":42,"gold_loss":0},{"damage_healed":66,"gold_gain":0,"player_choice":"Heal","damage_taken":0,"max_hp_gain":0,"max_hp_loss":0,"event_name":"MindBloom","floor":47,"gold_loss":0,"cards_obtained":["Doubt"]}],"is_beta":false,"boss_relics":[{"not_picked":["HoveringKite","Ectoplasm"],"picked":"SacredBark"},{"not_picked":["Ring of the Serpent","Astrolabe"],"picked":"SlaversCollar"}],"items_purged_floors":[24,38],"is_endless":false,"potions_floor_spawned":[10,12,13,18,33,41,46],"ascension_level":0}}