{"host":"zm2copjc1o2b6hjv","time":1609279653,"event":{"mods":["AchievementEnabler","BaseMod","BetterRewards","Conspire","Downfall","Friendly Minions","Infinite Spire","Minty Spire (QoL Compilation)","Replay The Spire","StSLib"],"gold_per_floor":[117,117,127,147,163,163,193,193,193,193,193,222,268,285,295,315,315,420,420,434,449,475,225,225,259,259,273,297,297,229,229,254,270,270,375,375,387,404,404],"floor_reached":38,"playtime":1523,"items_purged":["Bash"],"score":570,"play_id":"8ff7d42a-8637-4c40-a8bc-54c1e1372a98","local_time":"20201229170733","is_ascension_mode":true,"campfire_choices":[{"floor":6,"key":"REST"},{"data":"Searing Blow","floor":10,"key":"SMITH"},{"data":"Heavy Blade","floor":17,"key":"SMITH"},{"data":"GremboGang","floor":26,"key":"SMITH"},{"data":"Perfected Strike","floor":29,"key":"SMITH"},{"data":"ReplayReversal","floor":31,"key":"SMITH"},{"data":"Searing Blow+1","floor":34,"key":"SMITH"}],"circlet_count":0,"master_deck":["Strike_R","Strike_R","Strike_R","Strike_R","Strike_R","Defend_R","Defend_R","conspire:Charge","Spot Weakness","Good Instincts","Searing Blow+2","conspire:Purge","Spot Weakness","conspire:HitWhereItHurts","Heavy Blade+1","Double Tap","Perfected Strike+1","Armaments+1","Heavy Blade+1","GremboGang+1","Run Through+1","ReplayReversal+1","Seeing Red+1"],"relics":["Burning Blood","Lantern","Shuriken","Onion Ring","Thread and Needle","Replay:Towering Pillar of Hats","Chameleon Ring","Pet Ghost","Ooze Armor","Red Mask","conspire:SpecialSausage","Gambling Chip","MealTicket","Replay:Mystery Machine","Boot","Electric Blood"],"acts_visited":["Exordium","TheCity","TheBeyond"],"potions_floor_usage":[7,14,15,16,18,35],"damage_taken":[{"damage":7,"enemies":"Jaw Worm","floor":1,"turns":2},{"damage":0,"enemies":"Cultist","floor":3,"turns":2},{"damage":6,"enemies":"Small Slimes","floor":4,"turns":2},{"damage":8,"enemies":"Blue Slaver","floor":5,"turns":3},{"damage":5,"enemies":"Gremlin Nob","floor":7,"turns":3},{"damage":17,"enemies":"Lagavulin","floor":12,"turns":4},{"damage":0,"enemies":"2 Fungi Beasts","floor":14,"turns":2},{"damage":0,"enemies":"Large Slime","floor":15,"turns":2},{"damage":12,"enemies":"Lots of Slimes","floor":16,"turns":3},{"damage":9,"enemies":"Fading Forest","floor":18,"turns":11},{"damage":13,"enemies":"2 Thieves","floor":20,"turns":4},{"damage":0,"enemies":"Shell Parasite","floor":21,"turns":2},{"damage":11,"enemies":"Masked Bandits","floor":22,"turns":4},{"damage":25,"enemies":"Book of Stabbing","floor":25,"turns":4},{"damage":0,"enemies":"Shelled Parasite and Fungi","floor":27,"turns":3},{"damage":7,"enemies":"3 Cultists","floor":33,"turns":4},{"damage":0,"enemies":"Automaton","floor":35,"turns":5},{"damage":7,"enemies":"Orb Walker","floor":37,"turns":1},{"damage":11,"enemies":"3 Shapes","floor":38,"turns":3}],"seed_played":"2317872736561046291","potions_obtained":[{"floor":4,"key":"Energy Potion"},{"floor":5,"key":"Explosive Potion"},{"floor":7,"key":"sneckomod:MuddlingPotion"},{"floor":12,"key":"champ:CounterPotion"},{"floor":14,"key":"Fire Potion"},{"floor":22,"key":"sneckomod:MuddlingPotion"},{"floor":25,"key":"SkillPotion"},{"floor":35,"key":"PowerPotion"}],"is_trial":false,"path_per_floor":["M","?","M","M","M","R","E","PTL","PTL","R","T","E","T","M","M","M","R","B",null,"M","M","?","?","AVR","E","R","M","T","R","$","R","T","M","R","B",null,"M","M"],"character_chosen":"IRONCLAD","items_purchased":["Lantern","conspire:Charge","Shuriken","Onion Ring","Spot Weakness","Good Instincts","ReplayReversal"],"campfire_rested":1,"item_purchase_floors":[0,0,0,0,0,0,30],"current_hp_per_floor":[43,43,49,49,47,71,72,72,72,72,72,61,61,67,73,67,67,64,76,69,75,70,70,70,51,51,57,57,57,72,72,72,71,71,77,79,78,73,73],"gold":404,"neow_bonus":"","is_daily":false,"chose_seed":false,"campfire_upgraded":6,"win_rate":0.0,"timestamp":1609279653,"path_taken":["M","?","?","M","?","R","E","PTL","PTL","R","T","E","?","?","M","M","R","BOSS","M","M","?","?","AVR","E","R","M","T","R","$","R","?","M","R","BOSS","M","M"],"items_purchased_type":["Relic","Card","Relic","Relic","Card","Card","Card"],"build_version":"2020-12-22","purchased_purges":1,"victory":false,"max_hp_per_floor":[80,80,80,80,80,80,80,80,80,80,80,80,80,80,80,80,80,80,80,80,80,80,80,80,80,80,80,80,80,80,80,80,80,80,80,80,80,80,80],"card_choices":[{"not_picked":["Heavy Blade","Sword Boomerang","Warcry"],"picked":"SKIP","floor":1},{"not_picked":["Clothesline","Sword Boomerang"],"picked":"Searing Blow","floor":3},{"not_picked":["Twin Strike","Clash"],"picked":"conspire:Purge","floor":4},{"not_picked":["Perfected Strike","Armaments"],"picked":"Spot Weakness","floor":5},{"not_picked":["Disarm","Iron Wave","Headbutt"],"picked":"SKIP","floor":7},{"not_picked":["Bloodletting","Iron Wave","ReplayTheSpireMod:Strike From Hell"],"picked":"SKIP","floor":12},{"not_picked":["Armaments","Run Through"],"picked":"conspire:HitWhereItHurts","floor":14},{"not_picked":["Pummel","Clash","Rage"],"picked":"SKIP","floor":15},{"not_picked":["conspire:Charge","Second Wind"],"picked":"Heavy Blade","floor":16},{"not_picked":["Corruption","Feed"],"picked":"Double Tap","floor":18},{"not_picked":["Battle Trance","Uppercut"],"picked":"Perfected Strike","floor":20},{"not_picked":["ReplayTheSpireMod:Strike From Hell+1","Combust+1"],"picked":"Armaments+1","floor":21},{"not_picked":["Wild Strike+1","Anger"],"picked":"Heavy Blade+1","floor":22},{"not_picked":["Sword Boomerang","conspire:Purge","Clash"],"picked":"SKIP","floor":25},{"not_picked":["Second Wind","Havoc"],"picked":"Run Through+1","floor":27},{"not_picked":["Clothesline","Heavy Blade","Searing Blow"],"picked":"SKIP","floor":33},{"not_picked":["Clothesline","Twin Strike"],"picked":"Seeing Red+1","floor":37},{"not_picked":["Blood for Blood","Headbutt","Iron Wave"],"picked":"SKIP","floor":38}],"player_experience":225256,"relics_obtained":[{"floor":7,"key":"Thread and Needle"},{"floor":11,"key":"Replay:Towering Pillar of Hats"},{"floor":12,"key":"Chameleon Ring"},{"floor":13,"key":"Pet Ghost"},{"floor":22,"key":"Red Mask"},{"floor":25,"key":"MealTicket"},{"floor":28,"key":"Replay:Mystery Machine"},{"floor":32,"key":"Boot"}],"event_choices":[{"damage_healed":0,"gold_gain":0,"player_choice":"0 cards matched","damage_taken":0,"max_hp_gain":0,"max_hp_loss":0,"event_name":"Match and Keep!","floor":2,"gold_loss":0,"cards_obtained":[]},{"damage_healed":0,"gold_gain":0,"player_choice":"Fought Bandits","damage_taken":0,"max_hp_gain":0,"max_hp_loss":0,"event_name":"Masked Bandits","floor":22,"gold_loss":0}],"is_beta":false,"boss_relics":[{"not_picked":["Coffee Dripper","conspire:RoyalGoblet"],"picked":"Ooze Armor"},{"not_picked":["Black Blood","Pandora\u0027s Box"],"picked":"Electric Blood"}],"items_purged_floors":[24],"is_endless":false,"potions_floor_spawned":[4,5,7,12,14,22,25,35],"killed_by":"3 Shapes","ascension_level":5}}