{"host":"5qewjvycy34u7aeo","time":1609278891,"event":{"mods":["Act Like it!","Aspiration","BaseMod","Conspire","Downfall","GifTheSpireLib","Hubris","Infinite Spire","Minty Spire (QoL Compilation)","Permanent Neow","Replay The Spire","Shop Mod","StSLib","Stuff the Spire"],"gold_per_floor":[99,109,126,144,176,276,276,276,291,216,236,283,105,105,121,121,121,121],"floor_reached":16,"playtime":788,"items_purged":["StuffTheSpire:Incursion"],"score":92,"play_id":"9db44649-9d48-4d29-931a-b9c80364c50e","local_time":"20201229135451","is_ascension_mode":false,"campfire_choices":[{"data":"hexamod:Defend","floor":1,"key":"PURGE"},{"floor":10,"key":"RECALL"}],"circlet_count":0,"master_deck":["hexamod:Strike","hexamod:Strike","hexamod:Defend","hexamod:Defend","hexamod:Float","hexamod:NightmareStrike","hexamod:Hexaguard","hexamod:NightmareStrike","Sneak Up","hexamod:RecurringNightmare","Flash of Steel","hexamod:Hexaguard"],"relics":["hexamod:SpiritBrand","Tiny Chest","downfall:HeartBlessingBlue","Juzu Bracelet"],"acts_visited":["Exordium"],"potions_floor_usage":[5,9],"damage_taken":[{"damage":0,"enemies":"2 Louse","floor":2,"turns":3},{"damage":4,"enemies":"Small Slimes","floor":3,"turns":3},{"damage":0,"enemies":"Jaw Worm","floor":4,"turns":3},{"damage":3,"enemies":"conspire:MimicChest","floor":5,"turns":4},{"damage":0,"enemies":"2 Fungi Beasts","floor":9,"turns":3},{"damage":4,"enemies":"Exordium Thugs","floor":11,"turns":3},{"damage":0,"enemies":"downfall:FleeingMerchant","floor":13,"turns":4},{"damage":0,"enemies":"Blue Slaver","floor":15,"turns":3},{"damage":69,"enemies":"downfall:Defect","floor":16,"turns":10}],"seed_played":"-1862574677019565359","potions_obtained":[{"floor":3,"key":"Elixir"},{"floor":4,"key":"Toxic Potion"},{"floor":5,"key":"SteroidPotion"}],"is_trial":false,"path_per_floor":["R","M","M","M","?","?","T","?","M","R","M","T","$","?","M","B"],"character_chosen":"THE_SPIRIT","items_purchased":["Flash of Steel"],"campfire_rested":0,"item_purchase_floors":[13],"current_hp_per_floor":[70,70,66,66,63,63,63,63,63,73,69,69,69,69,69,0,0,0],"gold":121,"neow_bonus":"REMOVE_CARD","is_daily":false,"chose_seed":false,"campfire_upgraded":0,"win_rate":0.0,"timestamp":1609278891,"path_taken":["R","M","M","M","?","?","T","?","?","R","M","?","$","?","M","BOSS"],"items_purchased_type":["Card"],"build_version":"2020-12-22","purchased_purges":1,"victory":false,"max_hp_per_floor":[70,70,70,70,70,70,70,70,70,80,80,80,80,80,80,80,80,80],"card_choices":[{"not_picked":["hexamod:SpectersWail","hexamod:InspiringFlames"],"picked":"hexamod:NightmareStrike","floor":2},{"not_picked":["hexamod:FirstSeal","hexamod:RainOfEmbers"],"picked":"hexamod:Hexaguard","floor":3},{"not_picked":["hexamod:TimeOfNeed","hexamod:NightmareGuise"],"picked":"hexamod:NightmareStrike","floor":4},{"not_picked":["hexamod:TurnItUp","hexamod:BurningTouch","hexamod:FastForward"],"picked":"SKIP","floor":9},{"not_picked":["hexamod:Rewind","hexamod:Again","hexamod:Haunt"],"picked":"SKIP","floor":11},{"not_picked":["hexamod:InspiringFlames","hexamod:Firestarter"],"picked":"hexamod:RecurringNightmare","floor":13},{"not_picked":["hexamod:NecessarySacrifice","hexamod:ShieldOfDarkness"],"picked":"hexamod:Hexaguard","floor":15}],"player_experience":406884,"relics_obtained":[{"floor":5,"key":"Tiny Chest"},{"floor":12,"key":"Juzu Bracelet"}],"event_choices":[{"cards_removed":["Strike_G"],"damage_healed":0,"gold_gain":0,"player_choice":"Purged","damage_taken":0,"max_hp_gain":0,"max_hp_loss":0,"event_name":"Purifier","floor":14,"gold_loss":0}],"is_beta":false,"boss_relics":[],"items_purged_floors":[13],"is_endless":false,"potions_floor_spawned":[3,4,5],"killed_by":"downfall:Defect","ascension_level":0}}