{"host":"g7trc0x2teqyd8ye","time":1609252613,"event":{"mods":["BaseMod","Key Reminder","Minty Spire (QoL Compilation)","Relic Stats"],"gold_per_floor":[109,123,137,137,149,149,176,176,200,200,214,98,126,144,144,218,218,235,235,235,285,302,302,318,318,343,376,376,376],"floor_reached":28,"playtime":3747,"items_purged":["Strike_R"],"score":471,"play_id":"29521150-4f02-4947-b151-bbd079dc5f94","local_time":"20201229153653","is_ascension_mode":true,"campfire_choices":[{"floor":6,"key":"REST"},{"data":"Warcry","floor":8,"key":"SMITH"},{"data":"Havoc","floor":15,"key":"SMITH"},{"floor":23,"key":"REST"},{"floor":25,"key":"REST"}],"circlet_count":0,"master_deck":["AscendersBane","Strike_R+1","Strike_R+1","Defend_R","Defend_R","Defend_R","Defend_R","Bash","Warcry+1","Warcry","Seeing Red","Pommel Strike","Dropkick","Seeing Red","Flame Barrier","Metallicize","Infernal Blade","Havoc+1","Barricade","Flex+1","Ghostly","Ghostly","Ghostly","Pommel Strike+1","Flex","Dual Wield"],"relics":["Burning Blood","Charon\u0027s Ashes","PreservedInsect","keyreminder:keyreminder","Lantern","Whetstone","SlaversCollar","Oddly Smooth Stone","Bird Faced Urn"],"acts_visited":["Exordium","TheCity"],"potions_floor_usage":[7,16,16,28],"damage_taken":[{"damage":0,"enemies":"Small Slimes","floor":1,"turns":4},{"damage":17,"enemies":"Cultist","floor":2,"turns":5},{"damage":7,"enemies":"2 Louse","floor":3,"turns":2},{"damage":8,"enemies":"2 Fungi Beasts","floor":5,"turns":4},{"damage":8,"enemies":"3 Sentries","floor":7,"turns":7},{"damage":9,"enemies":"3 Louse","floor":11,"turns":3},{"damage":3,"enemies":"Gremlin Nob","floor":13,"turns":2},{"damage":10,"enemies":"Exordium Wildlife","floor":14,"turns":3},{"damage":26,"enemies":"The Guardian","floor":16,"turns":12},{"damage":39,"enemies":"Spheric Guardian","floor":18,"turns":8},{"damage":17,"enemies":"Shell Parasite","floor":22,"turns":11},{"damage":20,"enemies":"Snecko","floor":24,"turns":7},{"damage":7,"enemies":"Slavers","floor":27,"turns":4},{"damage":36,"enemies":"Snake Plant","floor":28,"turns":2}],"seed_played":"-5596042835550273887","potions_obtained":[{"floor":3,"key":"HeartOfIron"},{"floor":5,"key":"SpeedPotion"},{"floor":7,"key":"Fire Potion"},{"floor":13,"key":"Fire Potion"},{"floor":27,"key":"SteroidPotion"}],"is_trial":false,"path_per_floor":["M","M","M","?","M","R","E","R","T","?","M","$","E","M","R","B",null,"M","?","?","?","M","R","M","R","T","E","M"],"character_chosen":"IRONCLAD","items_purchased":["Metallicize"],"campfire_rested":3,"item_purchase_floors":[12],"current_hp_per_floor":[56,45,44,44,42,64,62,62,62,62,59,59,62,58,58,38,66,33,33,33,33,22,33,19,30,30,29,0,0],"gold":376,"neow_bonus":"ONE_RARE_RELIC","is_daily":false,"chose_seed":false,"campfire_upgraded":2,"win_rate":0.0,"timestamp":1609252613,"path_taken":["M","M","M","?","?","R","E","R","T","?","M","?","E","M","R","BOSS","M","?","?","?","?","R","M","R","T","E","M"],"items_purchased_type":["Card"],"build_version":"2020-12-22","purchased_purges":1,"victory":false,"max_hp_per_floor":[75,75,75,75,75,75,75,75,75,75,75,75,75,75,75,75,75,75,75,37,37,37,37,37,37,37,37,37,37],"relic_stats":{"counters":[14,74],"Bird Faced Urn":[0],"Charon\u0027s Ashes":[276],"PreservedInsect":64,"Whetstone":["Strike_R","Strike_R"],"obtain_stats":[{"keyreminder:keyreminder":7,"SlaversCollar":17,"Lantern":9,"Bird Faced Urn":27,"Oddly Smooth Stone":26,"Charon\u0027s Ashes":0,"PreservedInsect":7,"Whetstone":13,"Burning Blood":0},{"keyreminder:keyreminder":5,"SlaversCollar":9,"Lantern":5,"Bird Faced Urn":13,"Oddly Smooth Stone":12,"Charon\u0027s Ashes":0,"PreservedInsect":5,"Whetstone":7,"Burning Blood":0},{"keyreminder:keyreminder":22,"SlaversCollar":42,"Lantern":22,"Bird Faced Urn":72,"Oddly Smooth Stone":68,"Charon\u0027s Ashes":0,"PreservedInsect":22,"Whetstone":27,"Burning Blood":0}],"Burning Blood":78},"card_choices":[{"not_picked":["Perfected Strike","Twin Strike"],"picked":"Warcry","floor":1},{"not_picked":["Clothesline","Anger"],"picked":"Warcry","floor":2},{"not_picked":["Pommel Strike","Sever Soul"],"picked":"Seeing Red","floor":3},{"not_picked":["Anger","Flex"],"picked":"Pommel Strike","floor":5},{"not_picked":["Limit Break","True Grit"],"picked":"Dropkick","floor":7},{"not_picked":["Anger","Iron Wave"],"picked":"Flame Barrier","floor":11},{"not_picked":["Headbutt","Sever Soul"],"picked":"Infernal Blade","floor":13},{"not_picked":["Armaments","Clothesline"],"picked":"Havoc","floor":14},{"not_picked":["Berserk","Reaper"],"picked":"Barricade","floor":16},{"not_picked":["Blood for Blood","Havoc"],"picked":"Flex+1","floor":18},{"not_picked":["Flame Barrier+1","Evolve"],"picked":"Pommel Strike+1","floor":22},{"not_picked":["Body Slam","Anger"],"picked":"Flex","floor":24},{"not_picked":["Anger","Havoc"],"picked":"Dual Wield","floor":27}],"player_experience":809323,"relics_obtained":[{"floor":7,"key":"PreservedInsect"},{"floor":9,"key":"Lantern"},{"floor":13,"key":"Whetstone"},{"floor":26,"key":"Oddly Smooth Stone"},{"floor":27,"key":"Bird Faced Urn"}],"event_choices":[{"cards_removed":["Strike_R"],"damage_healed":0,"gold_gain":0,"player_choice":"Offered Basic","damage_taken":0,"max_hp_gain":0,"max_hp_loss":0,"event_name":"Bonfire Elementals","floor":4,"gold_loss":0},{"damage_healed":0,"gold_gain":0,"cards_transformed":["Strike_R"],"player_choice":"Transformed","damage_taken":0,"max_hp_gain":0,"max_hp_loss":0,"event_name":"Transmorgrifier","floor":10,"gold_loss":0,"cards_obtained":["Seeing Red"]},{"damage_healed":0,"gold_gain":0,"player_choice":"Ignored","damage_taken":0,"max_hp_gain":0,"max_hp_loss":0,"event_name":"Vampires","floor":19,"gold_loss":0},{"damage_healed":0,"gold_gain":0,"player_choice":"Became a Ghost","damage_taken":0,"max_hp_gain":0,"max_hp_loss":38,"event_name":"Ghosts","floor":20,"gold_loss":0,"cards_obtained":["Ghostly","Ghostly","Ghostly"]},{"damage_healed":0,"gold_gain":50,"player_choice":"Stole From Cult","damage_taken":0,"max_hp_gain":0,"max_hp_loss":0,"event_name":"Nest","floor":21,"gold_loss":0}],"is_beta":false,"boss_relics":[{"not_picked":["Busted Crown","Velvet Choker"],"picked":"SlaversCollar"}],"items_purged_floors":[12],"is_endless":false,"potions_floor_spawned":[3,5,7,13,14,27],"killed_by":"Snake Plant","ascension_level":18}}