{"host":"u0pt4wuoyrjgzhh2","time":1609258235,"event":{"mods":["ATMod(°¢èªMod)","AchievementEnabler","Act Like it!","Aspiration","BaseMod","Better Note","Better Vampires","BetterRewards","Block Reminder","Challenge The Spire","Colored Map","Colored Powertips","Conspire","Dota2Spire","Downfall","Gensokyo","Highlight Path","Hubris","Minty Spire (QoL Compilation)","Permanent Neow","Quick Restart","Relic Stats","Replay The Spire","RumiaBox-Â¶Ã×æ«µÄÉñÃØºÐ×Ó","Shop Mod","Spicy Shops","StSLib","SuperFastMode","TestMod","The Jungle","Wandering Minibosses","vexMod","¡¾ÒÅÎï¿¨ÅÆ¡¿REMEMod"],"gold_per_floor":[111,125,125,125,125,152,152,177,201,212,212,212,19,30,30,130,130,289,289,302,178,190,190,190],"floor_reached":23,"playtime":1072,"items_purged":["Strike_R"],"score":294,"play_id":"bb79441c-7fec-4b0a-a862-ae4415c77cd6","local_time":"20201230001035","is_ascension_mode":true,"campfire_choices":[{"data":"REME_TheLastStrike","floor":7.0,"key":"SMITH"}],"circlet_count":0,"master_deck":["Strike_R","Defend_R","Defend_R","Defend_R","Bash","AT_FamilyPortrait","REME_TheLastStrike+1","Pain","Clumsy","Offering","Feed","Barricade","Intimidate+1","True Grit"],"relics":["Burning Blood","testmod-TestBox","REME_ComplimentaryCards","AT_ATBox","testmod-AscensionHeart","Gensokyo:LunaticRedEyes","Gensokyo:NagashiBinaDoll","WingedGreaves","aspiration:ArtOfWarUpgrade","Gensokyo:Justice","testmod-Charity","testmod-Prudence","Frozen Eye"],"acts_visited":["Gensokyo:Gensokyo","Gensokyo:Gensokyoer"],"potions_floor_usage":[],"damage_taken":[{"damage":14.0,"enemies":"Gensokyo:2_Kodama","floor":1.0,"turns":5.0},{"damage":5.0,"enemies":"Gensokyo:3_Fairies","floor":2.0,"turns":3.0},{"damage":56.0,"enemies":"Gensokyo:Cirno","floor":6.0,"turns":9.0},{"damage":19.0,"enemies":"Gensokyo:Aya","floor":8.0,"turns":5.0},{"damage":8.0,"enemies":"Gensokyo:Gryphon","floor":10.0,"turns":1.0},{"damage":3.0,"enemies":"Gensokyo:LivingMonolith","floor":14.0,"turns":2.0},{"damage":27.0,"enemies":"Gensokyo:Yukari","floor":16.0,"turns":9.0},{"damage":4.0,"enemies":"Gensokyo:3_Dogs","floor":18.0,"turns":3.0},{"damage":29.0,"enemies":"Gensokyo:Chomper","floor":20.0,"turns":4.0},{"damage":36.0,"enemies":"Gensokyo:3_Gloops","floor":22.0,"turns":6.0},{"damage":51,"enemies":"Gensokyo:Koishi","floor":23,"turns":4}],"seed_played":"5556866375521730626","potions_obtained":[{"floor":2.0,"key":"Energy Potion"},{"floor":14.0,"key":"champ:CounterPotion"},{"floor":18.0,"key":"Milkshake"}],"is_trial":false,"path_per_floor":["M","M","?","?","?","E","R","E","T","M","?","R","COS","M","R","B",null,"M","?","M","$","M","E"],"character_chosen":"IRONCLAD","items_purchased":["True Grit"],"campfire_rested":0,"item_purchase_floors":[21],"current_hp_per_floor":[76,77,77,85,85,35,35,22,22,23,23,23,23,30,30,15,80,87,87,68,68,39,0,0],"gold":190,"neow_bonus":"","is_daily":false,"chose_seed":false,"campfire_upgraded":1,"win_rate":0.0,"timestamp":1609258235,"path_taken":["M","M","?","?","?","E","R","E","T","?","?","R","COS","?","R","BOSS","M","?","M","$","M","E"],"items_purchased_type":["Card"],"build_version":"2020-12-22","purchased_purges":1,"victory":false,"max_hp_per_floor":[80,80,80,88,88,88,88,88,88,91,91,91,91,95,95,101,101,106,106,110,110,111,111,111],"relic_stats":{"counters":[13,57],"obtain_stats":[{"MerchantsRug":1,"testmod-TestBox":0,"AT_ATBox":0,"DaveBox":0,"PreservedInsect":0,"Gensokyo:NagashiBinaDoll":5,"Gensokyo:Justice":11,"Sling":0,"Burning Blood":0,"Gensokyo:LunaticRedEyes":3,"testmod-AscensionHeart":0,"testmod-Charity":13,"Replay:Rubber Ducky":3,"Frozen Eye":23,"testmod-Prudence":17,"testmod-AssaultLearning":3,"aspiration:ArtOfWarUpgrade":15,"WingedGreaves":8,"Black Star":0,"Art of War":9,"Champion Belt":6,"REME_ComplimentaryCards":0,"SumBook":1},{"MerchantsRug":0,"testmod-TestBox":0,"AT_ATBox":0,"DaveBox":0,"PreservedInsect":0,"Gensokyo:NagashiBinaDoll":4,"Gensokyo:Justice":7,"Sling":0,"Burning Blood":0,"Gensokyo:LunaticRedEyes":4,"testmod-AscensionHeart":0,"testmod-Charity":7,"Replay:Rubber Ducky":1,"Frozen Eye":12,"testmod-Prudence":9,"testmod-AssaultLearning":1,"aspiration:ArtOfWarUpgrade":8,"WingedGreaves":6,"Black Star":0,"Art of War":6,"Champion Belt":5,"REME_ComplimentaryCards":0,"SumBook":0},{"MerchantsRug":0,"testmod-TestBox":0,"AT_ATBox":0,"DaveBox":0,"PreservedInsect":0,"Gensokyo:NagashiBinaDoll":14,"Gensokyo:Justice":29,"Sling":0,"Burning Blood":0,"Gensokyo:LunaticRedEyes":14,"testmod-AscensionHeart":0,"testmod-Charity":29,"Replay:Rubber Ducky":4,"Frozen Eye":53,"testmod-Prudence":40,"testmod-AssaultLearning":4,"aspiration:ArtOfWarUpgrade":31,"WingedGreaves":28,"Black Star":0,"Art of War":28,"Champion Belt":23,"REME_ComplimentaryCards":0,"SumBook":0}],"Burning Blood":66},"card_choices":[{"not_picked":["Clash","Twin Strike"],"picked":"Warcry","floor":1.0},{"not_picked":["Flex","hubris:ReadiedAction","Clothesline"],"picked":"SKIP","floor":2.0},{"not_picked":["Immolate","Corruption"],"picked":"Offering","floor":6.0},{"not_picked":["Corruption","Hemogenesis"],"picked":"Feed","floor":8.0},{"not_picked":["Warcry","Clash","Flex"],"picked":"SKIP","floor":10.0},{"not_picked":["Flame Barrier","Warcry","hubris:ReadiedAction"],"picked":"SKIP","floor":14.0},{"not_picked":["Brutality","Exhume"],"picked":"Barricade","floor":16.0},{"not_picked":["Warcry","Searing Blow+1"],"picked":"Intimidate+1","floor":18.0},{"not_picked":["conspire:ExplosiveBarrier","Twin Strike+1","REME_Cut"],"picked":"SKIP","floor":20.0},{"not_picked":["Armaments","Dual Wield","Thunderclap+1"],"picked":"SKIP","floor":22.0}],"player_experience":143410,"relics_obtained":[{"floor":6.0,"key":"Champion Belt"},{"floor":8.0,"key":"WingedGreaves"},{"floor":9.0,"key":"Art of War"}],"event_choices":[],"is_beta":false,"boss_relics":[{"not_picked":["AddBug","Kintsugi"],"picked":"testmod-Prudence"}],"items_purged_floors":[21],"is_endless":false,"potions_floor_spawned":[2,14,18],"killed_by":"Gensokyo:Koishi","ascension_level":5}}