{"host":"2se5dq1do2gp0x9k","time":1609211340,"event":{"mods":["AchievementEnabler","BaseMod","Block Reminder","Colored Map","Colored Powertips","Minty Spire (QoL Compilation)","Relic Stats","StSLib","SuperFastMode"],"gold_per_floor":[119,119,129,142,38,38,66,94,94,94,119,183,199,231,231,305,305,315,331,60,60,60,60],"floor_reached":22,"playtime":797,"items_purged":["Strike_R","Strike_R"],"score":404,"play_id":"80ebd9fa-d4c9-4fd3-bcbe-9ff62cb03f42","local_time":"20201228190900","is_ascension_mode":true,"campfire_choices":[{"data":"Demon Form","floor":6.0,"key":"SMITH"},{"floor":10.0,"key":"REST"},{"floor":15,"key":"REST"}],"circlet_count":0,"master_deck":["AscendersBane","Strike_R","Strike_R","Defend_R","Defend_R","Defend_R","Defend_R","Bash","Demon Form+1","Heavy Blade","Cleave","Metallicize","Twin Strike","Battle Trance","Double Tap","Anger","Rage","Feed","Dark Embrace+1","True Grit","Shrug It Off","Metallicize","Pommel Strike","RitualDagger"],"relics":["Burning Blood","Odd Mushroom","Thread and Needle","Tiny Chest","Centennial Puzzle","Velvet Choker"],"acts_visited":["Exordium","TheCity"],"potions_floor_usage":[16,22],"damage_taken":[{"damage":14.0,"enemies":"Small Slimes","floor":1.0,"turns":5.0},{"damage":15.0,"enemies":"2 Louse","floor":3.0,"turns":3.0},{"damage":12.0,"enemies":"Jaw Worm","floor":4.0,"turns":3.0},{"damage":18.0,"enemies":"The Mushroom Lair","floor":7.0,"turns":3.0},{"damage":31.0,"enemies":"3 Sentries","floor":8.0,"turns":6.0},{"damage":15,"enemies":"Lagavulin","floor":11,"turns":6},{"damage":0,"enemies":"2 Fungi Beasts","floor":13,"turns":4},{"damage":24,"enemies":"Gremlin Nob","floor":14,"turns":4},{"damage":34,"enemies":"Slime Boss","floor":16,"turns":6},{"damage":38,"enemies":"3 Byrds","floor":18,"turns":5},{"damage":19,"enemies":"Chosen","floor":19,"turns":5},{"damage":28,"enemies":"Snake Plant","floor":22,"turns":5}],"seed_played":"-7795268891352928900","potions_obtained":[{"floor":3.0,"key":"SneckoOil"},{"floor":8.0,"key":"Dexterity Potion"},{"floor":13,"key":"LiquidBronze"},{"floor":14,"key":"Fruit Juice"},{"floor":16,"key":"PowerPotion"}],"is_trial":false,"path_per_floor":["M","?","M","M","$","R","?","E","T","R","E","?","M","E","R","B",null,"M","M","$","?","M"],"character_chosen":"IRONCLAD","items_purchased":["Twin Strike","Shrug It Off","Metallicize","Pommel Strike"],"campfire_rested":2,"item_purchase_floors":[5,20,20,20],"current_hp_per_floor":[60,65,56,50,50,50,38,13,13,37,28,28,34,16,40,17,68,39,29,29,23,0,0],"gold":60,"neow_bonus":"TRANSFORM_CARD","is_daily":false,"chose_seed":false,"campfire_upgraded":1,"win_rate":0.0,"timestamp":1609211340,"path_taken":["M","?","M","M","$","R","?","E","T","R","E","?","M","E","R","BOSS","M","M","$","?","M"],"items_purchased_type":["Card","Card","Card","Card"],"build_version":"2020-12-22","purchased_purges":2,"victory":false,"max_hp_per_floor":[75,80,80,80,80,80,80,80,80,80,80,80,80,80,80,85,85,88,91,91,91,91,91],"relic_stats":{"Centennial Puzzle":[12],"counters":[12,55],"Tiny Chest":0,"obtain_stats":[{"Centennial Puzzle":14,"Velvet Choker":17,"Thread and Needle":8,"Tiny Chest":11,"Odd Mushroom":7,"Burning Blood":0},{"Centennial Puzzle":8,"Velvet Choker":9,"Thread and Needle":5,"Tiny Chest":6,"Odd Mushroom":4,"Burning Blood":0},{"Centennial Puzzle":34,"Velvet Choker":40,"Thread and Needle":20,"Tiny Chest":26,"Odd Mushroom":14,"Burning Blood":0}],"Burning Blood":66},"card_choices":[{"not_picked":["Iron Wave","Feel No Pain"],"picked":"Heavy Blade","floor":1.0},{"not_picked":["True Grit","Sever Soul"],"picked":"Cleave","floor":3.0},{"not_picked":["Combust","Sever Soul"],"picked":"Metallicize","floor":4.0},{"not_picked":["Headbutt","Anger"],"picked":"Battle Trance","floor":7.0},{"not_picked":["Feel No Pain","Flex"],"picked":"Double Tap","floor":8.0},{"not_picked":["Juggernaut","Reckless Charge","Uppercut"],"picked":"SKIP","floor":11},{"not_picked":["Havoc","Armaments"],"picked":"Anger","floor":13},{"not_picked":["True Grit","Burning Pact"],"picked":"Rage","floor":14},{"not_picked":["Immolate","Exhume"],"picked":"Feed","floor":16},{"not_picked":["Clothesline+1","Infernal Blade"],"picked":"Dark Embrace+1","floor":18},{"not_picked":["Flex","Searing Blow"],"picked":"True Grit","floor":19}],"player_experience":3643669,"relics_obtained":[{"floor":7.0,"key":"Odd Mushroom"},{"floor":8.0,"key":"Thread and Needle"},{"floor":11,"key":"Tiny Chest"},{"floor":14,"key":"Centennial Puzzle"}],"event_choices":[{"damage_healed":0.0,"max_hp_gain":5.0,"max_hp_loss":0.0,"gold_gain":0.0,"event_name":"Big Fish","player_choice":"Donut","floor":2.0,"gold_loss":0.0,"damage_taken":0.0},{"damage_healed":0.0,"max_hp_gain":0.0,"max_hp_loss":0.0,"gold_gain":0.0,"event_name":"Mushrooms","player_choice":"Fought Mushrooms","floor":7.0,"gold_loss":0.0,"damage_taken":0.0},{"damage_healed":0,"gold_gain":64,"player_choice":"Gained Gold","damage_taken":0,"max_hp_gain":0,"max_hp_loss":0,"event_name":"Golden Wing","floor":12,"gold_loss":0},{"damage_healed":0,"gold_gain":0,"player_choice":"Joined the Cult","damage_taken":6,"max_hp_gain":0,"max_hp_loss":0,"event_name":"Nest","floor":21,"gold_loss":0,"cards_obtained":["RitualDagger"]}],"is_beta":false,"boss_relics":[{"not_picked":["Coffee Dripper","Philosopher\u0027s Stone"],"picked":"Velvet Choker"}],"items_purged_floors":[5,20],"is_endless":false,"potions_floor_spawned":[3,8,13,14,16,19],"killed_by":"Snake Plant","ascension_level":20}}