{"host":"Qube","time":1609269490,"event":{"mods":["AchievementEnabler","BaseMod","Colored Powertips","Minty Spire (QoL Compilation)","Quick Restart","Random Character Button"],"gold_per_floor":[109,122,136,151,151,181,181,192,268,268,268],"floor_reached":10,"playtime":328,"items_purged":[],"score":137,"play_id":"1799f373-9e05-4e88-9157-daf8c951ed15","local_time":"20201229111810","is_ascension_mode":true,"campfire_choices":[{"floor":7.0,"key":"REST"}],"circlet_count":0,"master_deck":["AscendersBane","Strike_B","Strike_B","Strike_B","Defend_B","Defend_B","Defend_B","Defend_B","Zap","Dualcast","Redo","Gash","Sweeping Beam","Rebound","Leap","Sunder"],"relics":["Cracked Core","Regal Pillow","Symbiotic Virus"],"acts_visited":["Exordium"],"potions_floor_usage":[],"damage_taken":[{"damage":1.0,"enemies":"Cultist","floor":1.0,"turns":3.0},{"damage":0.0,"enemies":"2 Louse","floor":2.0,"turns":2.0},{"damage":10.0,"enemies":"Small Slimes","floor":3.0,"turns":4.0},{"damage":7.0,"enemies":"Looter","floor":4.0,"turns":3.0},{"damage":20.0,"enemies":"Lagavulin","floor":6.0,"turns":8.0},{"damage":9.0,"enemies":"Large Slime","floor":8.0,"turns":4.0},{"damage":11,"enemies":"Gremlin Nob","floor":10,"turns":3}],"seed_played":"-7023801835259079761","potions_obtained":[{"floor":1.0,"key":"Dexterity Potion"},{"floor":3.0,"key":"Block Potion"},{"floor":4.0,"key":"SpeedPotion"}],"is_trial":false,"path_per_floor":["M","M","M","M","?","E","R","M","T","E"],"character_chosen":"DEFECT","items_purchased":[],"campfire_rested":1,"item_purchase_floors":[],"current_hp_per_floor":[59,59,49,42,35,15,55,46,46,35,35],"gold":268,"neow_bonus":"TWENTY_PERCENT_HP_BONUS","is_daily":false,"chose_seed":false,"campfire_upgraded":0,"win_rate":0.0,"timestamp":1609269490,"path_taken":["M","M","?","M","?","E","R","M","T","E"],"items_purchased_type":[],"build_version":"2020-12-18","purchased_purges":0,"victory":false,"max_hp_per_floor":[85,85,85,85,85,85,85,85,85,85,85],"card_choices":[{"not_picked":["Defragment","Skim"],"picked":"Redo","floor":1.0},{"not_picked":["Coolheaded","White Noise"],"picked":"Gash","floor":2.0},{"not_picked":["Lockon","Coolheaded"],"picked":"Sweeping Beam","floor":3.0},{"not_picked":["Redo","Meteor Strike"],"picked":"Rebound","floor":4.0},{"not_picked":["Compile Driver","Fission"],"picked":"Leap","floor":6.0},{"not_picked":["Fusion","Sweeping Beam"],"picked":"Sunder","floor":8.0}],"player_experience":726837,"relics_obtained":[{"floor":6.0,"key":"Regal Pillow"},{"floor":9.0,"key":"Symbiotic Virus"}],"event_choices":[{"cards_removed":["Strike_B"],"damage_healed":0.0,"max_hp_gain":0.0,"max_hp_loss":0.0,"gold_gain":0.0,"event_name":"Golden Wing","player_choice":"Card Removal","floor":5.0,"gold_loss":0.0,"damage_taken":7.0}],"is_beta":true,"boss_relics":[],"items_purged_floors":[],"is_endless":false,"potions_floor_spawned":[1,3,4],"killed_by":"Gremlin Nob","ascension_level":19}}