{"host":"msmkw03x1o7nq45i","time":1609256443,"event":{"mods":["BaseMod","Bestiary","Colored Powertips","GifTheSpireLib","Highlight Path","Minty Spire (QoL Compilation)","Random Character Button","StSLib","everything is the same but u backflip on backflip"],"gold_per_floor":[17,31,51,65,76,76,86,118,170,170,170,189,189,208,208,305,305,321,321,338,67,78,78,108,108,132,132,132,162,89,114,126,237,249,272,284,2,12,12,46,60,74,74,106,106,138,149,161,161,161],"floor_reached":51,"playtime":3570,"items_purged":[],"score":1121,"play_id":"180b861f-af2a-40b3-8677-477c188f9ad6","local_time":"20201229174043","is_ascension_mode":true,"campfire_choices":[{"data":"Melter","floor":6,"key":"SMITH"},{"data":"Reinforced Body","floor":10,"key":"SMITH"},{"floor":13,"key":"REST"},{"data":"Go for the Eyes","floor":15,"key":"SMITH"},{"data":"Biased Cognition","floor":23,"key":"SMITH"},{"floor":25,"key":"REST"},{"data":"Chaos","floor":27,"key":"SMITH"},{"floor":32,"key":"REST"},{"data":"Loop","floor":45,"key":"SMITH"},{"data":"Seek","floor":49,"key":"SMITH"}],"circlet_count":0,"master_deck":["Strike_B+1","Strike_B+1","Strike_B+1","Defend_B+1","Defend_B+1","Defend_B+1","Zap","Dualcast","Genetic Algorithm","Reinforced Body+1","Cold Snap","Melter+1","Cold Snap+1","Electrodynamics","Ball Lightning","Go for the Eyes+1","Biased Cognition+1","CurseOfTheBell","Chaos+1","Stack+1","Doom and Gloom+1","Glacier","Coolheaded","Multi-Cast","Hologram+1","Steam Power+1","Loop+1","Chill+1","Seek+1"],"relics":["Cracked Core","Ice Cream","PreservedInsect","Calling Bell","Potion Belt","Letter Opener","Girya","Lantern","Runic Capacitor","Gremlin Horn","Centennial Puzzle","MawBank","Singing Bowl","Nuclear Battery","Orichalcum","Strange Spoon","Mummified Hand","Pen Nib","Anchor","Happy Flower"],"acts_visited":["Exordium","TheCity","TheBeyond"],"potions_floor_usage":[7,8,8,22,24,29,36,38,44,44,50,50,50,50],"damage_taken":[{"damage":0,"enemies":"Small Slimes","floor":1,"turns":3},{"damage":8,"enemies":"2 Louse","floor":2,"turns":3},{"damage":3,"enemies":"Jaw Worm","floor":3,"turns":3},{"damage":33,"enemies":"Exordium Thugs","floor":4,"turns":5},{"damage":3,"enemies":"Lots of Slimes","floor":5,"turns":6},{"damage":2,"enemies":"Gremlin Gang","floor":7,"turns":4},{"damage":11,"enemies":"Gremlin Nob","floor":8,"turns":4},{"damage":2,"enemies":"Exordium Thugs","floor":12,"turns":3},{"damage":10,"enemies":"Large Slime","floor":14,"turns":4},{"damage":13,"enemies":"The Guardian","floor":16,"turns":13},{"damage":0,"enemies":"Spheric Guardian","floor":18,"turns":2},{"damage":19,"enemies":"2 Thieves","floor":20,"turns":2},{"damage":18,"enemies":"Centurion and Healer","floor":22,"turns":3},{"damage":18,"enemies":"Gremlin Leader","floor":24,"turns":5},{"damage":7,"enemies":"Slavers","floor":29,"turns":3},{"damage":0,"enemies":"Sentry and Sphere","floor":31,"turns":4},{"damage":17,"enemies":"Automaton","floor":33,"turns":14},{"damage":0,"enemies":"Orb Walker","floor":35,"turns":3},{"damage":0,"enemies":"3 Darklings","floor":38,"turns":3},{"damage":1,"enemies":"Reptomancer","floor":40,"turns":4},{"damage":0,"enemies":"Sphere and 2 Shapes","floor":41,"turns":2},{"damage":0,"enemies":"4 Shapes","floor":42,"turns":6},{"damage":40,"enemies":"Giant Head","floor":44,"turns":9},{"damage":0,"enemies":"Reptomancer","floor":46,"turns":4},{"damage":0,"enemies":"3 Darklings","floor":47,"turns":3},{"damage":0,"enemies":"Maw","floor":48,"turns":7},{"damage":38,"enemies":"Donu and Deca","floor":50,"turns":11}],"seed_played":"6083133857769618146","potions_obtained":[{"floor":4,"key":"Regen Potion"},{"floor":5,"key":"Ancient Potion"},{"floor":7,"key":"AttackPotion"},{"floor":12,"key":"Energy Potion"},{"floor":16,"key":"LiquidMemories"},{"floor":20,"key":"Fire Potion"},{"floor":29,"key":"Fruit Juice"},{"floor":35,"key":"Weak Potion"},{"floor":36,"key":"LiquidBronze"},{"floor":36,"key":"DuplicationPotion"},{"floor":36,"key":"Regen Potion"},{"floor":40,"key":"SpeedPotion"},{"floor":46,"key":"Swift Potion"},{"floor":47,"key":"EssenceOfSteel"}],"is_trial":false,"path_per_floor":["M","M","M","M","M","R","M","E","T","R","?","M","R","M","R","B",null,"M","?","M","$","M","R","E","R","T","R","?","E","?","M","R","B",null,"M","?","$","M","$","E","M","M","T","E","R","E","M","M","R","B",null],"character_chosen":"DEFECT","items_purchased":["Runic Capacitor","Chaos","SkillPotion","Orichalcum","Strange Spoon"],"campfire_rested":3,"item_purchase_floors":[21,21,21,37,37],"current_hp_per_floor":[68,60,57,24,21,21,31,20,20,20,5,3,25,15,15,2,57,57,57,38,38,20,20,2,24,24,24,24,17,17,17,39,22,62,62,67,67,67,67,66,68,70,70,45,45,47,47,49,49,11],"gold":161,"neow_bonus":"TRANSFORM_TWO_CARDS","is_daily":false,"chose_seed":false,"campfire_upgraded":7,"win_rate":0.0,"timestamp":1609256443,"path_taken":["M","M","M","M","M","R","M","E","T","R","?","M","R","M","R","BOSS","M","?","M","$","M","R","E","R","T","R","?","E","?","M","R","BOSS","M","?","$","M","?","E","M","?","T","E","R","E","M","M","R","BOSS"],"items_purchased_type":["Relic","Card","Potion","Relic","Relic"],"build_version":"2020-12-22","purchased_purges":0,"victory":true,"max_hp_per_floor":[75,75,75,75,75,75,75,75,75,75,75,75,75,75,75,75,75,75,75,75,75,75,75,75,75,75,75,75,75,75,75,75,75,75,75,80,80,80,80,80,82,84,84,84,84,86,86,88,88,88],"card_choices":[{"not_picked":["Compile Driver","Redo"],"picked":"Cold Snap","floor":1},{"not_picked":["Gash","Stack"],"picked":"Melter","floor":2},{"not_picked":["Barrage","Streamline","Leap"],"picked":"SKIP","floor":3},{"not_picked":["Steam","Turbo"],"picked":"Cold Snap","floor":4},{"not_picked":["Rebound","Chill","Gash"],"picked":"SKIP","floor":5},{"not_picked":["Rebound","Chill","Gash"],"picked":"SKIP","floor":5},{"not_picked":["Conserve Battery","Reinforced Body"],"picked":"Electrodynamics","floor":7},{"not_picked":["Gash","Thunder Strike"],"picked":"Ball Lightning","floor":8},{"not_picked":["Gash","Reprogram","Steam"],"picked":"SKIP","floor":12},{"not_picked":["Turbo","Leap"],"picked":"Go for the Eyes","floor":14},{"not_picked":["Hyperbeam","Amplify"],"picked":"Biased Cognition","floor":16},{"not_picked":["Leap+1","Steam","Ball Lightning"],"picked":"SKIP","floor":18},{"not_picked":["Tempest","Scrape","Hello World"],"picked":"SKIP","floor":20},{"not_picked":["Redo+1","Compile Driver"],"picked":"Stack+1","floor":22},{"not_picked":["Streamline","Blizzard"],"picked":"Doom and Gloom+1","floor":24},{"not_picked":["Chill","Undo"],"picked":"Glacier","floor":29},{"not_picked":["Turbo","Leap"],"picked":"Coolheaded","floor":31},{"not_picked":["Hyperbeam","All For One"],"picked":"Multi-Cast","floor":33},{"not_picked":["Lockon","Ball Lightning"],"picked":"Hologram+1","floor":35},{"not_picked":["Streamline","Turbo"],"picked":"Steam Power+1","floor":38},{"not_picked":["Streamline","Auto Shields+1"],"picked":"Loop","floor":40},{"not_picked":["Rainbow","Hello World","Genetic Algorithm"],"picked":"Singing Bowl","floor":41},{"not_picked":["Conserve Battery","Sweeping Beam","Hello World+1"],"picked":"Singing Bowl","floor":42},{"not_picked":["Undo+1","Go for the Eyes+1"],"picked":"Chill+1","floor":44},{"not_picked":["Stack+1","Beam Cell","Cold Snap+1"],"picked":"Singing Bowl","floor":46},{"not_picked":["Steam+1","Rebound+1"],"picked":"Seek","floor":47},{"not_picked":["Blizzard","Redo+1","Conserve Battery+1"],"picked":"Singing Bowl","floor":48}],"player_experience":324103,"relics_obtained":[{"floor":8,"key":"Ice Cream"},{"floor":9,"key":"PreservedInsect"},{"floor":17,"key":"Potion Belt"},{"floor":17,"key":"Letter Opener"},{"floor":17,"key":"Girya"},{"floor":24,"key":"Gremlin Horn"},{"floor":26,"key":"Centennial Puzzle"},{"floor":29,"key":"MawBank"},{"floor":40,"key":"Mummified Hand"},{"floor":43,"key":"Pen Nib"},{"floor":44,"key":"Anchor"},{"floor":46,"key":"Happy Flower"}],"event_choices":[{"damage_healed":0,"gold_gain":0,"player_choice":"Entered Light","damage_taken":15,"max_hp_gain":0,"max_hp_loss":0,"event_name":"Shining Light","floor":11,"gold_loss":0,"cards_upgraded":["Defend_B","Cold Snap"]},{"damage_healed":0,"gold_gain":0,"player_choice":"Opened","damage_taken":0,"relics_obtained":["Lantern"],"max_hp_gain":0,"max_hp_loss":0,"event_name":"The Mausoleum","floor":19,"gold_loss":0},{"damage_healed":0,"gold_gain":0,"player_choice":"Simplicity","damage_taken":0,"max_hp_gain":0,"max_hp_loss":0,"event_name":"Back to Basics","floor":28,"gold_loss":0,"cards_upgraded":["Strike_B","Strike_B","Strike_B","Defend_B","Defend_B"]},{"damage_healed":0,"gold_gain":0,"player_choice":"Obtained Relic","damage_taken":0,"relics_obtained":["Singing Bowl"],"max_hp_gain":0,"max_hp_loss":0,"event_name":"Addict","floor":30,"gold_loss":85},{"damage_healed":0,"gold_gain":0,"player_choice":"Got Potions","damage_taken":0,"max_hp_gain":0,"max_hp_loss":0,"event_name":"Lab","floor":36,"gold_loss":0}],"is_beta":false,"boss_relics":[{"not_picked":["Astrolabe","Runic Dome"],"picked":"Calling Bell"},{"not_picked":["FrozenCore","Busted Crown"],"picked":"Nuclear Battery"}],"items_purged_floors":[],"is_endless":false,"potions_floor_spawned":[4,5,7,12,16,20,29,35,40,42,46,47],"ascension_level":9}}