{"host":"1hzg86ju9fvxh562","time":1609254893,"event":{"mods":["AchievementEnabler","Act Like it!","AlwaysNeverKeys","BaseMod","Bestiary","Better Altar","Better Match","Better Note","Better Sensory Stone","Better Skull","Better Third Choice","Colored Map","Colored Powertips","Curses Come First","Displayed Cursed Tome","Filter the Spire","Highlight Path","Keyboard Shortcuts","Minty Spire (QoL Compilation)","Rare Cards Sparkle","Relic Sorter","Relic Stats","Spicy Shops","StSLib","everything is the same but u backflip on backflip","slay the spire mod where everything is the same but ironclad has a cowboy hat"],"gold_per_floor":[113,133,133,148,161,161,161],"floor_reached":6,"playtime":438,"items_purged":[],"score":59,"play_id":"5fd8920c-548c-402b-8308-f7545f79410d","local_time":"20201229131453","is_ascension_mode":true,"campfire_choices":[],"circlet_count":0,"master_deck":["AscendersBane","Strike_B","Strike_B","Strike_B","Strike_B","Defend_B","Defend_B","Defend_B","Defend_B","Zap","Dualcast","Genetic Algorithm","Hologram","Cold Snap"],"relics":["Inserter","TungstenRod"],"acts_visited":["Exordium"],"potions_floor_usage":[5,6,6],"damage_taken":[{"damage":1.0,"enemies":"Cultist","floor":1.0,"turns":4.0},{"damage":0.0,"enemies":"2 Louse","floor":2.0,"turns":5.0},{"damage":8.0,"enemies":"Small Slimes","floor":4.0,"turns":3.0},{"damage":18,"enemies":"Exordium Wildlife","floor":5,"turns":5},{"damage":55,"enemies":"Gremlin Nob","floor":6,"turns":5}],"seed_played":"-6280528664466583530","potions_obtained":[{"floor":1.0,"key":"GamblersBrew"},{"floor":4.0,"key":"Energy Potion"},{"floor":5,"key":"Block Potion"}],"is_trial":false,"path_per_floor":["M","M","T","M","M","E"],"character_chosen":"DEFECT","items_purchased":[],"campfire_rested":0,"item_purchase_floors":[],"current_hp_per_floor":[67,67,67,59,41,0,0],"gold":161,"neow_bonus":"BOSS_RELIC","is_daily":false,"chose_seed":false,"campfire_upgraded":0,"win_rate":0.0,"timestamp":1609254893,"path_taken":["M","M","?","?","M","E"],"items_purchased_type":[],"build_version":"2020-12-22","purchased_purges":0,"victory":false,"max_hp_per_floor":[75,75,75,75,75,75,75],"relic_stats":{"Inserter":[11],"counters":[5,22],"obtain_stats":[{"Inserter":0,"Cracked Core":0,"TungstenRod":3},{"Inserter":0,"Cracked Core":0,"TungstenRod":2},{"Inserter":0,"Cracked Core":0,"TungstenRod":9}],"TungstenRod":7},"card_choices":[{"not_picked":["Capacitor","Conserve Battery"],"picked":"Genetic Algorithm","floor":1.0},{"not_picked":["Stack","Steam"],"picked":"Hologram","floor":2.0},{"not_picked":["Hello World","Leap","Force Field"],"picked":"SKIP","floor":4.0},{"not_picked":["Redo","Heatsinks"],"picked":"Cold Snap","floor":5}],"player_experience":401725,"relics_obtained":[{"floor":3.0,"key":"TungstenRod"}],"event_choices":[],"is_beta":false,"boss_relics":[],"items_purged_floors":[],"is_endless":false,"potions_floor_spawned":[1,4,5],"killed_by":"Gremlin Nob","ascension_level":11}}