{"host":"1tl36azeqm6yhdgj","time":1609275471,"event":{"mods":["AchievementEnabler","BaseMod","Minty Spire (QoL Compilation)","StSLib","The IronCluck","everything is the same but u backflip on backflip"],"gold_per_floor":[109,109,119,129,129,163,163,194,194,194,226,501,15,26,26,100,100,112,112,112,122,0,29,40,40,67,67,99,99,17,36,36,36,36],"floor_reached":33,"playtime":1113,"items_purged":["Regret","Writhe"],"score":612,"play_id":"7bd49c62-ceee-4dbb-aeac-07e3f9ea75ed","local_time":"20201229155751","is_ascension_mode":true,"campfire_choices":[{"floor":10.0,"key":"REST"},{"floor":15.0,"key":"REST"},{"floor":29.0,"key":"RECALL"},{"data":"Dropkick","floor":32.0,"key":"SMITH"}],"circlet_count":0,"master_deck":["AscendersBane","Strike_R+1","Defend_R","Defend_R","Defend_R","Defend_R","Bash","Inflame+1","Anger","Rampage","Bludgeon","Shrug It Off+1","Burning Pact+1","Immolate","Uppercut+1","Iron Wave+1","Feed+1","Spot Weakness+1","Dropkick+1","Infernal Blade+1","Decay","Juggernaut","Flame Barrier+1","True Grit+1"],"relics":["Burning Blood","Juzu Bracelet","Singing Bowl","Nunchaku","HornCleat","Toxic Egg 2","The Courier","CaptainsWheel","Art of War","Astrolabe","Meat on the Bone","StrikeDummy","Mango"],"acts_visited":["Exordium","TheCity"],"potions_floor_usage":[],"damage_taken":[{"damage":5.0,"enemies":"2 Louse","floor":1.0,"turns":3.0},{"damage":2.0,"enemies":"Jaw Worm","floor":3.0,"turns":3.0},{"damage":6.0,"enemies":"Cultist","floor":4.0,"turns":3.0},{"damage":25.0,"enemies":"3 Sentries","floor":6.0,"turns":7.0},{"damage":22.0,"enemies":"Gremlin Nob","floor":8.0,"turns":4.0},{"damage":15.0,"enemies":"3 Sentries","floor":11.0,"turns":7.0},{"damage":0.0,"enemies":"Red Slaver","floor":14.0,"turns":3.0},{"damage":23.0,"enemies":"Hexaghost","floor":16.0,"turns":9.0},{"damage":0.0,"enemies":"2 Thieves","floor":18.0,"turns":3.0},{"damage":1.0,"enemies":"3 Byrds","floor":21.0,"turns":5.0},{"damage":17.0,"enemies":"Book of Stabbing","floor":23.0,"turns":4.0},{"damage":26.0,"enemies":"Centurion and Healer","floor":24.0,"turns":6.0},{"damage":16.0,"enemies":"Gremlin Leader","floor":28.0,"turns":5.0},{"damage":0.0,"enemies":"Cultist and Chosen","floor":31.0,"turns":3.0},{"damage":83,"enemies":"Collector","floor":33,"turns":6}],"seed_played":"-1158649985252405667","potions_obtained":[{"floor":6.0,"key":"Weak Potion"},{"floor":8.0,"key":"Fire Potion"},{"floor":16.0,"key":"DistilledChaos"},{"floor":21.0,"key":"FearPotion"},{"floor":24.0,"key":"Swift Potion"}],"is_trial":false,"path_per_floor":["M","?","M","M","?","E","T","E","T","R","E","?","$","M","R","B",null,"M","?","?","M","$","E","M","?","T","?","E","R","$","M","R","B"],"character_chosen":"IRONCLAD","items_purchased":["CaptainsWheel","Art of War","Strength Potion","Energy Potion","DistilledChaos","True Grit+1"],"campfire_rested":2,"item_purchase_floors":[13,13,13,22,30,30],"current_hp_per_floor":[69,62,66,66,43,26,26,10,10,33,24,24,24,30,53,36,67,79,79,79,87,87,76,58,58,58,58,74,74,74,82,82,0,0],"gold":36,"neow_bonus":"RANDOM_COMMON_RELIC","is_daily":false,"chose_seed":false,"campfire_upgraded":1,"win_rate":0.0,"timestamp":1609275471,"path_taken":["M","?","M","M","?","E","?","E","T","R","E","?","?","M","R","BOSS","M","?","?","M","$","E","M","?","T","?","E","R","$","M","R","BOSS"],"items_purchased_type":["Relic","Relic","Potion","Potion","Potion","Card"],"build_version":"2020-12-22","purchased_purges":2,"victory":false,"max_hp_per_floor":[75,75,75,75,75,77,77,77,77,77,77,77,77,77,77,77,77,83,83,83,87,87,87,89,89,89,89,103,103,103,105,105,105,105],"card_choices":[{"not_picked":["Cleave","Shrug It Off"],"picked":"Inflame","floor":1.0},{"not_picked":["Twin Strike","Bloodletting"],"picked":"Anger","floor":3.0},{"not_picked":["Flex","Shrug It Off"],"picked":"Rampage","floor":4.0},{"not_picked":["Anger","Heavy Blade","Entrench"],"picked":"Singing Bowl","floor":6.0},{"not_picked":["True Grit","Cleave"],"picked":"Bludgeon","floor":8.0},{"not_picked":["Clash","Inflame"],"picked":"Shrug It Off+1","floor":11.0},{"not_picked":["Twin Strike","Headbutt"],"picked":"Burning Pact+1","floor":14.0},{"not_picked":["Brutality","Corruption"],"picked":"Immolate","floor":16.0},{"not_picked":["Havoc+1","Headbutt+1","Wild Strike"],"picked":"Singing Bowl","floor":18.0},{"not_picked":["Havoc+1","Battle Trance+1"],"picked":"Dropkick","floor":21.0},{"not_picked":["Warcry+1","Searing Blow"],"picked":"Infernal Blade+1","floor":23.0},{"not_picked":["Havoc+1","Heavy Blade","Shrug It Off+1"],"picked":"Singing Bowl","floor":24.0},{"not_picked":["Warcry+1","Sword Boomerang"],"picked":"Flame Barrier+1","floor":28.0},{"not_picked":["Headbutt","Flex+1","Anger+1"],"picked":"Singing Bowl","floor":31.0}],"player_experience":1993042,"relics_obtained":[{"floor":6.0,"key":"Singing Bowl"},{"floor":7.0,"key":"Nunchaku"},{"floor":8.0,"key":"HornCleat"},{"floor":9.0,"key":"Toxic Egg 2"},{"floor":11.0,"key":"The Courier"},{"floor":23.0,"key":"StrikeDummy"},{"floor":28.0,"key":"Mango"}],"event_choices":[{"cards_removed":["Strike_R"],"damage_healed":0.0,"max_hp_gain":0.0,"max_hp_loss":0.0,"gold_gain":0.0,"event_name":"Golden Wing","player_choice":"Card Removal","floor":2.0,"gold_loss":0.0,"damage_taken":7.0},{"damage_healed":0.0,"max_hp_gain":0.0,"max_hp_loss":0.0,"gold_gain":0.0,"event_name":"Shining Light","player_choice":"Entered Light","floor":5.0,"gold_loss":0.0,"damage_taken":23.0,"cards_upgraded":["Strike_R","Inflame"]},{"damage_healed":0.0,"max_hp_gain":0.0,"max_hp_loss":0.0,"gold_gain":275.0,"event_name":"Golden Shrine","player_choice":"Desecrate","floor":12.0,"gold_loss":0.0,"damage_taken":0.0,"cards_obtained":["Regret"]},{"damage_healed":0.0,"max_hp_gain":0.0,"max_hp_loss":0.0,"gold_gain":0.0,"event_name":"The Library","player_choice":"Read","floor":19.0,"gold_loss":0.0,"damage_taken":0.0,"cards_obtained":["Spot Weakness"]},{"damage_healed":0.0,"max_hp_gain":0.0,"max_hp_loss":0.0,"gold_gain":0.0,"event_name":"The Mausoleum","player_choice":"Opened","floor":20.0,"gold_loss":0.0,"damage_taken":0.0,"relics_obtained":["Meat on the Bone"],"cards_obtained":["Writhe"]},{"damage_healed":0.0,"max_hp_gain":0.0,"max_hp_loss":0.0,"gold_gain":0.0,"event_name":"Forgotten Altar","player_choice":"Smashed Altar","floor":25.0,"gold_loss":0.0,"damage_taken":0.0,"cards_obtained":["Decay"]},{"damage_healed":0.0,"max_hp_gain":0.0,"max_hp_loss":0.0,"gold_gain":0.0,"event_name":"Match and Keep!","player_choice":"1 cards matched","floor":27.0,"gold_loss":0.0,"damage_taken":0.0,"cards_obtained":["Juggernaut"]}],"is_beta":false,"boss_relics":[{"not_picked":["Cursed Key","Ectoplasm"],"picked":"Astrolabe"}],"items_purged_floors":[13,22],"is_endless":false,"potions_floor_spawned":[6,8,16,21,24],"killed_by":"Collector","ascension_level":19}}