{"host":"j3h0p3l2xgzxhnx7","time":1609262590,"event":{"mods":["BaseMod","Luminous","Marisa????????","Minty Spire (QoL Compilation)","Remilia??????","StSLib","The Bug Knight","The Cursed","The Servant 0.9.4"],"gold_per_floor":[116,132,132,151,165,191,191,210,210,285,299,264,38,113,113,211,211,228,228,228,218,15,15,15,30,30,55,55,68,81,0,0,122,122,132,182,182,0,0,0,14,14,88,102,117,117,117,128,128,128,128],"floor_reached":50,"playtime":2992,"items_purged":[],"score":539,"play_id":"1fcb3439-6df5-487a-a133-4c2dc4f11ef6","local_time":"20201230012310","is_ascension_mode":false,"campfire_choices":[{"data":"HollowMod:ChannelNail","floor":7,"key":"SMITH"},{"data":"HollowMod:DesolateDive","floor":15,"key":"SMITH"},{"data":"HollowMod:DashSlash","floor":23,"key":"SMITH"},{"floor":28,"key":"REST"},{"floor":32,"key":"REST"},{"data":"HollowMod:SlysStrikes","floor":40,"key":"SMITH"},{"data":"HollowMod:CloakDash","floor":42,"key":"SMITH"},{"floor":46,"key":"REST"},{"data":"HollowMod:SoulStrike","floor":49,"key":"SMITH"}],"circlet_count":0,"master_deck":["HollowMod:NailStrikeStart","HollowMod:NailStrikeStart+1","HollowMod:NailStrikeStart+1","HollowMod:FocusHealStart","HollowMod:PogoStrike","HollowMod:CloakDash","HollowMod:DashSlash+1","HollowMod:ChannelNail+1","HollowMod:MantisMark","HollowMod:DoubleDash","HollowMod:VoidDash","HollowMod:DreamGate","HollowMod:NewJinnsSoul","HollowMod:DesolateDive+1","HollowMod:CloakDash","HollowMod:HornetsHelp","HollowMod:theNailsmith+1","HollowMod:VengefulVoid+1","HollowMod:VoidDash+1","HollowMod:CloakDash+1","HollowMod:DungDefenderAura+1","HollowMod:SoulStrike+1","HollowMod:FallenFury","HollowMod:SlysStrikes+1","Jack Of All Trades","HollowMod:FastStrike","HollowMod:DreamGate+1","HollowMod:PerfectDash+1","HollowMod:CloakDash+1","HollowMod:Weaversong","CurseOfTheBell","HollowMod:LifebloodCocoon+1","HollowMod:MantisMark+1","Discovery+1","Wraith","HollowMod:MonomonsArchive+1","HollowMod:DashSlash+1","HollowMod:BaldurShell","HollowMod:MonomonsArchive+1"],"relics":["HollowMod:VesselMask","Eternal Feather","HollowMod:MillibellesNoteRelic","Whetstone","Astrolabe","Uniform","HollowMod:LumaflyLanternRelic","Lee\u0027s Waffle","Toxic Egg 2","Shuriken","Calling Bell","Blood Vial","Mummified Hand","TungstenRod","Pocketwatch","Red Mask","Kunai"],"acts_visited":["Exordium","TheCity","TheBeyond"],"potions_floor_usage":[16,25,27,29,36,41,47,50,50],"damage_taken":[{"damage":1,"enemies":"Jaw Worm","floor":1,"turns":3},{"damage":0,"enemies":"Cultist","floor":2,"turns":3},{"damage":0,"enemies":"Small Slimes","floor":4,"turns":2},{"damage":1,"enemies":"Looter","floor":5,"turns":3},{"damage":28,"enemies":"Lagavulin","floor":6,"turns":7},{"damage":0,"enemies":"Exordium Wildlife","floor":8,"turns":2},{"damage":12,"enemies":"Exordium Thugs","floor":11,"turns":5},{"damage":56,"enemies":"The Guardian","floor":16,"turns":12},{"damage":29,"enemies":"Spheric Guardian","floor":18,"turns":6},{"damage":2,"enemies":"2 Thieves","floor":21,"turns":4},{"damage":29,"enemies":"Snecko","floor":25,"turns":6},{"damage":22,"enemies":"Slavers","floor":27,"turns":5},{"damage":25,"enemies":"Centurion and Healer","floor":29,"turns":7},{"damage":29,"enemies":"Snake Plant","floor":30,"turns":6},{"damage":70,"enemies":"Collector","floor":33,"turns":11},{"damage":14,"enemies":"Orb Walker","floor":35,"turns":5},{"damage":19,"enemies":"Mind Bloom Boss Battle","floor":36,"turns":8},{"damage":33,"enemies":"3 Darklings","floor":41,"turns":5},{"damage":28,"enemies":"Writhing Mass","floor":44,"turns":8},{"damage":14,"enemies":"Sphere and 2 Shapes","floor":45,"turns":4},{"damage":0,"enemies":"Jaw Worm Horde","floor":47,"turns":1},{"damage":5,"enemies":"3 Darklings","floor":48,"turns":6},{"damage":97,"enemies":"Donu and Deca","floor":50,"turns":8}],"seed_played":"8206354559527745671","potions_obtained":[{"floor":4,"key":"LiquidMemories"},{"floor":6,"key":"SpeedPotion"},{"floor":18,"key":"FearPotion"},{"floor":21,"key":"Explosive Potion"},{"floor":29,"key":"SmokeBomb"},{"floor":33,"key":"DistilledChaos"},{"floor":35,"key":"Block Potion"},{"floor":36,"key":"FearPotion"},{"floor":48,"key":"Strength Potion"}],"is_trial":false,"path_per_floor":["M","M","?","M","M","E","R","M","T","?","M","?","$","?","R","B",null,"M","?","T","M","$","R","?","M","T","E","R","M","M","?","R","B",null,"M","?","?","?","?","R","M","R","T","M","M","R","M","M","R","B"],"character_chosen":"THE_BUGKNIGHT","items_purchased":["Whetstone","HollowMod:DesolateDive","HollowMod:CloakDash","Lee\u0027s Waffle","HollowMod:SoulStrike"],"campfire_rested":3,"item_purchase_floors":[13,13,13,22,22],"current_hp_per_floor":[74,74,74,74,73,55,61,61,61,50,44,62,62,62,71,15,75,46,46,46,44,82,82,82,53,53,37,76,51,22,22,61,1,82,68,61,61,61,61,82,49,70,70,44,38,82,82,82,82,0,0],"gold":128,"neow_bonus":"TRANSFORM_CARD","is_daily":false,"chose_seed":false,"campfire_upgraded":6,"win_rate":0.0,"timestamp":1609262590,"path_taken":["M","M","?","?","M","E","R","?","T","?","M","?","$","?","R","BOSS","M","?","?","M","$","R","?","M","T","E","R","?","M","?","R","BOSS","M","?","?","?","?","R","M","R","T","M","M","R","M","M","R","BOSS"],"items_purchased_type":["Relic","Card","Card","Relic","Card"],"build_version":"2020-12-22","purchased_purges":0,"victory":false,"max_hp_per_floor":[75,75,75,75,75,75,75,75,75,75,75,75,75,75,75,75,75,75,75,75,75,82,82,82,82,82,82,82,82,82,82,82,82,82,82,82,82,82,82,82,82,82,82,82,82,82,82,82,82,82,82],"card_choices":[{"not_picked":["HollowMod:GreatSlash","HollowMod:NewGlowingWomb"],"picked":"HollowMod:DashSlash","floor":1},{"not_picked":["HollowMod:NewJinnsSoul","HollowMod:HeavyBlow"],"picked":"HollowMod:ChannelNail","floor":2},{"not_picked":["HollowMod:DoubleDash","HollowMod:VengefulVoid"],"picked":"HollowMod:MantisMark","floor":4},{"not_picked":["HollowMod:InfectionAssault","HollowMod:TaintedHusks"],"picked":"HollowMod:DoubleDash","floor":5},{"not_picked":["HollowMod:AbyssShriek","HollowMod:LifebloodCocoon"],"picked":"HollowMod:VoidDash","floor":6},{"not_picked":["HollowMod:TaintedHusks","HollowMod:GoodIntentions"],"picked":"HollowMod:DreamGate","floor":8},{"not_picked":["HollowMod:DoubleDash","HollowMod:CrystalDash"],"picked":"HollowMod:NewJinnsSoul","floor":11},{"not_picked":["HollowMod:MidwifesHunger","HollowMod:ElderbugsWisdom"],"picked":"HollowMod:HornetsHelp","floor":16},{"not_picked":["HollowMod:LifebloodCocoon","HollowMod:WraithStrike"],"picked":"HollowMod:CloakDash","floor":18},{"not_picked":["HollowMod:NewLittleFool+1","HollowMod:DescendingDark"],"picked":"HollowMod:DungDefenderAura+1","floor":21},{"not_picked":["HollowMod:NewGlowingWomb","HollowMod:SiblingsShadow"],"picked":"HollowMod:FastStrike","floor":25},{"not_picked":["HollowMod:AwokenDreamNail","HollowMod:PureNailStrike"],"picked":"HollowMod:DreamGate+1","floor":27},{"not_picked":["HollowMod:NewLittleFool","HollowMod:FallenFury"],"picked":"HollowMod:PerfectDash+1","floor":29},{"not_picked":["HollowMod:SharpenedShadows","HollowMod:CornifersMapStart+1"],"picked":"HollowMod:CloakDash+1","floor":30},{"not_picked":["HollowMod:PureVessel","HollowMod:SlysStrikes"],"picked":"HollowMod:Weaversong","floor":33},{"not_picked":["HollowMod:SoulMaster","HollowMod:BrokenVessel+1"],"picked":"HollowMod:LifebloodCocoon+1","floor":35},{"not_picked":["HollowMod:DreamGate+1","HollowMod:SoulEater"],"picked":"HollowMod:MantisMark+1","floor":36},{"not_picked":["Panacea+1","Mind Blast"],"picked":"Discovery+1","floor":37},{"not_picked":["HollowMod:TaintedHusks+1","HollowMod:DreamGate+1"],"picked":"HollowMod:MonomonsArchive+1","floor":41},{"not_picked":["HollowMod:QuirrelsAssistance","HollowMod:HowlingWraiths+1"],"picked":"HollowMod:DashSlash+1","floor":44},{"not_picked":["HollowMod:GreatSlash","HollowMod:LifebloodCocoon+1"],"picked":"HollowMod:BaldurShell","floor":45},{"not_picked":["HollowMod:SiblingsShadow+1","HollowMod:DesolateDive"],"picked":"HollowMod:MonomonsArchive+1","floor":48}],"player_experience":51500,"relics_obtained":[{"floor":6,"key":"Eternal Feather"},{"floor":9,"key":"HollowMod:MillibellesNoteRelic"},{"floor":20,"key":"HollowMod:LumaflyLanternRelic"},{"floor":26,"key":"Toxic Egg 2"},{"floor":27,"key":"Shuriken"},{"floor":34,"key":"Blood Vial"},{"floor":34,"key":"Mummified Hand"},{"floor":34,"key":"TungstenRod"},{"floor":36,"key":"Pocketwatch"},{"floor":43,"key":"Kunai"}],"event_choices":[{"cards_removed":["HollowMod:QuickDashStart"],"damage_healed":0,"gold_gain":0,"player_choice":"Offered Basic","damage_taken":0,"max_hp_gain":0,"max_hp_loss":0,"event_name":"Bonfire Elementals","floor":3,"gold_loss":0},{"damage_healed":0,"gold_gain":75,"player_choice":"Gather Gold","damage_taken":11,"max_hp_gain":0,"max_hp_loss":0,"event_name":"World of Goop","floor":10,"gold_loss":0},{"damage_healed":18,"gold_gain":0,"player_choice":"Healed","damage_taken":0,"max_hp_gain":0,"max_hp_loss":0,"event_name":"The Cleric","floor":12,"gold_loss":35},{"damage_healed":0,"gold_gain":75,"player_choice":"Gained Gold","damage_taken":0,"max_hp_gain":0,"max_hp_loss":0,"event_name":"Golden Wing","floor":14,"gold_loss":0},{"damage_healed":0,"gold_gain":0,"player_choice":"3 cards matched","damage_taken":0,"max_hp_gain":0,"max_hp_loss":0,"event_name":"Match and Keep!","floor":24,"gold_loss":0,"cards_obtained":["HollowMod:FallenFury","HollowMod:SlysStrikes","Jack Of All Trades"]},{"damage_healed":0,"gold_gain":0,"player_choice":"Paid Fearfully","damage_taken":0,"max_hp_gain":0,"max_hp_loss":0,"event_name":"Masked Bandits","floor":31,"gold_loss":81},{"damage_healed":0,"gold_gain":0,"player_choice":"Fight","damage_taken":0,"max_hp_gain":0,"max_hp_loss":0,"event_name":"MindBloom","floor":36,"gold_loss":0},{"damage_healed":0,"gold_gain":0,"player_choice":"Memory 1","damage_taken":0,"max_hp_gain":0,"max_hp_loss":0,"event_name":"SensoryStone","floor":37,"gold_loss":0},{"damage_healed":0,"gold_gain":0,"player_choice":"Paid","damage_taken":0,"relics_obtained":["Red Mask"],"max_hp_gain":0,"max_hp_loss":0,"event_name":"Tomb of Lord Red Mask","floor":38,"gold_loss":182},{"damage_healed":0,"gold_gain":0,"player_choice":"Ignored","damage_taken":0,"max_hp_gain":0,"max_hp_loss":0,"event_name":"OrinTheCat","floor":39,"gold_loss":0}],"is_beta":false,"boss_relics":[{"not_picked":["SacredBark","HollowMod:VoidIdolRelic"],"picked":"Astrolabe"},{"not_picked":["Velvet Choker","Runic Dome"],"picked":"Calling Bell"}],"items_purged_floors":[],"is_endless":false,"potions_floor_spawned":[4,6,18,21,29,33,35,36,48],"killed_by":"Donu and Deca","ascension_level":0}}