{"host":"knjiz4erwy0yt202","time":1609207407,"event":{"mods":["2.2 Compatiblity","Aspiration","BaseMod","Better Altar","Better Match","Better Note","Better Sensory Stone","Better Skull","Better Third Choice","BetterRewards","Clawfect","Colored Powertips","Conjunction","Conspire","Custom Start","DeckTracker","Energized Spire","GifTheSpireLib","Halation","Hubris","Infinite Spire","Jedi Mod","Marked Mod","Minty Spire (QoL Compilation)","MostiFishMod","Quick Restart","RRrroohrrRGHHhhh!!","RatMod","Replay The Spire","Shop Mod","Spicy Shops","Spikes Relics","StSLib","Stuff the Spire","TestMod","The Blue Laboratory","Trackpad","Transform Curses","Uncapped","Wandering Minibosses","vexMod","【遗物卡牌】REMEMod"],"gold_per_floor":[112,54,74,92,107,136,136,166,166,166,176,69,95,17,17,118,118,128,128,128,128,128],"floor_reached":21,"playtime":2781,"items_purged":["Injury","Defend_B"],"score":387,"play_id":"413944b8-0be1-4d2a-a381-990598021f03","local_time":"20201228180327","is_ascension_mode":true,"campfire_choices":[{"data":"Gash","floor":7,"key":"SMITH"},{"data":"Gash","floor":7,"key":"SMITH"},{"data":"1","floor":15,"key":"LIFT"}],"circlet_count":0,"master_deck":["Gash+1","Gash","Gash+1","Gash","Gash","Defend_B","Defend_B+1","Defend_B+1","Defend_B","ReplayGash","Heatsinks","Writhe","ReplayGash","DiskWipe","rorgmod:Leap","rorgmod:Leap","Clawfect:ClawSnap","Clawfect:ClawingBeam","Clawfect:Clawrage","StuffTheSpire:Plugnplay","Clawfect:ClawSnap","Clawfect:Clawrage","Clawfect:ClawForTheEyes","Clawfect:ClawLightning","Clawfect:ClawLightning","StuffTheSpire:Rend","Clawfect:ClawForOne","Clawfect:Clawline"],"relics":["Clawfect:DRClaw","testmod-TestBox","REME_ComplimentaryCards","RhineSuit","testmod-GiftOfSatan","rat:SoulRing","halation:PenCase","ReplayTheSpireMod:CursedCoin","SynthV:TestCard","testmod-FatalChain","Simple Rune","ReplayTheSpireMod:Lightbulb","Girya","Juzu Bracelet","Bronze Scales","StuffTheSpire:GrapeVine","testmod-TurbochargingSystem","CosmicIsotope","hubris:Icosahedron","PrismaticShard"],"acts_visited":["Exordium","TheCity"],"potions_floor_usage":[11],"damage_taken":[{"damage":0,"enemies":"Small Slimes","floor":1,"turns":3},{"damage":0,"enemies":"Cultist","floor":3,"turns":3},{"damage":2,"enemies":"conspire:RoseBush","floor":4,"turns":2},{"damage":0,"enemies":"conspire:2 RoseBushes","floor":5,"turns":4},{"damage":0,"enemies":"Lagavulin","floor":6,"turns":4},{"damage":9,"enemies":"3 Sentries","floor":8,"turns":2},{"damage":16,"enemies":"Large Slime","floor":11,"turns":2},{"damage":0,"enemies":"Lagavulin","floor":13,"turns":3},{"damage":4,"enemies":"Fading Forest","floor":16,"turns":7},{"damage":28,"enemies":"2 Thieves","floor":18,"turns":2}],"seed_played":"629205648395795256","potions_obtained":[{"floor":3,"key":"blueLaboratory:CorrosionFlask"},{"floor":5,"key":"blueLaboratory:PolymorphPotion"},{"floor":6,"key":"Adrenaline Potion"}],"is_trial":false,"path_per_floor":["M","?","M","M","M","E","R","E","T","?","M","$","E","$","R","B",null,"M","?","?","?"],"character_chosen":"DEFECT","items_purchased":["Heatsinks","rat:SoulRing","ReplayTheSpireMod:CursedCoin","ReplayGash","DiskWipe","rorgmod:Leap","Bronze Scales","Clawfect:ClawLightning","testmod-TurbochargingSystem"],"campfire_rested":0,"item_purchase_floors":[0,0,0,0,0,0,12,12,14],"current_hp_per_floor":[52,52,63,69,90,90,90,81,81,81,78,78,78,78,78,105,105,77,77,69,0,0],"gold":128,"neow_bonus":"","is_daily":false,"chose_seed":false,"campfire_upgraded":2,"win_rate":0.0,"timestamp":1609207407,"path_taken":["M","?","M","?","M","E","R","E","T","?","M","$","E","?","R","BOSS","M","?","?","?"],"items_purchased_type":["Card","Relic","Relic","Card","Card","Card","Relic","Card","Relic"],"build_version":"2020-12-22","purchased_purges":2,"victory":false,"max_hp_per_floor":[80,80,85,90,100,100,100,100,100,100,105,105,105,105,105,105,105,105,105,105,105,105],"card_choices":[{"not_picked":["Rebound","StuffTheSpire:LoadUp"],"picked":"Clawfect:ClawSnap","floor":1},{"not_picked":["ReplaySolidLightProjector","rorgmod:Critical Section","rorgmod:Hardcode","rorgmod:Antivirus"],"picked":"Clawfect:ClawingBeam","floor":3},{"not_picked":["Redo","Hologram","Glacier","Conserve Battery"],"picked":"Clawfect:Clawrage","floor":4},{"not_picked":["REME_DataAnalysis","Coolheaded","BasicCrystalCard","rorgmod:Steady Aim"],"picked":"StuffTheSpire:Plugnplay","floor":5},{"not_picked":["Self Repair","Core Surge","FIFO Queue","rorgmod:Fragmentation"],"picked":"Clawfect:ClawSnap","floor":6},{"not_picked":["rorgmod:Leap","jedi:blockon","rorgmod:Chaos","hubris:PowerSurge"],"picked":"Clawfect:Clawrage","floor":8},{"not_picked":["BootSequence","White Noise","rorgmod:Zing-Zap","REME_Whirling"],"picked":"Clawfect:ClawForTheEyes","floor":11},{"not_picked":["Clawfect:ClawCell","rorgmod:Steady Aim","rorgmod:Zing-Zap","MostiFishMod:StarOceanB"],"picked":"StuffTheSpire:Rend","floor":13},{"not_picked":["MostiFishMod:Culaccino","jedi:studyfrost","Echo Form","hubris:DoWhile"],"picked":"Clawfect:ClawForOne","floor":16},{"not_picked":["StuffTheSpire:LoadUp","MostiFishMod:PushDownKick","Redo+1","jedi:BurstFrost"],"picked":"Clawfect:Clawline","floor":18}],"player_experience":155585,"relics_obtained":[{"floor":1,"key":"SynthV:TestCard"},{"floor":6,"key":"Simple Rune"},{"floor":8,"key":"ReplayTheSpireMod:Lightbulb"},{"floor":9,"key":"Girya"},{"floor":13,"key":"StuffTheSpire:GrapeVine"},{"floor":20,"key":"PrismaticShard"}],"event_choices":[{"damage_healed":0,"gold_gain":0,"player_choice":"Paid Gold","damage_taken":0,"relics_obtained":["testmod-FatalChain"],"max_hp_gain":0,"max_hp_loss":0,"event_name":"WeMeetAgain","floor":2,"gold_loss":58},{"damage_healed":0,"gold_gain":0,"player_choice":"Swap Relic","damage_taken":0,"relics_obtained":["Juzu Bracelet"],"max_hp_gain":0,"max_hp_loss":0,"event_name":"Box For Yourself","floor":10,"relics_lost":["DaveBox"],"gold_loss":0}],"is_beta":false,"boss_relics":[{"not_picked":["aspiration:FutureDiary","vexMod:FluxCapacitor"],"picked":"CosmicIsotope"}],"items_purged_floors":[0,0],"is_endless":false,"potions_floor_spawned":[3,5,6,8],"ascension_level":1}}