{"host":"6b00v7211em4ihns","time":1609203959,"event":{"mods":["BaseMod","Bestiary","Better Match","Minty Spire (QoL Compilation)","Relic Stats","Spicy Shops","StSLib","The Marked"],"gold_per_floor":[118,68,82,95,95,126,144,170,170,188,188,188,8,34,34,134,134,150,150,75,0,10,10,44,44,68,100,100,100,111,126,126,221,221,232,232,247,247,262,262,294,294,294,294,313,324,324,357,357,357,357,357,77,105,105,105],"floor_reached":55,"playtime":4469,"items_purged":["theMarked:Strike"],"score":822,"play_id":"65b4820d-bab5-43d8-b6d1-9afdaefcc112","local_time":"20201229010559","is_ascension_mode":true,"campfire_choices":[{"data":"theMarked:Seal","floor":12,"key":"SMITH"},{"data":"theMarked:WardOff","floor":15,"key":"SMITH"},{"data":"theMarked:SoldierOfQuellstein","floor":23,"key":"SMITH"},{"data":"theMarked:WardOff","floor":25,"key":"SMITH"},{"data":"theMarked:ParalyzingBlade","floor":28,"key":"SMITH"},{"data":"theMarked:Defend","floor":32,"key":"SMITH"},{"floor":40,"key":"RECALL"},{"data":"theMarked:EternalStudent","floor":42,"key":"SMITH"},{"data":"theMarked:BanishingWave","floor":47,"key":"SMITH"},{"data":"theMarked:Defend","floor":49,"key":"SMITH"},{"data":"theMarked:MuscleMemory","floor":52,"key":"SMITH"}],"circlet_count":0,"master_deck":["theMarked:Defend","theMarked:Defend+1","theMarked:Defend+1","theMarked:SoldierOfQuellstein+1","theMarked:BanishingWave+1","theMarked:Frustration","theMarked:MuscleMemory+1","theMarked:WardOff+1","theMarked:ParalyzingBlade+1","theMarked:Seal+1","theMarked:EmpowerWeapon","theMarked:BanishingStrike","theMarked:TurnInvisible","theMarked:ChainLightning+1","theMarked:WardOff+1","theMarked:TurnInvisible","theMarked:EternalStudent+1","theMarked:ReduceFriction+1","theMarked:TwofoldDefense+1","theMarked:WardOff+1","Dark Shackles"],"relics":["theMarked:ArtifactOfAir","Sundial","Vajra","Bag of Marbles","Question Card","Bag of Preparation","Calipers","Busted Crown","Blood Vial","Pen Nib","theMarked:DemonDagger","Empty Cage","Oddly Smooth Stone","theMarked:Gun","Regal Pillow","Bronze Scales","Orichalcum"],"acts_visited":["Exordium","TheCity","TheBeyond","TheEnding"],"potions_floor_usage":[6,6,6,8,10,14,33,50,55,55,55],"damage_taken":[{"damage":0,"enemies":"2 Louse","floor":1,"turns":2},{"damage":1,"enemies":"Jaw Worm","floor":3,"turns":4},{"damage":5,"enemies":"Small Slimes","floor":4,"turns":2},{"damage":0,"enemies":"Lagavulin","floor":6,"turns":3},{"damage":13,"enemies":"Exordium Thugs","floor":7,"turns":4},{"damage":14,"enemies":"Gremlin Nob","floor":8,"turns":3},{"damage":0,"enemies":"3 Louse","floor":10,"turns":2},{"damage":1,"enemies":"3 Sentries","floor":14,"turns":3},{"damage":37,"enemies":"Hexaghost","floor":16,"turns":8},{"damage":0,"enemies":"3 Byrds","floor":18,"turns":2},{"damage":2,"enemies":"Chosen","floor":22,"turns":4},{"damage":10,"enemies":"Book of Stabbing","floor":24,"turns":4},{"damage":3,"enemies":"Gremlin Leader","floor":27,"turns":2},{"damage":0,"enemies":"Shelled Parasite and Fungi","floor":30,"turns":2},{"damage":0,"enemies":"Snecko","floor":31,"turns":2},{"damage":34,"enemies":"Automaton","floor":33,"turns":7},{"damage":2,"enemies":"Orb Walker","floor":35,"turns":3},{"damage":0,"enemies":"3 Shapes","floor":37,"turns":1},{"damage":1,"enemies":"3 Darklings","floor":39,"turns":3},{"damage":0,"enemies":"Nemesis","floor":41,"turns":5},{"damage":5,"enemies":"Maw","floor":45,"turns":5},{"damage":0,"enemies":"Jaw Worm Horde","floor":46,"turns":3},{"damage":15,"enemies":"Reptomancer","floor":48,"turns":3},{"damage":26,"enemies":"Awakened One","floor":50,"turns":13},{"damage":24,"enemies":"Shield and Spear","floor":54,"turns":5},{"damage":54,"enemies":"The Heart","floor":55,"turns":9}],"seed_played":"697610116978805748","potions_obtained":[{"floor":0,"key":"Fire Potion"},{"floor":0,"key":"FearPotion"},{"floor":0,"key":"PowerPotion"},{"floor":6,"key":"Energy Potion"},{"floor":7,"key":"AttackPotion"},{"floor":8,"key":"Energy Potion"},{"floor":16,"key":"PowerPotion"},{"floor":24,"key":"GamblersBrew"},{"floor":27,"key":"EssenceOfSteel"},{"floor":30,"key":"PowerPotion"},{"floor":37,"key":"Regen Potion"}],"is_trial":false,"path_per_floor":["M","?","M","M","?","E","M","E","T","M","?","R","$","E","R","B",null,"M","?","$","?","M","R","E","R","T","E","R","?","M","M","R","B",null,"M","$","M","?","M","R","E","R","T","$","M","M","R","E","R","B",null,"R","$","E","B"],"character_chosen":"THE_DEFAULT","items_purchased":["Bag of Preparation","theMarked:EmpowerWeapon","Dark Shackles","Bronze Scales","Dexterity Potion"],"campfire_rested":0,"item_purchase_floors":[13,13,53,53,53],"current_hp_per_floor":[70,70,69,64,69,69,56,42,42,42,42,42,42,41,41,4,75,75,75,75,75,73,73,65,65,65,64,64,64,66,68,68,36,75,73,73,75,75,74,74,75,75,75,75,70,72,72,59,59,50,75,75,75,51,0,0],"gold":105,"neow_bonus":"THREE_SMALL_POTIONS","is_daily":false,"chose_seed":false,"campfire_upgraded":10,"win_rate":0.0,"timestamp":1609203959,"path_taken":["M","?","M","M","?","E","M","E","T","M","?","R","$","E","R","BOSS","M","?","$","?","M","R","E","R","T","E","R","?","M","?","R","BOSS","M","$","?","?","M","R","E","R","T","?","M","M","R","E","R","BOSS","R","$","E","BOSS"],"items_purchased_type":["Relic","Card","Card","Relic","Potion"],"build_version":"2020-12-22","purchased_purges":1,"victory":false,"max_hp_per_floor":[70,70,70,70,75,75,75,75,75,75,75,75,75,75,75,75,75,75,75,75,75,75,75,75,75,75,75,75,75,75,75,75,75,75,75,75,75,75,75,75,75,75,75,75,75,75,75,75,75,75,75,75,75,75,75,75],"relic_stats":{"Blood Vial":21,"Regal Pillow":0,"Busted Crown":30,"counters":[26,104],"Sundial":[12],"Bronze Scales":[120],"Pen Nib":[7],"Bag of Preparation":[38],"Orichalcum":[6],"Question Card":17,"obtain_stats":[{"theMarked:DemonDagger":27,"Regal Pillow":48,"Calipers":14,"theMarked:Gun":43,"Vajra":8,"Oddly Smooth Stone":41,"Pen Nib":24,"Bag of Preparation":13,"Orichalcum":54,"Question Card":11,"Empty Cage":34,"Blood Vial":19,"theMarked:ArtifactOfAir":0,"Busted Crown":17,"Sundial":6,"Bronze Scales":53,"Bag of Marbles":9},{"theMarked:DemonDagger":13,"Regal Pillow":23,"Calipers":8,"theMarked:Gun":20,"Vajra":6,"Oddly Smooth Stone":20,"Pen Nib":12,"Bag of Preparation":7,"Orichalcum":25,"Question Card":7,"Empty Cage":16,"Blood Vial":10,"theMarked:ArtifactOfAir":0,"Busted Crown":9,"Sundial":4,"Bronze Scales":24,"Bag of Marbles":6},{"theMarked:DemonDagger":43,"Regal Pillow":77,"Calipers":23,"theMarked:Gun":66,"Vajra":18,"Oddly Smooth Stone":66,"Pen Nib":41,"Bag of Preparation":20,"Orichalcum":95,"Question Card":20,"Empty Cage":54,"Blood Vial":33,"theMarked:ArtifactOfAir":0,"Busted Crown":31,"Sundial":11,"Bronze Scales":90,"Bag of Marbles":18}]},"card_choices":[{"not_picked":["theMarked:LightningStrikesTwice","theMarked:Seal"],"picked":"theMarked:BanishingWave","floor":1},{"not_picked":["theMarked:RepellingDischarge","theMarked:ReduceFriction","theMarked:MaelstromOfLightning"],"picked":"SKIP","floor":3},{"not_picked":["theMarked:PowerFlow","theMarked:Static"],"picked":"theMarked:Frustration","floor":4},{"not_picked":["theMarked:HeightenedSenses","theMarked:Frustration"],"picked":"theMarked:MuscleMemory","floor":6},{"not_picked":["theMarked:Reabsorb","theMarked:ChainLightning"],"picked":"theMarked:WardOff","floor":7},{"not_picked":["theMarked:ReduceFriction","theMarked:KeepCalmAndFightOn"],"picked":"theMarked:ParalyzingBlade","floor":8},{"not_picked":["theMarked:BanishingStrike","theMarked:WardOff"],"picked":"theMarked:Seal","floor":10},{"not_picked":["theMarked:BanishingWave","theMarked:CreepingChasm","theMarked:TunnelVision"],"picked":"theMarked:BanishingStrike","floor":14},{"not_picked":["theMarked:SuspiciousRaven","theMarked:UnarmedFury","theMarked:BindingBlade"],"picked":"theMarked:TurnInvisible","floor":16},{"not_picked":["theMarked:BanishingStrike","theMarked:EmpowerWeapon"],"picked":"SKIP","floor":18},{"not_picked":["theMarked:Electrocute+1"],"picked":"theMarked:ChainLightning+1","floor":22},{"not_picked":["theMarked:MuscleMemory"],"picked":"theMarked:WardOff","floor":24},{"not_picked":["theMarked:Electrocute","theMarked:Parkour"],"picked":"SKIP","floor":27},{"not_picked":["theMarked:CreepingChasm+1","theMarked:RogueSparks"],"picked":"SKIP","floor":30},{"not_picked":["theMarked:HeightenedSenses","theMarked:WardOff"],"picked":"SKIP","floor":31},{"not_picked":["theMarked:BindingBlade"],"picked":"theMarked:EternalStudent","floor":33},{"not_picked":["theMarked:BanishingStrike+1","theMarked:Electrify+1"],"picked":"SKIP","floor":35},{"not_picked":["theMarked:EmpowerWeapon+1"],"picked":"theMarked:ReduceFriction+1","floor":37},{"not_picked":["theMarked:RogueSparks","theMarked:EmpowerWeapon"],"picked":"SKIP","floor":39},{"not_picked":["theMarked:GodGivenPower+1"],"picked":"theMarked:TwofoldDefense+1","floor":41},{"not_picked":["theMarked:Frustration+1"],"picked":"theMarked:WardOff+1","floor":45},{"not_picked":["theMarked:ChainLightning","theMarked:Static+1"],"picked":"SKIP","floor":46},{"not_picked":["theMarked:WardOff+1","theMarked:BanishingStrike"],"picked":"SKIP","floor":48},{"not_picked":["theMarked:Improvise","theMarked:ResourceFulStrike"],"picked":"SKIP","floor":54}],"player_experience":2462659,"relics_obtained":[{"floor":6,"key":"Sundial"},{"floor":8,"key":"Vajra"},{"floor":9,"key":"Bag of Marbles"},{"floor":14,"key":"Calipers"},{"floor":24,"key":"Pen Nib"},{"floor":27,"key":"theMarked:DemonDagger"},{"floor":41,"key":"Oddly Smooth Stone"},{"floor":43,"key":"theMarked:Gun"},{"floor":48,"key":"Regal Pillow"},{"floor":54,"key":"Orichalcum"}],"event_choices":[{"cards_removed":["theMarked:Strike"],"damage_healed":0,"gold_gain":0,"player_choice":"Card Removal","damage_taken":0,"max_hp_gain":0,"max_hp_loss":0,"event_name":"The Cleric","floor":2,"gold_loss":50},{"damage_healed":0,"gold_gain":0,"player_choice":"Donut","damage_taken":0,"max_hp_gain":5,"max_hp_loss":0,"event_name":"Big Fish","floor":5,"gold_loss":0},{"damage_healed":0,"gold_gain":0,"player_choice":"Searched \u00271\u0027 times","damage_taken":0,"relics_obtained":["Question Card"],"max_hp_gain":0,"max_hp_loss":0,"event_name":"Dead Adventurer","floor":11,"gold_loss":0},{"damage_healed":0,"gold_gain":0,"player_choice":"Opened","damage_taken":0,"relics_obtained":["Blood Vial"],"max_hp_gain":0,"max_hp_loss":0,"event_name":"The Mausoleum","floor":19,"gold_loss":0},{"cards_removed":["theMarked:Strike"],"damage_healed":0,"gold_gain":0,"player_choice":"Gave Gold","damage_taken":0,"max_hp_gain":0,"max_hp_loss":0,"event_name":"Beggar","floor":21,"gold_loss":75},{"damage_healed":0,"gold_gain":0,"cards_transformed":["theMarked:Strike"],"player_choice":"Transformed","damage_taken":0,"max_hp_gain":0,"max_hp_loss":0,"event_name":"Transmorgrifier","floor":29,"gold_loss":0,"cards_obtained":["theMarked:TurnInvisible"]},{"damage_healed":0,"gold_gain":0,"player_choice":"Ignored","damage_taken":0,"max_hp_gain":0,"max_hp_loss":0,"event_name":"Tomb of Lord Red Mask","floor":38,"gold_loss":0}],"is_beta":false,"boss_relics":[{"not_picked":["theMarked:Eyepatch","SacredBark"],"picked":"Busted Crown"},{"not_picked":["Coffee Dripper","Pandora\u0027s Box"],"picked":"Empty Cage"}],"items_purged_floors":[20],"is_endless":false,"potions_floor_spawned":[6,7,8,16,24,27,30,37,41],"killed_by":"The Heart","ascension_level":1}}