{"host":"p9t7qd83igtcp2bh","time":1609213481,"event":{"mods":["2.2 Compatiblity","AchievementEnabler","BaseMod","Colored Map","Colored Powertips","Custom Start","DeckTracker","Keyboard Shortcuts","Minty Spire (QoL Compilation)","Permanent Neow","StSLib","SuperFastMode","everything is the same but u backflip on backflip"],"gold_per_floor":[111,111,129,46,62,62,91,91,91,121,22,56,56,75,75,154,154,171,196,207,55,65,65,95,95,95,105,117,136,55,75,75,75,75],"floor_reached":33,"playtime":854,"items_purged":["Strike_B"],"score":572,"play_id":"f8e8b1e9-9a0a-44b9-9090-673486ac8ff2","local_time":"20201229124441","is_ascension_mode":true,"campfire_choices":[{"data":"Sweeping Beam","floor":6.0,"key":"SMITH"},{"data":"Auto Shields","floor":8.0,"key":"SMITH"},{"data":"FTL","floor":13.0,"key":"SMITH"},{"floor":15.0,"key":"REST"},{"floor":23.0,"key":"REST"},{"floor":25.0,"key":"REST"},{"data":"Beam Cell","floor":32,"key":"SMITH"}],"circlet_count":0,"master_deck":["AscendersBane","Strike_B","Strike_B","Defend_B","Defend_B","Defend_B","Defend_B","Zap","Dualcast","Melter","Rebound","Auto Shields+1","Sweeping Beam+1","Gash","Beam Cell+1","FTL+1","Reinforced Body","Seek","White Noise","Hologram","Go for the Eyes","Skim","Scrape"],"relics":["Cracked Core","StoneCalendar","Mercury Hourglass","Omamori","Du-Vu Doll","Cursed Key","Red Mask","TheAbacus","Strawberry","Meat on the Bone"],"acts_visited":["Exordium","TheCity"],"potions_floor_usage":[33,33],"damage_taken":[{"damage":0.0,"enemies":"2 Louse","floor":1.0,"turns":2.0},{"damage":0.0,"enemies":"Cultist","floor":3.0,"turns":4.0},{"damage":0.0,"enemies":"Jaw Worm","floor":5.0,"turns":4.0},{"damage":24.0,"enemies":"Gremlin Nob","floor":7.0,"turns":5.0},{"damage":5.0,"enemies":"Lagavulin","floor":12.0,"turns":5.0},{"damage":0.0,"enemies":"Blue Slaver","floor":14.0,"turns":2.0},{"damage":0.0,"enemies":"The Guardian","floor":16.0,"turns":8.0},{"damage":0.0,"enemies":"Chosen","floor":18.0,"turns":3.0},{"damage":30.0,"enemies":"Masked Bandits","floor":19.0,"turns":4.0},{"damage":0.0,"enemies":"Spheric Guardian","floor":20.0,"turns":1.0},{"damage":21.0,"enemies":"Snecko","floor":22.0,"turns":5.0},{"damage":22.0,"enemies":"Book of Stabbing","floor":24.0,"turns":5.0},{"damage":12.0,"enemies":"Shelled Parasite and Fungi","floor":27.0,"turns":5.0},{"damage":0.0,"enemies":"Chosen and Byrds","floor":28.0,"turns":4.0},{"damage":7.0,"enemies":"Cultist and Chosen","floor":29.0,"turns":5.0},{"damage":19.0,"enemies":"Snake Plant","floor":31.0,"turns":3.0},{"damage":56,"enemies":"Collector","floor":33,"turns":7}],"seed_played":"6533414495065315927","potions_obtained":[{"floor":3.0,"key":"Dexterity Potion"},{"floor":7.0,"key":"Weak Potion"},{"floor":12.0,"key":"PowerPotion"},{"floor":16.0,"key":"AttackPotion"},{"floor":18.0,"key":"CultistPotion"},{"floor":24.0,"key":"Ancient Potion"},{"floor":29.0,"key":"PowerPotion"},{"floor":31,"key":"Weak Potion"}],"is_trial":false,"path_per_floor":["M","?","M","$","M","R","E","R","T","?","$","E","R","M","R","B",null,"M","?","M","$","M","R","E","R","T","M","M","M","$","M","R","B"],"character_chosen":"DEFECT","items_purchased":["Auto Shields","Sweeping Beam","Beam Cell","TheAbacus","Scrape"],"campfire_rested":3,"item_purchase_floors":[4,4,11,21,30],"current_hp_per_floor":[46,46,46,46,46,46,22,22,22,22,22,17,17,17,38,38,63,63,33,33,33,12,33,18,41,41,41,41,46,46,39,39,0,0],"gold":75,"neow_bonus":"ONE_RARE_RELIC","is_daily":false,"chose_seed":false,"campfire_upgraded":4,"win_rate":0.0,"timestamp":1609213481,"path_taken":["M","?","M","?","M","R","E","R","T","?","?","E","R","M","R","BOSS","M","?","M","$","M","R","E","R","T","M","M","M","$","M","R","BOSS"],"items_purchased_type":["Card","Card","Card","Relic","Card"],"build_version":"2020-12-22","purchased_purges":1,"victory":false,"max_hp_per_floor":[71,71,71,71,71,71,71,71,71,71,71,71,71,71,71,71,71,71,71,71,71,71,71,78,78,78,78,78,78,78,78,78,78,78],"card_choices":[{"not_picked":["Barrage","Reinforced Body"],"picked":"Melter","floor":1.0},{"not_picked":["Conserve Battery","Reinforced Body"],"picked":"Rebound","floor":3.0},{"not_picked":["Leap","Ball Lightning"],"picked":"Gash","floor":5.0},{"not_picked":["Stack","Doom and Gloom","Consume"],"picked":"SKIP","floor":7.0},{"not_picked":["Recycle","Chill"],"picked":"FTL","floor":12.0},{"not_picked":["Streamline","Compile Driver"],"picked":"Reinforced Body","floor":14.0},{"not_picked":["Multi-Cast","Meteor Strike"],"picked":"Seek","floor":16.0},{"not_picked":["Turbo","Stack","Force Field"],"picked":"SKIP","floor":18.0},{"not_picked":["Steam","Leap"],"picked":"White Noise","floor":20.0},{"not_picked":["Sweeping Beam","Hologram","FTL"],"picked":"SKIP","floor":22.0},{"not_picked":["Sweeping Beam","FTL"],"picked":"Hologram","floor":22.0},{"not_picked":["Seek","Compile Driver+1","Recycle"],"picked":"SKIP","floor":24.0},{"not_picked":["Ball Lightning","Consume"],"picked":"Go for the Eyes","floor":27.0},{"not_picked":["Darkness","Recycle","Heatsinks"],"picked":"SKIP","floor":28.0},{"not_picked":["Conserve Battery","Hologram"],"picked":"Skim","floor":29.0},{"not_picked":["Barrage","Streamline","Stack"],"picked":"SKIP","floor":31}],"player_experience":578330,"relics_obtained":[{"floor":7.0,"key":"Mercury Hourglass"},{"floor":9.0,"key":"Omamori"},{"floor":12.0,"key":"Du-Vu Doll"},{"floor":19.0,"key":"Red Mask"},{"floor":24.0,"key":"Strawberry"},{"floor":26.0,"key":"Meat on the Bone"}],"event_choices":[{"cards_removed":["Strike_B"],"damage_healed":0.0,"max_hp_gain":0.0,"max_hp_loss":0.0,"gold_gain":0.0,"event_name":"Purifier","player_choice":"Purged","floor":2.0,"gold_loss":0.0,"damage_taken":0.0},{"damage_healed":0.0,"max_hp_gain":0.0,"max_hp_loss":0.0,"gold_gain":30.0,"event_name":"Dead Adventurer","player_choice":"Searched \u00271\u0027 times","floor":10.0,"gold_loss":0.0,"damage_taken":0.0},{"damage_healed":0.0,"max_hp_gain":0.0,"max_hp_loss":0.0,"gold_gain":0.0,"event_name":"Masked Bandits","player_choice":"Fought Bandits","floor":19.0,"gold_loss":0.0,"damage_taken":0.0}],"is_beta":false,"boss_relics":[{"not_picked":["Runic Dome","Philosopher\u0027s Stone"],"picked":"Cursed Key"}],"items_purged_floors":[11],"is_endless":false,"potions_floor_spawned":[3,7,12,14,16,18,19,22,24,29,31],"killed_by":"Collector","ascension_level":15}}