{"host":"foq4mrde4mssg7vt","time":1609261367,"event":{"mods":["AchievementEnabler","BaseMod","Colored Map","Colored Powertips","Highlight Path","Minty Spire (QoL Compilation)","Relic Stats","everything is the same but u backflip on backflip"],"gold_per_floor":[119,130,141,141,10,36,36,61,61,90,90,99,141,161,161,247,247,258,28,28,37,56,87,87,113,113,113,122,122,22,49,58,136,136,150,165,165,165,182,182,214,233,286,332,343,134,165,185,185,185,185,185,39,82,82,82],"floor_reached":55,"playtime":3581,"items_purged":["Strike_P","Strike_P","Strike_P"],"score":1402,"play_id":"6f330f8c-eb2b-4bda-9606-7f4b70b0918b","local_time":"20201230010247","is_ascension_mode":true,"campfire_choices":[{"data":"Wallop","floor":7.0,"key":"SMITH"},{"floor":12.0,"key":"REST"},{"data":"Blasphemy","floor":15.0,"key":"SMITH"},{"floor":24.0,"key":"REST"},{"data":"Wallop","floor":29.0,"key":"SMITH"},{"floor":32.0,"key":"REST"},{"data":"Vault","floor":40.0,"key":"SMITH"},{"floor":49,"key":"RECALL"},{"data":"MentalFortress","floor":52,"key":"SMITH"}],"circlet_count":0,"master_deck":["AscendersBane","Strike_P+1","Defend_P+1","Defend_P+1","Defend_P+1","Eruption","Vigilance+1","EmptyBody+1","Wallop+1","CutThroughFate","DeceiveReality+1","FearNoEvil+1","EmptyFist+1","FollowUp+1","Blasphemy+1","ClearTheMind","Vault+1","Adaptation+1","Wallop+1","BowlingBash+1","Tantrum+1","LessonLearned+1","Wireheading+1","Protect+1","MentalFortress+1","Parasite","MentalFortress","CrushJoints+1"],"relics":["PureWater","Dream Catcher","Matryoshka","Gremlin Horn","CeramicFish","Letter Opener","Shovel","Velvet Choker","GoldenEye","Regal Pillow","Shuriken","Toy Ornithopter","SlaversCollar","Yang","Turnip","Whetstone","Mercury Hourglass"],"acts_visited":["Exordium","TheCity","TheBeyond","TheEnding"],"potions_floor_usage":[48,50,54,55,55],"damage_taken":[{"damage":2.0,"enemies":"2 Louse","floor":1.0,"turns":2.0},{"damage":0.0,"enemies":"Cultist","floor":2.0,"turns":3.0},{"damage":11.0,"enemies":"Jaw Worm","floor":3.0,"turns":5.0},{"damage":14.0,"enemies":"3 Sentries","floor":6.0,"turns":13.0},{"damage":16.0,"enemies":"Gremlin Nob","floor":8.0,"turns":5.0},{"damage":0.0,"enemies":"Large Slime","floor":10.0,"turns":8.0},{"damage":2.0,"enemies":"Lagavulin","floor":13.0,"turns":4.0},{"damage":6.0,"enemies":"Gremlin Gang","floor":14.0,"turns":5.0},{"damage":12.0,"enemies":"Hexaghost","floor":16.0,"turns":11.0},{"damage":10.0,"enemies":"3 Byrds","floor":18.0,"turns":7.0},{"damage":9.0,"enemies":"2 Thieves","floor":22.0,"turns":4.0},{"damage":9.0,"enemies":"Gremlin Leader","floor":23.0,"turns":6.0},{"damage":14.0,"enemies":"Snake Plant","floor":25.0,"turns":5.0},{"damage":13.0,"enemies":"Book of Stabbing","floor":31.0,"turns":5.0},{"damage":15.0,"enemies":"Champ","floor":33.0,"turns":10.0},{"damage":16.0,"enemies":"Orb Walker","floor":35.0,"turns":3.0},{"damage":22.0,"enemies":"3 Darklings","floor":36.0,"turns":6.0},{"damage":0.0,"enemies":"4 Shapes","floor":39.0,"turns":13.0},{"damage":9.0,"enemies":"Reptomancer","floor":41.0,"turns":6.0},{"damage":8.0,"enemies":"Spire Growth","floor":42.0,"turns":3.0},{"damage":18.0,"enemies":"2 Orb Walkers","floor":44.0,"turns":5.0},{"damage":40.0,"enemies":"3 Darklings","floor":45.0,"turns":3.0},{"damage":0.0,"enemies":"Nemesis","floor":47.0,"turns":6.0},{"damage":6,"enemies":"Writhing Mass","floor":48,"turns":4},{"damage":17,"enemies":"Awakened One","floor":50,"turns":11},{"damage":37,"enemies":"Shield and Spear","floor":54,"turns":6},{"damage":25,"enemies":"The Heart","floor":55,"turns":3}],"seed_played":"-5745268697456092407","potions_obtained":[{"floor":1.0,"key":"AttackPotion"},{"floor":6.0,"key":"EssenceOfSteel"},{"floor":8.0,"key":"FearPotion"},{"floor":16.0,"key":"Explosive Potion"},{"floor":18.0,"key":"SpeedPotion"},{"floor":22.0,"key":"EntropicBrew"},{"floor":42.0,"key":"EntropicBrew"},{"floor":44.0,"key":"Explosive Potion"},{"floor":45.0,"key":"Swift Potion"},{"floor":47.0,"key":"AttackPotion"},{"floor":48,"key":"FearPotion"},{"floor":54,"key":"Swift Potion"}],"is_trial":false,"path_per_floor":["M","M","M","?","$","E","R","E","T","M","?","R","E","M","R","B",null,"M","$","$","?","M","E","R","M","T","?","?","R","$","E","R","B",null,"M","M","?","?","M","R","E","M","T","?","M","$","E","M","R","B",null,"R","$","E","B"],"character_chosen":"WATCHER","items_purchased":["CutThroughFate","DeceiveReality","Adaptation","Wallop","MentalFortress","Block Potion","MentalFortress","PowerPotion","SkillPotion"],"campfire_rested":3,"item_purchase_floors":[5,5,19,19,46,46,53,53,53],"current_hp_per_floor":[59,59,48,48,48,34,34,18,18,18,18,38,36,30,30,18,56,46,46,46,46,37,28,48,34,34,34,34,34,34,21,56,41,61,45,23,56,56,56,56,47,44,44,41,6,6,16,15,15,3,43,43,43,11,0,0],"gold":82,"neow_bonus":"RANDOM_COMMON_RELIC","is_daily":false,"chose_seed":false,"campfire_upgraded":5,"win_rate":0.0,"timestamp":1609261367,"path_taken":["M","M","M","?","$","E","R","E","T","M","?","R","E","?","R","BOSS","M","?","$","?","M","E","R","M","T","?","?","R","$","E","R","BOSS","M","?","?","?","M","R","E","?","T","?","M","?","E","M","R","BOSS","R","$","E","BOSS"],"items_purchased_type":["Card","Card","Card","Card","Card","Potion","Card","Potion","Potion"],"build_version":"2020-12-22","purchased_purges":3,"victory":false,"max_hp_per_floor":[68,68,68,68,68,68,68,68,68,68,68,68,68,68,68,68,68,68,68,68,68,68,68,68,68,68,68,68,68,68,68,68,68,68,68,68,56,56,56,56,56,56,56,56,56,56,56,56,56,56,56,56,56,56,56,56],"relic_stats":{"Regal Pillow":15,"Gremlin Horn":[28,28],"counters":[27,162],"CeramicFish":135,"Yang":[108],"Letter Opener":[117],"Whetstone":["Tantrum","Strike_P"],"GoldenEye":[94],"Mercury Hourglass":[9],"Dream Catcher":3,"Shovel":0,"Shuriken":[38],"Turnip":[2],"obtain_stats":[{"Regal Pillow":26,"Gremlin Horn":8,"CeramicFish":9,"Velvet Choker":17,"Yang":41,"Letter Opener":9,"Whetstone":47,"GoldenEye":23,"Mercury Hourglass":54,"SlaversCollar":34,"Dream Catcher":0,"Matryoshka":6,"Shovel":13,"Shuriken":26,"Turnip":44,"PureWater":0,"Toy Ornithopter":31},{"Regal Pillow":13,"Gremlin Horn":5,"CeramicFish":5,"Velvet Choker":9,"Yang":19,"Letter Opener":5,"Whetstone":23,"GoldenEye":12,"Mercury Hourglass":26,"SlaversCollar":15,"Dream Catcher":0,"Matryoshka":4,"Shovel":7,"Shuriken":13,"Turnip":21,"PureWater":0,"Toy Ornithopter":14},{"Regal Pillow":78,"Gremlin Horn":28,"CeramicFish":28,"Velvet Choker":56,"Yang":121,"Letter Opener":28,"Whetstone":138,"GoldenEye":73,"Mercury Hourglass":159,"SlaversCollar":93,"Dream Catcher":0,"Matryoshka":23,"Shovel":40,"Shuriken":78,"Turnip":129,"PureWater":0,"Toy Ornithopter":83}],"Toy Ornithopter":60},"card_choices":[{"not_picked":["EmptyMind","WaveOfTheHand"],"picked":"EmptyBody","floor":1.0},{"not_picked":["Halt","MentalFortress"],"picked":"Wallop","floor":2.0},{"not_picked":["JustLucky","Crescendo","EmptyBody"],"picked":"SKIP","floor":3.0},{"not_picked":["FlyingSleeves","Wallop"],"picked":"FearNoEvil","floor":6.0},{"not_picked":["DeceiveReality","Consecrate"],"picked":"EmptyFist","floor":8.0},{"not_picked":["ClearTheMind","FlyingSleeves"],"picked":"FollowUp","floor":10.0},{"not_picked":["PathToVictory","DeceiveReality"],"picked":"Blasphemy","floor":12.0},{"not_picked":["Evaluate","BattleHymn"],"picked":"ClearTheMind","floor":13.0},{"not_picked":["Crescendo","WreathOfFlame","Consecrate"],"picked":"SKIP","floor":14.0},{"not_picked":["ConjureBlade","Judgement"],"picked":"Vault","floor":16.0},{"not_picked":["Halt","SignatureMove","JustLucky"],"picked":"SKIP","floor":18.0},{"not_picked":["Crescendo","PathToVictory+1","CrushJoints+1"],"picked":"SKIP","floor":22.0},{"not_picked":["BowlingBash","InnerPeace","Omniscience"],"picked":"SKIP","floor":23.0},{"not_picked":["FollowUp","ThirdEye"],"picked":"Tantrum","floor":25.0},{"not_picked":["ThirdEye","WheelKick","Fasting2"],"picked":"SKIP","floor":31.0},{"not_picked":["WreathOfFlame","JustLucky"],"picked":"Wireheading","floor":32.0},{"not_picked":["Crescendo","ThirdEye","Consecrate"],"picked":"SKIP","floor":35.0},{"not_picked":["Halt","SashWhip+1","Pray+1"],"picked":"SKIP","floor":36.0},{"not_picked":["DeceiveReality+1","ClearTheMind+1","Evaluate"],"picked":"SKIP","floor":39.0},{"not_picked":["ClearTheMind","SashWhip","Evaluate+1"],"picked":"SKIP","floor":41.0},{"not_picked":["ThirdEye","BowlingBash+1"],"picked":"Protect+1","floor":42.0},{"not_picked":["JustLucky","Wallop","EmptyBody"],"picked":"SKIP","floor":45.0},{"not_picked":["Consecrate","Crescendo+1","CrushJoints"],"picked":"SKIP","floor":47.0},{"not_picked":["Halt","FlyingSleeves","EmptyFist+1"],"picked":"SKIP","floor":48},{"not_picked":["SandsOfTime","SignatureMove"],"picked":"CrushJoints+1","floor":54}],"player_experience":309555,"relics_obtained":[{"floor":6.0,"key":"Matryoshka"},{"floor":8.0,"key":"Gremlin Horn"},{"floor":9.0,"key":"CeramicFish"},{"floor":9.0,"key":"Letter Opener"},{"floor":13.0,"key":"Shovel"},{"floor":23.0,"key":"GoldenEye"},{"floor":26.0,"key":"Regal Pillow"},{"floor":26.0,"key":"Shuriken"},{"floor":31.0,"key":"Toy Ornithopter"},{"floor":41.0,"key":"Yang"},{"floor":44.0,"key":"Turnip"},{"floor":47.0,"key":"Whetstone"},{"floor":54,"key":"Mercury Hourglass"}],"event_choices":[{"damage_healed":0.0,"max_hp_gain":0.0,"max_hp_loss":0.0,"gold_gain":0.0,"event_name":"Golden Wing","player_choice":"Ignored","floor":4.0,"gold_loss":0.0,"damage_taken":0.0},{"damage_healed":0.0,"max_hp_gain":0.0,"max_hp_loss":0.0,"gold_gain":0.0,"event_name":"Upgrade Shrine","player_choice":"Upgraded","floor":11.0,"gold_loss":0.0,"damage_taken":0.0,"cards_upgraded":["EmptyFist"]},{"damage_healed":0.0,"max_hp_gain":0.0,"max_hp_loss":0.0,"gold_gain":0.0,"event_name":"The Library","player_choice":"Read","floor":21.0,"gold_loss":0.0,"damage_taken":0.0,"cards_obtained":["BowlingBash"]},{"damage_healed":0.0,"max_hp_gain":0.0,"max_hp_loss":0.0,"gold_gain":0.0,"event_name":"The Mausoleum","player_choice":"Ignored","floor":27.0,"gold_loss":0.0,"damage_taken":0.0},{"damage_healed":0.0,"max_hp_gain":0.0,"max_hp_loss":0.0,"gold_gain":0.0,"cards_transformed":["Defend_P"],"event_name":"Transmorgrifier","player_choice":"Transformed","floor":28.0,"gold_loss":0.0,"damage_taken":0.0,"cards_obtained":["LessonLearned"]},{"damage_healed":56.0,"max_hp_gain":0.0,"max_hp_loss":12.0,"gold_gain":0.0,"event_name":"The Moai Head","player_choice":"Heal","floor":37.0,"gold_loss":0.0,"damage_taken":0.0},{"damage_healed":0.0,"max_hp_gain":0.0,"max_hp_loss":0.0,"gold_gain":0.0,"event_name":"SensoryStone","player_choice":"Memory 1","floor":38.0,"gold_loss":0.0,"damage_taken":0.0},{"damage_healed":0.0,"max_hp_gain":0.0,"max_hp_loss":0.0,"gold_gain":0.0,"event_name":"Mysterious Sphere","player_choice":"Fight","floor":44.0,"gold_loss":0.0,"damage_taken":0.0}],"is_beta":false,"boss_relics":[{"not_picked":["Empty Cage","HolyWater"],"picked":"Velvet Choker"},{"not_picked":["Pandora\u0027s Box","Busted Crown"],"picked":"SlaversCollar"}],"items_purged_floors":[19,30,46],"is_endless":false,"potions_floor_spawned":[1,6,8,16,18,22,33,42,44,45,47,48,54],"killed_by":"The Heart","ascension_level":17}}