{"host":"s1gi8xs3so6zkrm7","time":1609282731,"event":{"mods":["BaseMod","Filter the Spire","Minty Spire (QoL Compilation)"],"gold_per_floor":[116,128,128,139,139,139,167,121,121,138,152,0,19,19,19,114,114,134,134,148,148,172,172,204,204,204,220,246,273,301,342,354,366,366],"floor_reached":33,"playtime":1771,"items_purged":[],"score":398,"play_id":"40729f48-1d79-4627-ab9d-770719c5b733","local_time":"20201229165851","is_ascension_mode":true,"campfire_choices":[{"data":"Dropkick","floor":6.0,"key":"SMITH"},{"floor":15.0,"key":"REST"},{"data":"Fiend Fire","floor":23.0,"key":"SMITH"},{"floor":25.0,"key":"RECALL"},{"floor":32,"key":"REST"}],"circlet_count":0,"master_deck":["Defend_R","Defend_R","Defend_R","Defend_R","Bash","Uppercut+1","Entrench","Dropkick+1","Body Slam+1","Shrug It Off","Flex","Fiend Fire+1","Disarm","Bite","Bite","Bite","Bite","Bite","Clash","Writhe","Shame","Body Slam+1","Clumsy","Pommel Strike","Flame Barrier","Inflame"],"relics":["Burning Blood","NeowsBlessing","Turnip","Lantern","Incense Burner","Bag of Preparation","Cursed Key","Nunchaku","Dream Catcher","Strawberry","InkBottle","MawBank","Red Mask"],"acts_visited":["Exordium","TheCity"],"potions_floor_usage":[28,28,33,33],"damage_taken":[{"damage":0.0,"enemies":"Cultist","floor":1.0,"turns":1.0},{"damage":0.0,"enemies":"Small Slimes","floor":2.0,"turns":1.0},{"damage":0.0,"enemies":"Jaw Worm","floor":4.0,"turns":1.0},{"damage":28.0,"enemies":"Gremlin Nob","floor":7.0,"turns":4.0},{"damage":9.0,"enemies":"2 Fungi Beasts","floor":10.0,"turns":2.0},{"damage":11.0,"enemies":"Exordium Wildlife","floor":11.0,"turns":9.0},{"damage":3.0,"enemies":"Blue Slaver","floor":13.0,"turns":3.0},{"damage":46.0,"enemies":"Hexaghost","floor":16.0,"turns":14.0},{"damage":12.0,"enemies":"Chosen","floor":18.0,"turns":4.0},{"damage":19.0,"enemies":"2 Thieves","floor":20.0,"turns":3.0},{"damage":25.0,"enemies":"Slavers","floor":24.0,"turns":6.0},{"damage":13.0,"enemies":"Cultist and Chosen","floor":27.0,"turns":6.0},{"damage":53,"enemies":"Gremlin Leader","floor":28,"turns":8},{"damage":0,"enemies":"Chosen and Byrds","floor":29,"turns":4},{"damage":0,"enemies":"Snake Plant","floor":30,"turns":2},{"damage":49,"enemies":"Masked Bandits","floor":31,"turns":6},{"damage":84,"enemies":"Automaton","floor":33,"turns":6}],"seed_played":"5451814087621126788","potions_obtained":[{"floor":4.0,"key":"Ancient Potion"},{"floor":7.0,"key":"Energy Potion"},{"floor":11.0,"key":"EssenceOfSteel"},{"floor":13.0,"key":"Regen Potion"},{"floor":29,"key":"SpeedPotion"},{"floor":31,"key":"Fruit Juice"}],"is_trial":false,"path_per_floor":["M","M","?","M","?","R","E","?","T","M","M","$","M","?","R","B",null,"M","?","M","?","T","R","E","R","T","M","E","M","M","?","R","B"],"character_chosen":"IRONCLAD","items_purchased":["Bag of Preparation"],"campfire_rested":2,"item_purchase_floors":[12],"current_hp_per_floor":[78,80,55,61,61,61,39,39,39,36,31,31,34,34,58,18,65,59,56,51,51,51,51,51,51,51,58,41,53,61,24,42,0,0],"gold":366,"neow_bonus":"THREE_ENEMY_KILL","is_daily":false,"chose_seed":false,"campfire_upgraded":2,"win_rate":0.0,"timestamp":1609282731,"path_taken":["M","?","?","M","?","R","E","?","T","?","M","$","M","?","R","BOSS","M","?","M","?","?","R","E","R","T","M","E","M","M","?","R","BOSS"],"items_purchased_type":["Relic"],"build_version":"2020-12-22","purchased_purges":0,"victory":false,"max_hp_per_floor":[80,80,80,80,80,80,80,80,80,80,80,80,80,80,80,80,80,80,56,56,56,56,56,63,63,63,63,63,63,63,63,63,68,68],"card_choices":[{"not_picked":["Perfected Strike","Clash"],"picked":"Uppercut","floor":1.0},{"not_picked":["Iron Wave","Havoc"],"picked":"Entrench","floor":2.0},{"not_picked":["Armaments","Sever Soul"],"picked":"Dropkick","floor":4.0},{"not_picked":["Offering","Twin Strike"],"picked":"Body Slam","floor":7.0},{"not_picked":["Whirlwind","Dropkick"],"picked":"Shrug It Off","floor":10.0},{"not_picked":["Anger","Body Slam","Thunderclap"],"picked":"SKIP","floor":11.0},{"not_picked":["Feel No Pain","Power Through"],"picked":"Flex","floor":13.0},{"not_picked":["Feed","Limit Break"],"picked":"Fiend Fire","floor":16.0},{"not_picked":["Clash","Heavy Blade"],"picked":"Disarm","floor":18.0},{"not_picked":["Iron Wave+1","Power Through"],"picked":"Clash","floor":20.0},{"not_picked":["Wild Strike","Hemokinesis"],"picked":"Body Slam+1","floor":24.0},{"not_picked":["Rampage","True Grit","Shrug It Off"],"picked":"SKIP","floor":27.0},{"not_picked":["Clash","Bludgeon"],"picked":"Pommel Strike","floor":28},{"not_picked":["Iron Wave","Thunderclap"],"picked":"Flame Barrier","floor":29},{"not_picked":["Shrug It Off+1","Twin Strike+1"],"picked":"Inflame","floor":30}],"player_experience":229076,"relics_obtained":[{"floor":7.0,"key":"Lantern"},{"floor":9.0,"key":"Incense Burner"},{"floor":22.0,"key":"Dream Catcher"},{"floor":24.0,"key":"Strawberry"},{"floor":26.0,"key":"InkBottle"},{"floor":28,"key":"MawBank"},{"floor":31,"key":"Red Mask"}],"event_choices":[{"damage_healed":0.0,"max_hp_gain":0.0,"max_hp_loss":0.0,"gold_gain":0.0,"event_name":"Scrap Ooze","player_choice":"Success","floor":3.0,"gold_loss":0.0,"damage_taken":25.0,"relics_obtained":["Turnip"]},{"damage_healed":0.0,"max_hp_gain":0.0,"max_hp_loss":0.0,"gold_gain":0.0,"event_name":"Living Wall","player_choice":"Grow","floor":5.0,"gold_loss":0.0,"damage_taken":0.0,"cards_upgraded":["Uppercut"]},{"damage_healed":0.0,"max_hp_gain":0.0,"max_hp_loss":0.0,"gold_gain":0.0,"event_name":"World of Goop","player_choice":"Left Gold","floor":8.0,"gold_loss":46.0,"damage_taken":0.0},{"damage_healed":0.0,"max_hp_gain":0.0,"max_hp_loss":0.0,"gold_gain":0.0,"event_name":"Upgrade Shrine","player_choice":"Upgraded","floor":14.0,"gold_loss":0.0,"damage_taken":0.0,"cards_upgraded":["Body Slam"]},{"damage_healed":0.0,"max_hp_gain":0.0,"max_hp_loss":24.0,"gold_gain":0.0,"event_name":"Vampires","player_choice":"Became a vampire","floor":19.0,"gold_loss":0.0,"damage_taken":0.0,"cards_obtained":["Bite","Bite","Bite","Bite","Bite"]},{"damage_healed":0.0,"max_hp_gain":0.0,"max_hp_loss":0.0,"gold_gain":0.0,"event_name":"The Mausoleum","player_choice":"Opened","floor":21.0,"gold_loss":0.0,"damage_taken":0.0,"relics_obtained":["Nunchaku"],"cards_obtained":["Writhe"]},{"damage_healed":0,"gold_gain":0,"player_choice":"Fought Bandits","damage_taken":0,"max_hp_gain":0,"max_hp_loss":0,"event_name":"Masked Bandits","floor":31,"gold_loss":0}],"is_beta":false,"boss_relics":[{"not_picked":["Philosopher\u0027s Stone","SacredBark"],"picked":"Cursed Key"}],"items_purged_floors":[],"is_endless":false,"potions_floor_spawned":[4,7,11,13,20,27,29,31],"killed_by":"Automaton","ascension_level":6}}