{"host":"sxnl403xm2xmiyj1","time":1609235641,"event":{"mods":["AchievementEnabler","BaseMod","Colored Map","Keyboard Shortcuts","Minty Spire (QoL Compilation)","Quick Restart","StSLib","SuperFastMode"],"gold_per_floor":[115,128,42,55,65,65,96,96,170,170,170,170,188,205,205,281,281,292,306,71,71,87,87,98,126,126,126,140,172,172,172,172],"floor_reached":31,"playtime":553,"items_purged":["Strike_B"],"score":513,"play_id":"5d8fae87-1206-4771-a531-50aa7d129eb1","local_time":"20201229185401","is_ascension_mode":true,"campfire_choices":[{"data":"Zap","floor":6.0,"key":"SMITH"},{"data":"Barrage","floor":8.0,"key":"SMITH"},{"floor":10.0,"key":"REST"},{"data":"Lockon","floor":12.0,"key":"SMITH"},{"data":"Barrage","floor":15.0,"key":"SMITH"},{"data":"Capacitor","floor":23.0,"key":"SMITH"},{"data":"Defragment","floor":27.0,"key":"SMITH"}],"circlet_count":0,"master_deck":["AscendersBane","Strike_B","Strike_B","Defend_B","Defend_B","Defend_B","Defend_B","Zap+1","Dualcast","Compile Driver","Lockon+1","Skim","Streamline","Barrage+1","Chill","Barrage+1","Rebound","Core Surge","Capacitor+1","Ball Lightning","Barrage","Chill","Hologram","Beam Cell+1","Chill","Defragment+1","Thunder Strike","Barrage"],"relics":["Cracked Core","NeowsBlessing","Incense Burner","HornCleat","Sozu","Blood Vial","Bag of Preparation","Red Mask"],"acts_visited":["Exordium","TheCity"],"potions_floor_usage":[],"damage_taken":[{"damage":0.0,"enemies":"Cultist","floor":1.0,"turns":1.0},{"damage":0.0,"enemies":"2 Louse","floor":2.0,"turns":1.0},{"damage":0.0,"enemies":"Small Slimes","floor":4.0,"turns":1.0},{"damage":14.0,"enemies":"Red Slaver","floor":5.0,"turns":4.0},{"damage":10.0,"enemies":"Lagavulin","floor":7.0,"turns":6.0},{"damage":0.0,"enemies":"Looter","floor":13.0,"turns":3.0},{"damage":6.0,"enemies":"Large Slime","floor":14.0,"turns":3.0},{"damage":16.0,"enemies":"The Guardian","floor":16.0,"turns":9.0},{"damage":0.0,"enemies":"Spheric Guardian","floor":18.0,"turns":4.0},{"damage":24.0,"enemies":"2 Thieves","floor":19.0,"turns":4.0},{"damage":7.0,"enemies":"Centurion and Healer","floor":22.0,"turns":6.0},{"damage":0.0,"enemies":"Snecko","floor":24.0,"turns":3.0},{"damage":14.0,"enemies":"Slavers","floor":25.0,"turns":5.0},{"damage":14.0,"enemies":"Snake Plant","floor":28.0,"turns":4.0},{"damage":7.0,"enemies":"Masked Bandits","floor":29.0,"turns":4.0},{"damage":11,"enemies":"Shelled Parasite and Fungi","floor":31,"turns":1}],"seed_played":"1216915409726358656","potions_obtained":[{"floor":1.0,"key":"PowerPotion"},{"floor":7.0,"key":"ColorlessPotion"},{"floor":13.0,"key":"PowerPotion"},{"floor":14.0,"key":"Fire Potion"}],"is_trial":false,"path_per_floor":["M","M","$","M","M","R","E","R","T","R","?","R","M","M","R","B",null,"M","M","$","?","M","R","M","E","T","R","M","?","?","M"],"character_chosen":"DEFECT","items_purchased":["Skim","Barrage","Chill","Hologram"],"campfire_rested":1,"item_purchase_floors":[3,20,20,20],"current_hp_per_floor":[64,64,64,64,50,50,40,40,40,61,61,61,61,55,55,39,63,63,39,39,39,32,32,32,18,18,18,6,1,1,0,0],"gold":172,"neow_bonus":"THREE_ENEMY_KILL","is_daily":false,"chose_seed":false,"campfire_upgraded":6,"win_rate":0.0,"timestamp":1609235641,"path_taken":["M","M","?","?","M","R","E","R","T","R","?","R","M","M","R","BOSS","M","M","$","?","?","R","M","E","T","R","M","?","?","M"],"items_purchased_type":["Card","Card","Card","Card"],"build_version":"2020-12-22","purchased_purges":1,"victory":false,"max_hp_per_floor":[71,71,71,71,71,71,71,71,71,71,71,71,71,71,71,71,71,71,71,71,71,71,71,71,71,71,71,71,71,71,71,71],"card_choices":[{"not_picked":["Force Field","Steam"],"picked":"Compile Driver","floor":1.0},{"not_picked":["Leap","Sweeping Beam"],"picked":"Lockon","floor":2.0},{"not_picked":["Leap","Conserve Battery"],"picked":"Streamline","floor":4.0},{"not_picked":["Sweeping Beam","Streamline"],"picked":"Barrage","floor":5.0},{"not_picked":["BootSequence","White Noise"],"picked":"Chill","floor":7.0},{"not_picked":["Tempest","Conserve Battery"],"picked":"Barrage","floor":13.0},{"not_picked":["Beam Cell","Storm"],"picked":"Rebound","floor":14.0},{"not_picked":["Rainbow","Hyperbeam"],"picked":"Core Surge","floor":16.0},{"not_picked":["Force Field+1","Go for the Eyes+1"],"picked":"Capacitor","floor":18.0},{"not_picked":["Turbo","Reprogram"],"picked":"Ball Lightning","floor":19.0},{"not_picked":["Consume","Stack"],"picked":"Beam Cell+1","floor":22.0},{"not_picked":["Streamline+1","Turbo"],"picked":"Chill","floor":24.0},{"not_picked":["Conserve Battery","Double Energy"],"picked":"Defragment","floor":25.0},{"not_picked":["Sunder","Steam Power"],"picked":"Thunder Strike","floor":28.0},{"not_picked":["Steam","Melter+1"],"picked":"Barrage","floor":29.0}],"player_experience":136070,"relics_obtained":[{"floor":7.0,"key":"Incense Burner"},{"floor":9.0,"key":"HornCleat"},{"floor":25.0,"key":"Blood Vial"},{"floor":26.0,"key":"Bag of Preparation"},{"floor":29.0,"key":"Red Mask"}],"event_choices":[{"damage_healed":0.0,"max_hp_gain":0.0,"max_hp_loss":0.0,"gold_gain":0.0,"event_name":"Liars Game","player_choice":"Ignored","floor":11.0,"gold_loss":0.0,"damage_taken":0.0},{"damage_healed":0.0,"max_hp_gain":0.0,"max_hp_loss":0.0,"gold_gain":0.0,"event_name":"N\u0027loth","player_choice":"Ignored","floor":21.0,"gold_loss":0.0,"damage_taken":0.0},{"damage_healed":0.0,"max_hp_gain":0.0,"max_hp_loss":0.0,"gold_gain":0.0,"event_name":"Masked Bandits","player_choice":"Fought Bandits","floor":29.0,"gold_loss":0.0,"damage_taken":0.0},{"cards_removed":["Strike_B"],"damage_healed":0.0,"max_hp_gain":0.0,"max_hp_loss":0.0,"gold_gain":0.0,"event_name":"Back to Basics","player_choice":"Elegance","floor":30.0,"gold_loss":0.0,"damage_taken":0.0}],"is_beta":false,"boss_relics":[{"not_picked":["Philosopher\u0027s Stone","Fusion Hammer"],"picked":"Sozu"}],"items_purged_floors":[20],"is_endless":false,"potions_floor_spawned":[1,7,13,14,24,25],"killed_by":"Shelled Parasite and Fungi","ascension_level":18}}