{"host":"ji1fk25fd1ga4ji1","time":1609237445,"event":{"mods":["2.2 Compatiblity","BaseMod","Colored Map","DeckTracker","Minty Spire (QoL Compilation)","Permanent Neow","Quick Restart","StSLib","SuperFastMode"],"gold_per_floor":[110,129,148,161,179,179,196,196,271,289,301,4,30,49,49,146,146,160,160,259,259,272,272,306,320,371,8,38,38,68,82,82,184,184,198,212,262,7,18,18,49,49,49,66,66,66,95,18,18,18],"floor_reached":51,"playtime":1371,"items_purged":["Strike_G","Defend_G"],"score":910,"play_id":"4ae488fb-2b18-4af7-b9ce-b96375e73c63","local_time":"20201229192405","is_ascension_mode":true,"campfire_choices":[{"data":"Neutralize","floor":6.0,"key":"SMITH"},{"data":"Blade Dance","floor":8.0,"key":"SMITH"},{"data":"Footwork","floor":15.0,"key":"SMITH"},{"data":"PiercingWail","floor":23,"key":"SMITH"},{"data":"Finisher","floor":29,"key":"SMITH"},{"data":"Accuracy","floor":32,"key":"SMITH"},{"data":"Deflect","floor":40,"key":"SMITH"},{"floor":42,"key":"RECALL"},{"floor":49,"key":"REST"}],"circlet_count":0,"master_deck":["Strike_G+1","Defend_G","Defend_G","Survivor","Neutralize+1","Flying Knee+1","Deflect+1","PiercingWail+1","Flying Knee","Blade Dance+1","Acrobatics+1","Footwork+1","Cloak And Dagger+1","Adrenaline+1","Footwork+1","Envenom+1","Venomology+1","Backflip+1","Dodge and Roll+1","Storm of Steel+1","Prepared+1","Finisher+1","Accuracy+1","Adrenaline+1","Blade Dance+1","Accuracy+1","Blade Dance+1","Madness+1","Madness+1","Accuracy+1"],"relics":["Ring of the Serpent","Toxic Egg 2","Pen Nib","Astrolabe","Lizard Tail","Whetstone","Tingsha","Art of War","Snake Skull","Thread and Needle","DollysMirror","Frozen Egg 2","Ornamental Fan","Bag of Marbles"],"acts_visited":["Exordium","TheCity","TheBeyond"],"potions_floor_usage":[24,25,28,28,30,31,33,35,36,39,39,41,44,47,50,50,50,50,50,50,50,50,50],"damage_taken":[{"damage":4.0,"enemies":"Cultist","floor":1.0,"turns":4.0},{"damage":0.0,"enemies":"Small Slimes","floor":2.0,"turns":3.0},{"damage":0.0,"enemies":"2 Louse","floor":3.0,"turns":3.0},{"damage":4.0,"enemies":"Blue Slaver","floor":4.0,"turns":5.0},{"damage":4.0,"enemies":"2 Fungi Beasts","floor":5.0,"turns":5.0},{"damage":3.0,"enemies":"Looter","floor":7.0,"turns":4.0},{"damage":1.0,"enemies":"Blue Slaver","floor":10.0,"turns":2.0},{"damage":5.0,"enemies":"Red Slaver","floor":11.0,"turns":2.0},{"damage":13.0,"enemies":"Gremlin Nob","floor":13.0,"turns":4.0},{"damage":8.0,"enemies":"Exordium Wildlife","floor":14.0,"turns":5.0},{"damage":19.0,"enemies":"The Guardian","floor":16.0,"turns":13.0},{"damage":0,"enemies":"Chosen","floor":18,"turns":4},{"damage":0,"enemies":"Shell Parasite","floor":22,"turns":5},{"damage":0,"enemies":"Book of Stabbing","floor":24,"turns":6},{"damage":9,"enemies":"Centurion and Healer","floor":25,"turns":7},{"damage":0,"enemies":"Gremlin Leader","floor":28,"turns":4},{"damage":8,"enemies":"Slavers","floor":30,"turns":4},{"damage":0,"enemies":"Snecko","floor":31,"turns":6},{"damage":28,"enemies":"Champ","floor":33,"turns":7},{"damage":0,"enemies":"Orb Walker","floor":35,"turns":2},{"damage":0,"enemies":"3 Shapes","floor":36,"turns":3},{"damage":0,"enemies":"Mind Bloom Boss Battle","floor":37,"turns":4},{"damage":0,"enemies":"Transient","floor":39,"turns":5},{"damage":0,"enemies":"Giant Head","floor":41,"turns":4},{"damage":5,"enemies":"Writhing Mass","floor":44,"turns":6},{"damage":0,"enemies":"Nemesis","floor":47,"turns":7},{"damage":53,"enemies":"Time Eater","floor":50,"turns":8}],"seed_played":"-1340400047066335110","potions_obtained":[{"floor":2.0,"key":"PowerPotion"},{"floor":3.0,"key":"Fruit Juice"},{"floor":4.0,"key":"Strength Potion"},{"floor":7.0,"key":"Dexterity Potion"},{"floor":25,"key":"PowerPotion"},{"floor":28,"key":"ColorlessPotion"},{"floor":39,"key":"Block Potion"}],"is_trial":false,"path_per_floor":["M","M","M","M","M","R","M","R","T","M","M","$","E","M","R","B",null,"M","?","?","?","M","R","E","M","T","$","E","R","E","M","R","B",null,"M","M","?","$","M","R","E","R","T","M","$","?","E","$","R","B",null],"character_chosen":"THE_SILENT","items_purchased":["Pen Nib","Footwork","Tingsha","Finisher","DollysMirror","Accuracy+1"],"campfire_rested":1,"item_purchase_floors":[12,12,27,27,38,48],"current_hp_per_floor":[66,66,71,67,63,63,60,60,60,59,54,54,41,33,33,14,75,75,75,75,75,75,75,75,66,66,66,66,66,58,58,58,30,75,75,75,75,75,75,75,75,75,75,70,70,61,61,61,75,36],"gold":18,"neow_bonus":"REMOVE_CARD","is_daily":false,"chose_seed":false,"campfire_upgraded":7,"win_rate":0.0,"timestamp":1609237445,"path_taken":["M","?","?","M","M","R","M","R","T","M","M","$","E","M","R","BOSS","BOSS","M","?","?","?","M","R","E","M","T","$","E","R","E","M","R","BOSS","M","M","?","$","M","R","E","R","T","M","$","?","E","?","R","BOSS"],"items_purchased_type":["Relic","Card","Relic","Card","Relic","Card"],"build_version":"2020-12-22","purchased_purges":2,"victory":true,"max_hp_per_floor":[70,70,75,75,75,75,75,75,75,75,75,75,75,75,75,75,75,75,75,75,75,75,75,75,75,75,75,75,75,75,75,75,75,75,75,75,75,75,75,75,75,75,75,75,75,75,75,75,75,75],"card_choices":[{"not_picked":["Finisher","Noxious Fumes"],"picked":"Flying Knee","floor":1.0},{"not_picked":["Dodge and Roll","Endless Agony"],"picked":"Deflect","floor":2.0},{"not_picked":["Setup","Acrobatics"],"picked":"PiercingWail","floor":3.0},{"not_picked":["Sucker Punch","Underhanded Strike","Outmaneuver"],"picked":"SKIP","floor":4.0},{"not_picked":["Backflip","Bane"],"picked":"Flying Knee","floor":5.0},{"not_picked":["Outmaneuver","Flying Knee"],"picked":"Blade Dance","floor":7.0},{"not_picked":["Bane","Slice"],"picked":"Acrobatics+1","floor":10.0},{"not_picked":["Endless Agony","All Out Attack","Envenom"],"picked":"SKIP","floor":11.0},{"not_picked":["Venomology+1","Backflip+1"],"picked":"Cloak And Dagger+1","floor":13.0},{"not_picked":["Slice","Dash","Sucker Punch"],"picked":"SKIP","floor":14.0},{"not_picked":["Envenom","Burst+1"],"picked":"Adrenaline+1","floor":16},{"not_picked":["Escape Plan+1","Predator"],"picked":"Backflip+1","floor":18},{"not_picked":["Dagger Spray","Poisoned Stab"],"picked":"Dodge and Roll+1","floor":22},{"not_picked":["Outmaneuver+1","Skewer"],"picked":"Storm of Steel+1","floor":24},{"not_picked":["PiercingWail+1","Flying Knee+1"],"picked":"Prepared+1","floor":25},{"not_picked":["Bane","Malaise+1","Sucker Punch+1"],"picked":"SKIP","floor":28},{"not_picked":["Dagger Throw","Cloak And Dagger+1","Masterful Stab"],"picked":"SKIP","floor":30},{"not_picked":["Prepared+1","Setup+1"],"picked":"Accuracy","floor":31},{"not_picked":["Malaise+1","Unload"],"picked":"Adrenaline+1","floor":33},{"not_picked":["Dagger Throw","PiercingWail+1"],"picked":"Blade Dance+1","floor":35},{"not_picked":["Dagger Throw","Unload","Cloak And Dagger+1"],"picked":"SKIP","floor":36},{"not_picked":["Prepared+1","Deflect+1","Dash"],"picked":"SKIP","floor":39},{"not_picked":["Backflip+1","Heel Hook","Dagger Spray"],"picked":"SKIP","floor":41},{"not_picked":["Tactician+1","Heel Hook"],"picked":"Blade Dance+1","floor":44},{"not_picked":["Flying Knee+1","Unload","Grand Finale"],"picked":"SKIP","floor":47}],"player_experience":1228588,"relics_obtained":[{"floor":9.0,"key":"Toxic Egg 2"},{"floor":24,"key":"Lizard Tail"},{"floor":26,"key":"Whetstone"},{"floor":28,"key":"Art of War"},{"floor":30,"key":"Snake Skull"},{"floor":37,"key":"Thread and Needle"},{"floor":41,"key":"Frozen Egg 2"},{"floor":43,"key":"Ornamental Fan"},{"floor":47,"key":"Bag of Marbles"}],"event_choices":[{"damage_healed":0,"gold_gain":0,"player_choice":"Ignored","damage_taken":0,"max_hp_gain":0,"max_hp_loss":0,"event_name":"Ghosts","floor":19,"gold_loss":0},{"damage_healed":0,"gold_gain":99,"player_choice":"Stole From Cult","damage_taken":0,"max_hp_gain":0,"max_hp_loss":0,"event_name":"Nest","floor":20,"gold_loss":0},{"cards_removed":["Strike_G"],"damage_healed":0,"gold_gain":0,"player_choice":"Elegance","damage_taken":0,"max_hp_gain":0,"max_hp_loss":0,"event_name":"Back to Basics","floor":21,"gold_loss":0},{"damage_healed":0,"gold_gain":0,"player_choice":"Fight","damage_taken":0,"max_hp_gain":0,"max_hp_loss":0,"event_name":"MindBloom","floor":37,"gold_loss":0},{"damage_healed":0,"gold_gain":0,"player_choice":"Embrace Madness","damage_taken":9,"max_hp_gain":0,"max_hp_loss":0,"event_name":"Winding Halls","floor":46,"gold_loss":0,"cards_obtained":["Madness","Madness"]}],"is_beta":false,"boss_relics":[{"not_picked":["Runic Dome","Coffee Dripper"],"picked":"Astrolabe"},{"not_picked":["Velvet Choker","Runic Pyramid"],"picked":"Ring of the Serpent"}],"items_purged_floors":[12,38],"is_endless":false,"potions_floor_spawned":[2,3,4,7,25,28,33,37,39,44,47],"ascension_level":1}}