{"host":"qwp6882a7gaon7u5","time":1609226578,"event":{"mods":["ATMod(°¢èªMod)","BaseMod","BetterRewards","Minty Spire (QoL Compilation)","Red Circlet Mod","Replay The Spire","RumiaBox-Â¶Ã×æ«µÄÉñÃØºÐ×Ó","Spicy Shops","StSLib","¡¾¹¦ÄÜMod¡¿»ìãçÖ®»·ÐÞ¸´²¹¶¡","¡¾ÒÅÎï¿¨ÅÆ¡¿REMEMod"],"gold_per_floor":[112,130,140,140,65,96,96,96,96,96,96,124,124,157,157,262,262,282,282,182,182,196,228,241,241,241,241,253,253,278,278,278,381,381,397,409,457,457,208,265,265,297,297,297,316,326,361,371,371,371,371,371,22,47,47],"floor_reached":56,"playtime":2237,"items_purged":["Strike_R","Defend_R","Defend_R","Defend_R"],"score":1758,"play_id":"fa7cdb62-6525-43d4-b4dd-cdd98ec57d93","local_time":"20201229152258","is_ascension_mode":true,"campfire_choices":[{"data":"AT_FamilyPortrait","floor":8,"key":"SMITH"},{"floor":10,"key":"RECALL"},{"data":"AT_IchimonjiDouble","floor":13,"key":"SMITH"},{"data":"AT_CaressingTears","floor":15,"key":"SMITH"},{"data":"Bloodletting","floor":27,"key":"SMITH"},{"data":"Demon Form","floor":29,"key":"SMITH"},{"data":"REME_Cut","floor":32,"key":"SMITH"},{"data":"Seeing Red","floor":41,"key":"SMITH"},{"data":"AT_ShrugMaster","floor":44,"key":"SMITH"},{"floor":49,"key":"REST"},{"data":"Sword Boomerang","floor":52,"key":"SMITH"}],"circlet_count":0,"master_deck":["Strike_R","Strike_R","Defend_R","Bash","AT_FamilyPortrait+1","ReplayTheSpireMod:Stacked","Pommel Strike","AT_IchimonjiDouble+1","Demon Form+1","AT_CaressingTears+1","REME_ACTH","AT_ManFootWork","Bloodletting+1","Sword Boomerang+1","REME_Cut+1","Offering","Metallicize","AT_ShrugMaster+1","Seeing Red+1","Infernal Blade+1","Pummel+1","Metallicize","Metallicize+1"],"relics":["Burning Blood","REME_ComplimentaryCards","AT_ATBox","AddBug","SecretRecord","SecretRecord","SecretRecord","SecretRecord","SecretRecord","SecretRecord"],"acts_visited":["Exordium","TheCity","TheBeyond","TheEnding"],"potions_floor_usage":[30,40,40,46,46,50,55,55,55],"damage_taken":[{"damage":0,"enemies":"Cultist","floor":1,"turns":3},{"damage":0,"enemies":"Jaw Worm","floor":2,"turns":3},{"damage":0,"enemies":"Small Slimes","floor":3,"turns":3},{"damage":13,"enemies":"Lagavulin","floor":6,"turns":5},{"damage":0,"enemies":"Gremlin Nob","floor":12,"turns":3},{"damage":26,"enemies":"3 Sentries","floor":14,"turns":6},{"damage":0,"enemies":"Fading Forest","floor":16,"turns":9},{"damage":0,"enemies":"Spheric Guardian","floor":18,"turns":1},{"damage":10,"enemies":"2 Thieves","floor":22,"turns":2},{"damage":0,"enemies":"Book of Stabbing","floor":23,"turns":3},{"damage":3,"enemies":"Snake Plant","floor":24,"turns":1},{"damage":3,"enemies":"Shelled Parasite and Fungi","floor":28,"turns":1},{"damage":22,"enemies":"Gremlin Leader","floor":30,"turns":3},{"damage":18,"enemies":"Pondfish","floor":33,"turns":5},{"damage":9,"enemies":"3 Darklings","floor":35,"turns":2},{"damage":6,"enemies":"Orb Walker","floor":36,"turns":2},{"damage":40,"enemies":"Reptomancer","floor":40,"turns":3},{"damage":3,"enemies":"Giant Head","floor":42,"turns":1},{"damage":9,"enemies":"3 Darklings","floor":45,"turns":3},{"damage":13,"enemies":"Spire Growth","floor":46,"turns":2},{"damage":17,"enemies":"R_Hoarder","floor":47,"turns":5},{"damage":0,"enemies":"Jaw Worm Horde","floor":48,"turns":1},{"damage":21,"enemies":"Awakened One","floor":50,"turns":3},{"damage":9,"enemies":"Shield and Spear","floor":54,"turns":2},{"damage":51,"enemies":"The Heart","floor":55,"turns":7}],"seed_played":"-4299721411867808089","potions_obtained":[{"floor":1,"key":"SteroidPotion"},{"floor":3,"key":"Milkshake"},{"floor":12,"key":"Strength Potion"},{"floor":36,"key":"REME_GoldPotion"},{"floor":42,"key":"FearPotion"},{"floor":45,"key":"PowerPotion"},{"floor":46,"key":"FearPotion"},{"floor":54,"key":"PowerPotion"}],"is_trial":false,"path_per_floor":["M","M","M","?","$","E","$","R","T","R","?","E","R","E","R","B",null,"M","?","$","T","M","E","M","?","T","R","M","R","E","T","R","B",null,"M","M","?","?","$","E","R","E","T","R","M","M","E","M","R","B",null,"R","$","E","B",null],"character_chosen":"IRONCLAD","items_purchased":["ReplayTheSpireMod:ShopPack","Metallicize","SkillPotion","Reflective Coating"],"campfire_rested":1,"item_purchase_floors":[39,53,53,53],"current_hp_per_floor":[80,80,80,80,80,73,73,73,73,73,73,79,79,59,59,80,80,80,80,80,80,76,80,80,80,80,80,80,80,64,64,64,52,80,77,77,57,57,57,41,41,44,44,44,41,34,27,33,57,42,80,80,80,77,64],"gold":47,"neow_bonus":"","is_daily":false,"chose_seed":false,"campfire_upgraded":9,"win_rate":0.0,"timestamp":1609226578,"path_taken":["M","M","?","?","$","E","$","R","T","R","?","E","R","E","R","BOSS","M","?","?","?","M","E","M","?","T","R","?","R","E","?","R","BOSS","M","M","?","?","?","E","R","E","T","R","M","M","E","M","R","BOSS","R","$","E","BOSS"],"items_purchased_type":["Relic","Card","Potion","Potion"],"build_version":"2020-12-22","purchased_purges":4,"victory":true,"max_hp_per_floor":[80,80,80,80,80,80,80,80,80,80,80,80,80,80,80,80,80,80,80,80,80,80,80,80,80,80,80,80,80,80,80,80,80,80,80,80,80,80,80,80,80,80,80,80,80,80,80,80,80,80,80,80,80,80,80],"card_choices":[{"not_picked":["Warcry","Searing Blow"],"picked":"ReplayTheSpireMod:Stacked","floor":1},{"not_picked":["Perfected Strike","ReplayTheSpireMod:Stacked"],"picked":"Pommel Strike","floor":2},{"not_picked":["Perfected Strike","Wild Strike"],"picked":"AT_IchimonjiDouble","floor":3},{"not_picked":["Shrug It Off","AT_ManFootWork"],"picked":"Demon Form","floor":6},{"not_picked":["Burning Pact","Perfected Strike","AT_IchimonjiDouble"],"picked":"SKIP","floor":12},{"not_picked":["Combust","Pommel Strike"],"picked":"AT_CaressingTears","floor":14},{"not_picked":["Exhume","Bludgeon"],"picked":"REME_ACTH","floor":16},{"not_picked":["Flex","Perfected Strike+1"],"picked":"AT_ManFootWork","floor":18},{"not_picked":["AT_GerminateFire","ReplayTheSpireMod:Strike From Hell","ReplayTheSpireMod:Muscle Training"],"picked":"SKIP","floor":22},{"not_picked":["Warcry","AT_IchimonjiDouble"],"picked":"Bloodletting","floor":23},{"not_picked":["Burning Pact","Clothesline"],"picked":"Sword Boomerang","floor":24},{"not_picked":["REME_Fury","Battle Trance","Pommel Strike"],"picked":"SKIP","floor":28},{"not_picked":["Wild Strike","Warcry"],"picked":"REME_Cut","floor":30},{"not_picked":["Immolate","AT_Dispersion"],"picked":"Offering","floor":33},{"not_picked":["Run Through","ReplayTheSpireMod:LeadingStrike+1"],"picked":"Metallicize","floor":35},{"not_picked":["Hemokinesis+1","Armaments+1"],"picked":"AT_ShrugMaster","floor":36},{"not_picked":["Armaments","Heavy Blade"],"picked":"Seeing Red","floor":40},{"not_picked":["Intimidate","Havoc"],"picked":"Infernal Blade+1","floor":42},{"not_picked":["Anger","Clothesline+1"],"picked":"Pummel+1","floor":45},{"not_picked":["Body Slam+1","Clash","Havoc+1"],"picked":"SKIP","floor":46},{"not_picked":["Massacre+1","Dual Wield","AT_GerminateFire+1"],"picked":"SKIP","floor":47},{"not_picked":["Pommel Strike+1","True Grit","Iron Wave+1"],"picked":"SKIP","floor":48},{"not_picked":["Flex+1","Exhume"],"picked":"Metallicize+1","floor":54}],"player_experience":148983,"relics_obtained":[{"floor":1,"key":"AddBug"},{"floor":6,"key":"SecretRecord"},{"floor":6,"key":"REME_ArchaeologicalTools"},{"floor":12,"key":"Turnip"},{"floor":14,"key":"Whetstone"},{"floor":18,"key":"SecretRecord"},{"floor":21,"key":"GodSword6"},{"floor":23,"key":"AT_Manta"},{"floor":26,"key":"The Courier"},{"floor":30,"key":"SecretRecord"},{"floor":30,"key":"War Paint"},{"floor":31,"key":"Garlic"},{"floor":37,"key":"Snack Pack"},{"floor":40,"key":"SecretRecord"},{"floor":40,"key":"Shovel"},{"floor":42,"key":"Bronze Scales"},{"floor":43,"key":"Bottled Tornado"},{"floor":47,"key":"SecretRecord"},{"floor":47,"key":"Onion Ring"},{"floor":54,"key":"Blood Vial"}],"event_choices":[{"damage_healed":0,"gold_gain":0,"player_choice":"Ignored","damage_taken":0,"max_hp_gain":0,"max_hp_loss":0,"event_name":"Liars Game","floor":11,"gold_loss":0},{"damage_healed":0,"gold_gain":0,"player_choice":"Bought 0 Potions","damage_taken":0,"max_hp_gain":0,"max_hp_loss":0,"event_name":"The Woman in Blue","floor":25,"gold_loss":0},{"cards_removed":["Strike_R"],"damage_healed":0,"gold_gain":0,"player_choice":"Removed Attack","damage_taken":0,"max_hp_gain":0,"max_hp_loss":0,"event_name":"Falling","floor":38,"gold_loss":0}],"is_beta":false,"boss_relics":[{"not_picked":["Fusion Hammer","Cursed Key"],"picked":"REME_ChargedStone"},{"not_picked":["Painkiller Herb","Replay:Bronze Core"],"picked":"Coffee Dripper"}],"items_purged_floors":[5,20,39,53],"is_endless":false,"potions_floor_spawned":[1,3,12,16,23,28,36,42,45,46,54],"ascension_level":1}}