{"host":"zxkjcgzis4pm3za5","time":1609216075,"event":{"mods":["AchievementEnabler","BaseMod","Colored Map","Colored Powertips","Minty Spire (QoL Compilation)","Quick Restart","RNG Fix","Random Character Button","StSLib"],"gold_per_floor":[116,191,211,211,211,211,236,248,260,302,324,349,373,415,427,542,554,579,322,322,322,338,338,373,373,420,446,460,489,508,532,532,633,633,652,409,409,138,149,181,181,229,299,299,329,345,396,407,407,407,407,407,106,138,138],"floor_reached":56,"playtime":2443,"items_purged":["Strike_P","Blasphemy","Nirvana+1","Collect+1"],"score":1857,"play_id":"ae285e0a-07fc-4414-bee1-1c1508a07628","local_time":"20201229095755","is_ascension_mode":true,"campfire_choices":[{"data":"Collect","floor":6.0,"key":"SMITH"},{"data":"SpiritShield","floor":8.0,"key":"SMITH"},{"data":"TalkToTheHand","floor":15.0,"key":"SMITH"},{"floor":23.0,"key":"REST"},{"floor":25.0,"key":"REST"},{"data":"Fasting2","floor":32.0,"key":"SMITH"},{"data":"Ragnarok","floor":41.0,"key":"SMITH"},{"floor":44.0,"key":"RECALL"},{"floor":49.0,"key":"DIG"},{"floor":52.0,"key":"DIG"}],"circlet_count":0,"master_deck":["AscendersBane","Strike_P+1","Strike_P+1","Defend_P","Defend_P","Eruption","Vigilance","CutThroughFate","SpiritShield+1","Conclude","DeceiveReality","SandsOfTime","Tantrum","BowlingBash","TalkToTheHand+1","ThirdEye+1","TalkToTheHand+1","SashWhip+1","WheelKick","Panacea","Fasting2+1","Protect","Wallop+1","DeusExMachina+1","Swivel+1","Ragnarok+1","LessonLearned","Blasphemy+1","FlyingSleeves+1","Wallop","Ragnarok","InnerPeace+1","SpiritShield"],"relics":["Snecko Eye","MawBank","Prayer Wheel","Happy Flower","Odd Mushroom","Sozu","Enchiridion","Bottled Lightning","Bag of Marbles","Juzu Bracelet","Astrolabe","Vajra","OrangePellets","Oddly Smooth Stone","Shovel","Eternal Feather","Toy Ornithopter","Blood Vial","Shuriken","White Beast Statue","Damaru","Art of War"],"acts_visited":["Exordium","TheCity","TheBeyond","TheEnding"],"potions_floor_usage":[55,55],"damage_taken":[{"damage":0.0,"enemies":"2 Louse","floor":1.0,"turns":2.0},{"damage":1.0,"enemies":"Cultist","floor":3.0,"turns":4.0},{"damage":2.0,"enemies":"Lagavulin","floor":7.0,"turns":4.0},{"damage":27.0,"enemies":"3 Sentries","floor":10.0,"turns":11.0},{"damage":0.0,"enemies":"Small Slimes","floor":11.0,"turns":2.0},{"damage":0.0,"enemies":"3 Louse","floor":12.0,"turns":2.0},{"damage":0.0,"enemies":"Large Slime","floor":13.0,"turns":2.0},{"damage":3.0,"enemies":"The Mushroom Lair","floor":14.0,"turns":3.0},{"damage":0.0,"enemies":"Hexaghost","floor":16.0,"turns":8.0},{"damage":0.0,"enemies":"Spheric Guardian","floor":18.0,"turns":1.0},{"damage":8.0,"enemies":"Shell Parasite","floor":22.0,"turns":5.0},{"damage":21.0,"enemies":"Slavers","floor":24.0,"turns":5.0},{"damage":11.0,"enemies":"Book of Stabbing","floor":27.0,"turns":7.0},{"damage":0.0,"enemies":"Shelled Parasite and Fungi","floor":28.0,"turns":4.0},{"damage":10.0,"enemies":"Slavers","floor":29.0,"turns":3.0},{"damage":0.0,"enemies":"Snake Plant","floor":30.0,"turns":2.0},{"damage":19.0,"enemies":"Automaton","floor":33.0,"turns":7.0},{"damage":0.0,"enemies":"Orb Walker","floor":35.0,"turns":2.0},{"damage":0.0,"enemies":"3 Darklings","floor":39.0,"turns":2.0},{"damage":16.0,"enemies":"Reptomancer","floor":40.0,"turns":6.0},{"damage":8.0,"enemies":"2 Orb Walkers","floor":42.0,"turns":4.0},{"damage":0.0,"enemies":"Giant Head","floor":45.0,"turns":6.0},{"damage":0.0,"enemies":"Maw","floor":46.0,"turns":4.0},{"damage":0.0,"enemies":"Spire Growth","floor":48.0,"turns":2.0},{"damage":6.0,"enemies":"Time Eater","floor":50.0,"turns":6.0},{"damage":44,"enemies":"Shield and Spear","floor":54,"turns":5},{"damage":35,"enemies":"The Heart","floor":55,"turns":7}],"seed_played":"-2742593838235666637","potions_obtained":[{"floor":1.0,"key":"Strength Potion"},{"floor":10.0,"key":"Weak Potion"},{"floor":12.0,"key":"FearPotion"},{"floor":14.0,"key":"LiquidBronze"},{"floor":16.0,"key":"SteroidPotion"}],"is_trial":false,"path_per_floor":["M","?","M","?","?","R","E","R","T","E","M","M","M","?","R","B",null,"M","$","?","?","M","R","E","R","T","E","M","E","M","T","R","B",null,"M","$","?","$","M","E","R","?","T","R","E","M","T","M","R","B",null,"R","$","E","B",null],"character_chosen":"WATCHER","items_purchased":["WheelKick","Panacea","Fasting2","Vajra","OrangePellets","Damaru"],"campfire_rested":2,"item_purchase_floors":[19,19,19,36,38,53],"current_hp_per_floor":[65,54,53,39,44,44,42,42,42,15,15,15,15,12,12,12,61,61,61,61,45,37,60,39,62,62,51,51,41,41,41,41,22,63,63,63,63,63,63,47,47,39,39,57,57,57,57,59,77,71,76,77,77,33,10],"gold":138,"neow_bonus":"BOSS_RELIC","is_daily":false,"chose_seed":false,"campfire_upgraded":5,"win_rate":0.0,"timestamp":1609216075,"path_taken":["M","?","M","?","?","R","E","R","T","E","?","M","M","?","R","BOSS","M","$","?","?","M","R","E","R","T","E","?","E","M","?","R","BOSS","M","$","?","$","M","E","R","?","T","R","E","M","?","M","R","BOSS","R","$","E","BOSS"],"items_purchased_type":["Card","Card","Card","Relic","Relic","Relic"],"build_version":"2020-12-22","purchased_purges":4,"victory":true,"max_hp_per_floor":[72,72,72,72,77,77,77,77,77,77,77,77,77,77,77,77,77,77,77,77,77,77,77,77,77,77,77,77,77,77,77,77,77,77,77,77,77,77,77,77,77,77,77,77,77,77,77,77,77,77,77,77,77,77,77],"card_choices":[{"not_picked":["Halt","ClearTheMind"],"picked":"CutThroughFate","floor":1.0},{"not_picked":["ClearTheMind","PathToVictory"],"picked":"Collect","floor":3.0},{"not_picked":["Halt","JustLucky"],"picked":"SpiritShield","floor":7.0},{"not_picked":["EmptyMind","Consecrate"],"picked":"Conclude","floor":10.0},{"not_picked":["Crescendo","SashWhip"],"picked":"DeceiveReality","floor":11.0},{"not_picked":["Protect","FlyingSleeves"],"picked":"SandsOfTime","floor":11.0},{"not_picked":["FlurryOfBlows","PathToVictory"],"picked":"Tantrum","floor":12.0},{"not_picked":["Pray","EmptyBody"],"picked":"BowlingBash","floor":12.0},{"not_picked":["EmptyFist","JustLucky"],"picked":"TalkToTheHand","floor":13.0},{"not_picked":["ThirdEye","BowlingBash","ClearTheMind"],"picked":"SKIP","floor":13.0},{"not_picked":["BowlingBash","ClearTheMind"],"picked":"ThirdEye","floor":13.0},{"not_picked":["WreathOfFlame","FlurryOfBlows"],"picked":"Blasphemy","floor":14.0},{"not_picked":["DeusExMachina","Establishment"],"picked":"Judgement","floor":16.0},{"not_picked":["Vengeance+1","ForeignInfluence+1"],"picked":"TalkToTheHand+1","floor":18.0},{"not_picked":["Vengeance","Halt"],"picked":"SashWhip+1","floor":18.0},{"not_picked":["Prostrate","EmptyBody"],"picked":"Protect","floor":22.0},{"not_picked":["Prostrate+1","Indignation","FollowUp"],"picked":"SKIP","floor":22.0},{"not_picked":["Nirvana","TalkToTheHand"],"picked":"Wallop+1","floor":24.0},{"not_picked":["Halt","Consecrate+1","Collect"],"picked":"SKIP","floor":27.0},{"not_picked":["Fasting2","Protect"],"picked":"DeusExMachina","floor":28.0},{"not_picked":["Halt","Protect","FlurryOfBlows"],"picked":"SKIP","floor":28.0},{"not_picked":["SandsOfTime","Study+1","Collect"],"picked":"SKIP","floor":29.0},{"not_picked":["ForeignInfluence+1","Prostrate+1"],"picked":"Swivel+1","floor":30.0},{"not_picked":["Crescendo+1","FearNoEvil"],"picked":"Ragnarok","floor":30.0},{"not_picked":["Devotion","Blasphemy"],"picked":"LessonLearned","floor":33.0},{"not_picked":["BattleHymn+1","FlyingSleeves","SignatureMove+1"],"picked":"SKIP","floor":35.0},{"not_picked":["BowlingBash","Collect","SashWhip+1"],"picked":"SKIP","floor":35.0},{"not_picked":["BowlingBash+1","CutThroughFate"],"picked":"Wallop","floor":39.0},{"not_picked":["LikeWater+1","Halt+1","Evaluate"],"picked":"SKIP","floor":39.0},{"not_picked":["WreathOfFlame","Conclude+1"],"picked":"Ragnarok","floor":40.0},{"not_picked":["EmptyBody+1","Wallop+1"],"picked":"InnerPeace+1","floor":45.0},{"not_picked":["ClearTheMind+1","BowlingBash+1","FlyingSleeves"],"picked":"SKIP","floor":46.0},{"not_picked":["Study+1","Evaluate+1","Indignation"],"picked":"SKIP","floor":46.0},{"not_picked":["Crescendo+1","PathToVictory+1","EmptyBody"],"picked":"SKIP","floor":48.0},{"not_picked":["WreathOfFlame","InnerPeace","Vengeance"],"picked":"SKIP","floor":48.0},{"not_picked":["EmptyBody+1","FlyingSleeves+1"],"picked":"SpiritShield","floor":54}],"player_experience":152866,"relics_obtained":[{"floor":7.0,"key":"MawBank"},{"floor":9.0,"key":"Prayer Wheel"},{"floor":10.0,"key":"Happy Flower"},{"floor":14.0,"key":"Odd Mushroom"},{"floor":21.0,"key":"Enchiridion"},{"floor":24.0,"key":"Bottled Lightning"},{"floor":26.0,"key":"Bag of Marbles"},{"floor":29.0,"key":"Juzu Bracelet"},{"floor":40.0,"key":"Oddly Smooth Stone"},{"floor":42.0,"key":"Shovel"},{"floor":43.0,"key":"Eternal Feather"},{"floor":45.0,"key":"Toy Ornithopter"},{"floor":47.0,"key":"Blood Vial"},{"floor":49.0,"key":"Shuriken"},{"floor":52.0,"key":"White Beast Statue"},{"floor":54,"key":"Art of War"}],"event_choices":[{"damage_healed":0.0,"max_hp_gain":0.0,"max_hp_loss":0.0,"gold_gain":75.0,"event_name":"World of Goop","player_choice":"Gather Gold","floor":2.0,"gold_loss":0.0,"damage_taken":11.0},{"damage_healed":0.0,"max_hp_gain":0.0,"max_hp_loss":0.0,"gold_gain":0.0,"event_name":"Shining Light","player_choice":"Entered Light","floor":4.0,"gold_loss":0.0,"damage_taken":14.0,"cards_upgraded":["Strike_P","Strike_P"]},{"damage_healed":0.0,"max_hp_gain":5.0,"max_hp_loss":0.0,"gold_gain":0.0,"event_name":"Big Fish","player_choice":"Donut","floor":5.0,"gold_loss":0.0,"damage_taken":0.0},{"damage_healed":0.0,"max_hp_gain":0.0,"max_hp_loss":0.0,"gold_gain":0.0,"event_name":"Mushrooms","player_choice":"Fought Mushrooms","floor":14.0,"gold_loss":0.0,"damage_taken":0.0},{"damage_healed":0.0,"max_hp_gain":0.0,"max_hp_loss":0.0,"gold_gain":0.0,"event_name":"Match and Keep!","player_choice":"0 cards matched","floor":20.0,"gold_loss":0.0,"damage_taken":0.0,"cards_obtained":[]},{"damage_healed":0.0,"max_hp_gain":0.0,"max_hp_loss":0.0,"gold_gain":0.0,"event_name":"Cursed Tome","player_choice":"Obtained Book","floor":21.0,"gold_loss":0.0,"damage_taken":16.0},{"cards_removed":["Judgement"],"damage_healed":0.0,"max_hp_gain":0.0,"max_hp_loss":0.0,"gold_gain":0.0,"event_name":"Purifier","player_choice":"Purged","floor":37.0,"gold_loss":0.0,"damage_taken":0.0},{"damage_healed":0.0,"max_hp_gain":0.0,"max_hp_loss":0.0,"gold_gain":0.0,"event_name":"Mysterious Sphere","player_choice":"Fight","floor":42.0,"gold_loss":0.0,"damage_taken":0.0}],"is_beta":false,"boss_relics":[{"not_picked":["Busted Crown","Tiny House"],"picked":"Sozu"},{"not_picked":["VioletLotus","Philosopher\u0027s Stone"],"picked":"Astrolabe"}],"items_purged_floors":[19,36,38,53],"is_endless":false,"potions_floor_spawned":[1,10,12,14,16,24,27,29,40,45,46,48,54],"ascension_level":10}}