{"host":"2461dio7vetlq1z3","time":1609237603,"event":{"mods":["2.2 Compatiblity","AchievementEnabler","Aspiration","BaseMod","Better Third Choice","Downfall","Friendly Minions","Hermit","Marisa????????","Minty Spire (QoL Compilation)","Relic Stats","Spicy Shops","StSLib","Waifu the Spire"],"gold_per_floor":[118,134,134,52,67,101,127,127,277,277,289,318,318,418,418,517,517,537,551,561,160,176,205,232,250,28,28,59,159,177,210,210,318,318,343,391,224,239,259,274,274,274,300,320,320,332,332,344,119,119,119,151,18,18,18],"floor_reached":56,"playtime":5603,"items_purged":["hexamod:RecurringNightmare","hexamod:Sear","Pain","sneckomod:Bewildered","hexamod:Sear+1"],"score":1474,"play_id":"273d1843-b264-499d-8e4f-0b874ca18218","local_time":"20201229112643","is_ascension_mode":true,"campfire_choices":[{"data":"hexamod:NecessarySacrifice","floor":8.0,"key":"SMITH"},{"data":"hexamod:SpectralSpark","floor":10.0,"key":"SMITH"},{"data":"hexamod:EmpoweringStance","floor":13.0,"key":"SMITH"},{"floor":15.0,"key":"REST"},{"data":"hexamod:Rewind","floor":27.0,"key":"SMITH"},{"data":"hexamod:Float","floor":32.0,"key":"SMITH"},{"floor":47,"key":"RECALL"},{"data":"hexamod:ApocalypticArmor","floor":49,"key":"SMITH"},{"data":"hexamod:EmpoweringStance","floor":54,"key":"SMITH"}],"circlet_count":0,"master_deck":["hexamod:Float+1","hexamod:NecessarySacrifice+1","hexamod:SpectralSpark+1","hexamod:TimeOfNeed","hexamod:TimeOfNeed","hexamod:ThermalTransfer+1","hexamod:ShieldOfDarkness+1","hexamod:EmpoweredFlame","hexamod:TimeWarp","hexamod:ParanormalForm","hexamod:BacktrackSmack+1","hexamod:EmpoweringStance+1","hexamod:FastForward+1","hexamod:Haunt","hexamod:ShieldOfDarkness+1","expansioncontent:DarkVoid+1","hexamod:EmpoweringStance+1","hexamod:HexaLevel+1","hexamod:SkipABeat","hexamod:ThermalTransfer+1","hexamod:AdvancingGuard+1","hexamod:EmpoweredFlame+1","hexamod:Rewind+1","hexamod:RadiantFlame+1","hexamod:RetreatToShadows+1","hexamod:SpectralSpark+1","hexamod:ApocalypticArmor+1","hexamod:FastForward","hexamod:NightmareGuise+1","hexamod:FourthSeal","hexamod:GhostOfSpirePast+1","hexamod:EmpoweringStance","hexamod:Haunt+1","expansioncontent:DefensiveStance"],"relics":["Pandora\u0027s Box","downfall:ShatteredFragment","hexamod:TheBrokenSeal","Toy Ornithopter","Tiny Chest","downfall:GremlinSack","Cursed Key","Orrery","Lee\u0027s Waffle","Letter Opener","hexamod:TheBrokenSeal","Membership Card","Whetstone","aspiration:HatOfInfinitePower","Sundial","Oddly Smooth Stone","aspiration:SecretTechniqueScroll","hexamod:TheBrokenSeal","CatCart","champ:Barbells","ClockworkSouvenir","Orichalcum","aspiration:HummingbirdHeart","Pen Nib","downfall:HeartBlessingRed","downfall:HeartBlessingGreen","downfall:HeartBlessingBlue","aspiration:ChemicalBlood","Akabeko"],"acts_visited":["Exordium","TheCity","TheBeyond","TheEnding"],"potions_floor_usage":[46,55,55,55,55],"damage_taken":[{"damage":0.0,"enemies":"Small Slimes","floor":1.0,"turns":3.0},{"damage":11.0,"enemies":"Cultist","floor":2.0,"turns":4.0},{"damage":5.0,"enemies":"downfall:FleeingMerchant","floor":4.0,"turns":4.0},{"damage":7.0,"enemies":"2 Louse","floor":5.0,"turns":2.0},{"damage":11.0,"enemies":"Lagavulin","floor":6.0,"turns":7.0},{"damage":23.0,"enemies":"Exordium Thugs","floor":11.0,"turns":3.0},{"damage":10.0,"enemies":"3 Sentries","floor":12.0,"turns":4.0},{"damage":23.0,"enemies":"3 Sentries","floor":14.0,"turns":4.0},{"damage":8.0,"enemies":"downfall:Watcher","floor":16.0,"turns":5.0},{"damage":14.0,"enemies":"Shell Parasite","floor":18.0,"turns":4.0},{"damage":12.0,"enemies":"Chosen","floor":19.0,"turns":4.0},{"damage":2.0,"enemies":"Snake Plant","floor":20.0,"turns":4.0},{"damage":8.0,"enemies":"downfall:FleeingMerchant","floor":21.0,"turns":4.0},{"damage":5.0,"enemies":"Sentry and Sphere","floor":22.0,"turns":3.0},{"damage":18.0,"enemies":"Book of Stabbing","floor":23.0,"turns":3.0},{"damage":4.0,"enemies":"Snecko","floor":25.0,"turns":4.0},{"damage":0.0,"enemies":"downfall:FleeingMerchant","floor":26.0,"turns":4.0},{"damage":20.0,"enemies":"Slavers","floor":28.0,"turns":3.0},{"damage":12.0,"enemies":"downfall:Ironclad","floor":29.0,"turns":3.0},{"damage":0.0,"enemies":"Chosen and Byrds","floor":30.0,"turns":6.0},{"damage":23.0,"enemies":"Book of Stabbing","floor":31.0,"turns":3.0},{"damage":7.0,"enemies":"downfall:Silent","floor":33.0,"turns":5.0},{"damage":19.0,"enemies":"Orb Walker","floor":35.0,"turns":5.0},{"damage":3.0,"enemies":"Orin","floor":36.0,"turns":6.0},{"damage":0.0,"enemies":"downfall:FleeingMerchant","floor":37.0,"turns":3.0},{"damage":3.0,"enemies":"3 Darklings","floor":38.0,"turns":4.0},{"damage":0.0,"enemies":"Sphere and 2 Shapes","floor":39.0,"turns":3.0},{"damage":0.0,"enemies":"4 Shapes","floor":40.0,"turns":2.0},{"damage":0,"enemies":"Giant Head","floor":43,"turns":5},{"damage":3,"enemies":"3 Darklings","floor":44,"turns":3},{"damage":3,"enemies":"Transient","floor":46,"turns":5},{"damage":3,"enemies":"4 Shapes","floor":48,"turns":3},{"damage":8,"enemies":"downfall:Ironclad","floor":50,"turns":6},{"damage":3,"enemies":"downfall:CharBossMerchant","floor":52,"turns":5},{"damage":15,"enemies":"downfall:NeowBoss","floor":55,"turns":19}],"seed_played":"8882484915411129829","potions_obtained":[{"floor":1.0,"key":"Fire Potion"},{"floor":2.0,"key":"LiquidBronze"},{"floor":4.0,"key":"sneckomod:MuddlingPotion"},{"floor":5.0,"key":"CultistPotion"},{"floor":6.0,"key":"EntropicBrew"},{"floor":11.0,"key":"SkillPotion"},{"floor":12.0,"key":"sneckomod:MuddlingPotion"},{"floor":18.0,"key":"Fruit Juice"},{"floor":18.0,"key":"Strength Potion"},{"floor":20.0,"key":"Ancient Potion"},{"floor":22.0,"key":"SkillPotion"},{"floor":23.0,"key":"CultistPotion"},{"floor":25.0,"key":"champ:CounterPotion"},{"floor":28.0,"key":"SteroidPotion"},{"floor":29.0,"key":"AttackPotion"},{"floor":31.0,"key":"DuplicationPotion"},{"floor":33.0,"key":"AttackPotion"},{"floor":33.0,"key":"sneckomod:MuddlingPotion"},{"floor":35.0,"key":"hexamod:DoubleChargePotion"},{"floor":38.0,"key":"Guardian:BlockOnCardUsePotion"},{"floor":46,"key":"Fruit Juice"},{"floor":46,"key":"Fire Potion"}],"is_trial":false,"path_per_floor":["M","M","?","$","M","E","T","R","?","R","M","E","R","?","R","B",null,"M","M","M","$","M","E","T","M","$","R","E","?","M","E","R","B",null,"M","?","$","M","M","M","T","$","E","M","T","M","R","M","R","B",null,"E","$","R","B",null],"character_chosen":"THE_SPIRIT","items_purchased":["Orrery","Lee\u0027s Waffle","Membership Card","champ:Barbells","ClockworkSouvenir","Orichalcum","aspiration:HummingbirdHeart","expansioncontent:DefensiveStance","Akabeko"],"campfire_rested":1,"item_purchase_floors":[21,21,26,37,37,37,37,53,53],"current_hp_per_floor":[70,59,38,33,26,76,76,76,76,76,53,53,53,30,54,61,80,76,64,67,92,87,74,74,84,102,102,87,75,75,64,64,74,102,112,112,112,109,109,109,109,109,109,106,106,113,113,110,120,112,127,124,124,124,120],"gold":18,"neow_bonus":"BOSS_RELIC","is_daily":false,"chose_seed":false,"campfire_upgraded":7,"win_rate":0.0,"timestamp":1609237603,"path_taken":["M","M","?","$","M","E","T","R","?","R","?","E","R","?","R","BOSS","M","M","M","$","M","E","T","M","$","R","E","?","M","E","R","BOSS","M","?","$","M","M","M","T","$","E","M","?","M","R","M","R","BOSS","E","$","R","BOSS"],"items_purchased_type":["Relic","Relic","Relic","Relic","Relic","Relic","Relic","Card","Relic"],"build_version":"2020-12-22","purchased_purges":5,"victory":true,"max_hp_per_floor":[70,70,70,70,70,80,80,80,80,80,80,80,80,80,80,80,80,85,85,85,92,92,92,92,92,102,102,102,102,102,102,102,102,102,112,112,112,112,112,112,112,112,112,112,112,117,117,117,127,127,127,127,127,127,127],"relic_stats":{"Lee\u0027s Waffle":28,"counters":[35,155],"Sundial":[6],"Pandora\u0027s Box":["hexamod:NecessarySacrifice","hexamod:SpectralSpark","hexamod:TimeOfNeed","hexamod:RecurringNightmare","hexamod:TimeOfNeed","hexamod:FourthSeal","hexamod:ThermalTransfer","hexamod:FifthSeal"],"Tiny Chest":1,"Pen Nib":[10],"Letter Opener":[346],"Whetstone":["hexamod:ThermalTransfer","hexamod:BacktrackSmack"],"Orichalcum":[18],"Cursed Key":1,"obtain_stats":[{"downfall:HeartBlessingGreen":49,"Whetstone":28,"Cursed Key":17,"ClockworkSouvenir":37,"Sundial":29,"downfall:HeartBlessingBlue":49,"Tiny Chest":12,"hexamod:SpiritBrand":0,"aspiration:ChemicalBlood":52,"Potion Belt":6,"champ:Barbells":37,"Lee\u0027s Waffle":21,"downfall:ShatteredFragment":3,"downfall:HeartBlessingRed":49,"hexamod:TheBrokenSeal":6,"Oddly Smooth Stone":31,"Pen Nib":43,"aspiration:HummingbirdHeart":37,"Letter Opener":23,"aspiration:SecretTechniqueScroll":34,"Orichalcum":37,"Akabeko":53,"downfall:GremlinSack":14,"Orrery":21,"Pandora\u0027s Box":0,"Membership Card":26,"CatCart":36,"aspiration:HatOfInfinitePower":29,"Toy Ornithopter":7},{"downfall:HeartBlessingGreen":32,"Whetstone":18,"Cursed Key":9,"ClockworkSouvenir":25,"Sundial":19,"downfall:HeartBlessingBlue":32,"Tiny Chest":7,"hexamod:SpiritBrand":0,"aspiration:ChemicalBlood":34,"Potion Belt":5,"champ:Barbells":25,"Lee\u0027s Waffle":13,"downfall:ShatteredFragment":2,"downfall:HeartBlessingRed":32,"hexamod:TheBrokenSeal":5,"Oddly Smooth Stone":21,"Pen Nib":29,"aspiration:HummingbirdHeart":25,"Letter Opener":15,"aspiration:SecretTechniqueScroll":22,"Orichalcum":25,"Akabeko":34,"downfall:GremlinSack":8,"Orrery":13,"Pandora\u0027s Box":0,"Membership Card":17,"CatCart":24,"aspiration:HatOfInfinitePower":19,"Toy Ornithopter":5},{"downfall:HeartBlessingGreen":125,"Whetstone":69,"Cursed Key":36,"ClockworkSouvenir":100,"Sundial":72,"downfall:HeartBlessingBlue":125,"Tiny Chest":27,"hexamod:SpiritBrand":0,"aspiration:ChemicalBlood":136,"Potion Belt":20,"champ:Barbells":100,"Lee\u0027s Waffle":52,"downfall:ShatteredFragment":7,"downfall:HeartBlessingRed":125,"hexamod:TheBrokenSeal":16,"Oddly Smooth Stone":81,"Pen Nib":114,"aspiration:HummingbirdHeart":100,"Letter Opener":58,"aspiration:SecretTechniqueScroll":86,"Orichalcum":100,"Akabeko":136,"downfall:GremlinSack":31,"Orrery":52,"Pandora\u0027s Box":0,"Membership Card":66,"CatCart":97,"aspiration:HatOfInfinitePower":72,"Toy Ornithopter":20}],"Toy Ornithopter":84},"card_choices":[{"not_picked":["hexamod:SixthSeal","hexamod:FirstSeal"],"picked":"hexamod:ThirdSeal","floor":1.0},{"not_picked":["hexamod:GhostOfSpirePast","hexamod:FastForward"],"picked":"hexamod:ShieldOfDarkness","floor":1.0},{"not_picked":["hexamod:FourthSeal","hexamod:ThirdSeal"],"picked":"hexamod:SecondSeal","floor":2.0},{"not_picked":["hexamod:FourthSeal","hexamod:Hexaguard"],"picked":"hexamod:EmpoweredFlame","floor":2.0},{"not_picked":["hexamod:ThirdSeal","hexamod:SecondSeal"],"picked":"hexamod:SixthSeal","floor":4.0},{"not_picked":["hexamod:ChargedBarrage","hexamod:SpectralAdrenaline"],"picked":"hexamod:TimeWarp","floor":4.0},{"not_picked":["hexamod:SwordOfDarkness","hexamod:SkipABeat"],"picked":"hexamod:ParanormalForm","floor":4.0},{"not_picked":["hexamod:ThirdSeal","hexamod:SixthSeal"],"picked":"hexamod:FirstSeal","floor":5.0},{"not_picked":["hexamod:BacktrackSmack","hexamod:NightmareGuise","hexamod:SoulSteal"],"picked":"SKIP","floor":5.0},{"not_picked":["hexamod:SpectralAdrenaline","hexamod:FourthSeal"],"picked":"hexamod:BacktrackSmack","floor":6.0},{"not_picked":["hexamod:NightmareGuise","hexamod:InspiringFlames"],"picked":"hexamod:EmpoweringStance","floor":11.0},{"not_picked":["hexamod:RetreatToShadows","hexamod:GhostOfSpirePresent"],"picked":"hexamod:FastForward","floor":12.0},{"not_picked":["hexamod:BacktrackSmack","hexamod:ShieldOfDarkness"],"picked":"hexamod:EmpoweringStance","floor":14.0},{"not_picked":["hexamod:SecondSeal","hexamod:FirstSeal"],"picked":"hexamod:FourthSeal","floor":16.0},{"not_picked":["hexamod:VolcanoVisage","hexamod:UnlimitedPower"],"picked":"hexamod:HexaLevel","floor":16.0},{"not_picked":["hexamod:SecondSeal","hexamod:ThirdSeal"],"picked":"hexamod:SixthSeal","floor":18.0},{"not_picked":["hexamod:GhostLash","hexamod:BurningTouch","hexamod:SoulSteal"],"picked":"SKIP","floor":18.0},{"not_picked":["hexamod:SixthSeal","hexamod:FourthSeal"],"picked":"hexamod:SecondSeal","floor":19.0},{"not_picked":["hexamod:FastForward","hexamod:Firestarter+1"],"picked":"hexamod:SkipABeat","floor":19.0},{"not_picked":["hexamod:Hexaguard","hexamod:HauntingEcho"],"picked":"hexamod:ThermalTransfer+1","floor":20.0},{"not_picked":["hexamod:FourthSeal","hexamod:SixthSeal"],"picked":"hexamod:FirstSeal","floor":21.0},{"not_picked":["hexamod:BurningTouch","hexamod:ExtraCrispy"],"picked":"hexamod:FifthSeal","floor":21.0},{"not_picked":["hexamod:Toasty","hexamod:ChargedBarrage"],"picked":"hexamod:AdvancingGuard","floor":21.0},{"not_picked":["hexamod:SuperheatedStrike","hexamod:NightmareGuise"],"picked":"hexamod:EmpoweredFlame+1","floor":21.0},{"not_picked":["hexamod:FirstSeal","hexamod:SixthSeal"],"picked":"hexamod:ThirdSeal","floor":22.0},{"not_picked":["hexamod:ShieldOfDarkness","hexamod:Hexaguard","hexamod:ThermalTransfer"],"picked":"SKIP","floor":22.0},{"not_picked":["hexamod:ThirdSeal","hexamod:HeatMetal"],"picked":"hexamod:FirstSeal","floor":23.0},{"not_picked":["hexamod:RecurringNightmare","hexamod:HeatShield","hexamod:SuperheatedStrike+1"],"picked":"SKIP","floor":23.0},{"not_picked":["hexamod:InspiringFlames","hexamod:ShieldOfDarkness+1"],"picked":"hexamod:Rewind","floor":25.0},{"not_picked":["hexamod:ExtraCrispy","hexamod:NightmareGuise","hexamod:HauntingEcho"],"picked":"SKIP","floor":25.0},{"not_picked":["hexamod:EmpoweredFlame+1","hexamod:GhostLash"],"picked":"hexamod:RadiantFlame+1","floor":26.0},{"not_picked":["hexamod:PhantomFireball+1","hexamod:SearingWound","hexamod:SkipABeat"],"picked":"SKIP","floor":26.0},{"not_picked":["hexamod:FirstSeal","hexamod:FourthSeal"],"picked":"hexamod:SixthSeal","floor":28.0},{"not_picked":["hexamod:GhostShield","hexamod:ShieldOfDarkness"],"picked":"hexamod:RetreatToShadows+1","floor":28.0},{"not_picked":["hexamod:GhostShield","hexamod:RainOfEmbers"],"picked":"hexamod:SpectralSpark+1","floor":29.0},{"not_picked":["hexamod:SkipABeat+1","hexamod:HauntingEcho","hexamod:Hexaguard"],"picked":"SKIP","floor":30.0},{"not_picked":["hexamod:SecondSeal","hexamod:SixthSeal"],"picked":"hexamod:FourthSeal","floor":31.0},{"not_picked":["hexamod:RetreatToShadows+1","hexamod:Rewind"],"picked":"hexamod:SecondSeal","floor":31.0},{"not_picked":["hexamod:FourthSeal","hexamod:SixthSeal"],"picked":"hexamod:ThirdSeal","floor":33.0},{"not_picked":["hexamod:SixthSeal","hexamod:UnleashSpirits"],"picked":"hexamod:ApocalypticArmor","floor":33.0},{"not_picked":["hexamod:ThirdSeal","hexamod:SwordOfDarkness+1"],"picked":"hexamod:FastForward","floor":35.0},{"not_picked":["hexamod:GhostflameInferno","hexamod:AdvancingGuard"],"picked":"hexamod:NightmareGuise+1","floor":36.0},{"not_picked":["hexamod:SwordOfDarkness+1","hexamod:TimeOfNeed"],"picked":"hexamod:FourthSeal","floor":37.0},{"not_picked":["hexamod:SwordOfDarkness+1","hexamod:InspiringFlames+1"],"picked":"hexamod:GhostOfSpirePast","floor":38.0},{"not_picked":["hexamod:NightmareStrike","hexamod:SwordOfDarkness+1","hexamod:AdvancingGuard"],"picked":"SKIP","floor":39.0},{"not_picked":["hexamod:PhantomFireball+1","hexamod:SecondSeal"],"picked":"hexamod:EmpoweringStance","floor":40.0},{"not_picked":["hexamod:HauntingEcho+1","hexamod:NightmareGuise+1","hexamod:GhostLash"],"picked":"SKIP","floor":43},{"not_picked":["hexamod:HauntingEcho","hexamod:SecondSeal"],"picked":"hexamod:Haunt+1","floor":44},{"not_picked":["hexamod:Firestarter","hexamod:FirstSeal","hexamod:SoulSteal"],"picked":"SKIP","floor":46},{"not_picked":["hexamod:FastForward","hexamod:HauntingEcho","hexamod:ShieldOfDarkness"],"picked":"SKIP","floor":48},{"not_picked":["hexamod:SwordOfDarkness+1","hexamod:BurningTouch","hexamod:RainOfEmbers+1"],"picked":"SKIP","floor":52}],"player_experience":1197652,"relics_obtained":[{"floor":6.0,"key":"Potion Belt"},{"floor":7.0,"key":"Toy Ornithopter"},{"floor":12.0,"key":"Tiny Chest"},{"floor":14.0,"key":"downfall:GremlinSack"},{"floor":23.0,"key":"Letter Opener"},{"floor":28.0,"key":"Whetstone"},{"floor":29.0,"key":"aspiration:HatOfInfinitePower"},{"floor":29.0,"key":"Sundial"},{"floor":31.0,"key":"Oddly Smooth Stone"},{"floor":36.0,"key":"CatCart"},{"floor":43,"key":"Pen Nib"},{"floor":52,"key":"aspiration:ChemicalBlood"}],"event_choices":[{"damage_healed":0.0,"max_hp_gain":0.0,"max_hp_loss":0.0,"gold_gain":0.0,"event_name":"OrinTheCat","player_choice":"Fight","floor":36.0,"gold_loss":0.0,"damage_taken":0.0}],"is_beta":false,"boss_relics":[{"not_picked":["hexamod:IceCube","Busted Crown"],"picked":"Cursed Key"},{"not_picked":["Fusion Hammer","aspiration:MarisaSkillbook"],"picked":"aspiration:SecretTechniqueScroll"}],"items_purged_floors":[4,21,26,37,37],"is_endless":false,"potions_floor_spawned":[1,5,6,11,12,18,22,28,29,31,33,35,40,44,46,52],"ascension_level":2}}