{"host":"a3oe3gstxz77c7qu","time":1609203769,"event":{"mods":["2.2 Compatiblity","Act Like it!","BaseMod","Bestiary","Better Altar","Better Match","Better Note","Better Skull","Better Third Choice","Block Reminder","Curses Come First","Custom Start","Friendly Minions","GifTheSpireLib","Infinite Spire","Lobotomy","LobotomyExtend","Minty Spire (QoL Compilation)","Permanent Neow","Quick Restart","Relic Stats","Replay The Spire","StSLib","The Marked","Uncapped","Wandering Minibosses","????"],"gold_per_floor":[113,123,134,147,160,160,176,176,176,208,222,234,234,244,244,345,345,345,305,404,418,328,328,362,362,415,415,441,516,516,544,544,641,641,657,657,676,695,757,757,788,798,823,823,836,836,847,864,864,864],"floor_reached":51,"playtime":3940,"items_purged":[],"score":908,"play_id":"f95c3275-eb2b-4810-9964-e7f7c450f54d","local_time":"20201229010249","is_ascension_mode":true,"campfire_choices":[{"floor":15,"key":"REST"},{"floor":23,"key":"REST"},{"floor":25,"key":"REST"},{"floor":44,"key":"REST"},{"floor":46,"key":"DIG"},{"floor":49,"key":"REST"},{"floor":49,"key":"DIG"}],"circlet_count":0,"master_deck":["InformationCode","CentralCode","TrainingCode","BearPaw+1","WristCuter","WristCuter","GrinderMk4+1","GreedKing","UniverseFragment","Ecstasy+1","GoldRush+1","Fluid Movement","Flash of Steel","SecurityCode","CENSORED_ego+1","infinitespire:Collect","infinitespire:Execution","infinitespire:TheBestDefense","infinitespire:Fortify","Hologram+1","SpecialBullet","SpecialBullet"],"relics":["RabbitCall","Strawberry","LetterFromLob","FleshIdol","infinitespire:Magic Flask","infinitespire:FocusingShard","ReplayTheSpireMod:Ring of Challenge","ReplayTheSpireMod:Ring of Exchange","PrismaticShard","ShedSkin_r","Moonlight_r","BackwardClock","Golden Egg","Centennial Puzzle","Gambling Chip","Replay:Multitool","Painkiller Herb","Dream Catcher","Guide Book","CogitoBucket","wanderingMiniBosses:ThiefScarf","Dead Branch","Amita_r","MealTicket","Anchor","OrangePellets","Vajra","TreeSap","Nunchaku","Counterbalance","Question Card","Lizard Tail","Boot","Mummified Hand","SlaversCollar","Quantum Egg","infinitespire:Broken Mirror","Black Star","Replay:Kaleidoscope"],"acts_visited":["Exordium","TheCity","TheBeyond"],"potions_floor_usage":[10,51],"damage_taken":[{"damage":0,"enemies":"Cultist","floor":1,"turns":2},{"damage":0,"enemies":"Jaw Worm","floor":2,"turns":3},{"damage":0,"enemies":"2 Louse","floor":3,"turns":1},{"damage":0,"enemies":"2 Fungi Beasts","floor":4,"turns":2},{"damage":5,"enemies":"Lots of Slimes","floor":5,"turns":2},{"damage":32,"enemies":"Looter","floor":7,"turns":11},{"damage":0,"enemies":"Gremlin Nob","floor":10,"turns":2},{"damage":0,"enemies":"Red Slaver","floor":11,"turns":2},{"damage":2,"enemies":"Large Slime","floor":12,"turns":2},{"damage":2,"enemies":"Looter","floor":14,"turns":3},{"damage":4,"enemies":"Fading Forest","floor":16,"turns":11},{"damage":0,"enemies":"2 Thieves","floor":18,"turns":7},{"damage":29,"enemies":"2 Thieves","floor":19,"turns":7},{"damage":0,"enemies":"Shell Parasite","floor":21,"turns":2},{"damage":0,"enemies":"Book of Stabbing","floor":24,"turns":3},{"damage":1,"enemies":"Replay:Snechameleon","floor":28,"turns":3},{"damage":0,"enemies":"Book of Stabbing","floor":31,"turns":3},{"damage":18,"enemies":"Automaton","floor":33,"turns":6},{"damage":0,"enemies":"3 Shapes","floor":35,"turns":3},{"damage":1,"enemies":"3 Darklings","floor":37,"turns":3},{"damage":5,"enemies":"4 Shapes","floor":38,"turns":2},{"damage":4,"enemies":"Maw","floor":39,"turns":4},{"damage":2,"enemies":"R_Hoarder","floor":41,"turns":3},{"damage":24,"enemies":"Sphere and 2 Shapes","floor":42,"turns":4},{"damage":0,"enemies":"Transient","floor":45,"turns":5},{"damage":0,"enemies":"Maw","floor":47,"turns":3},{"damage":21,"enemies":"Writhing Mass","floor":48,"turns":6},{"damage":25,"enemies":"FixerMidnight","floor":50,"turns":16},{"damage":3,"enemies":"Malkuth","floor":51,"turns":5},{"damage":0,"enemies":"Netzach","floor":51,"turns":5},{"damage":11,"enemies":"Geburah","floor":51,"turns":14},{"damage":10,"enemies":"Binah","floor":51,"turns":8},{"damage":9,"enemies":"Angela","floor":51,"turns":8}],"seed_played":"3350623859890624723","potions_obtained":[{"floor":1,"key":"DistilledChaos"},{"floor":11,"key":"BlessingOfTheForge"},{"floor":12,"key":"Dexterity Potion"},{"floor":19,"key":"Strength Potion"},{"floor":21,"key":"EntropicBrew"},{"floor":28,"key":"FairyPotion"}],"is_trial":false,"path_per_floor":["M","M","M","M","M","R","M","R","T","E","M","M","?","M","R","B",null,"M","M","?","M","$","R","E","R","T","?","E","?","R","E","R","B",null,"?","AVR","?","?","?","T","E","?","T","T","?","T","?","?","T","B",null],"character_chosen":"Angela","items_purchased":["Flash of Steel"],"campfire_rested":5,"item_purchase_floors":[22],"current_hp_per_floor":[77,77,77,77,72,72,44,44,44,48,48,46,46,44,69,85,85,30,5,5,5,5,30,30,55,55,55,66,58,58,70,70,81,85,85,85,85,85,85,85,85,87,87,87,88,88,89,96,96,82],"gold":864,"neow_bonus":"RANDOM_COMMON_RELIC","is_daily":false,"chose_seed":false,"campfire_upgraded":0,"win_rate":0.0,"timestamp":1609203769,"path_taken":["M","M","M","M","M","R","M","R","T","E","M","M","?","M","R","BOSS","M","M","?","M","$","R","E","R","T","?","E","?","R","E","R","BOSS","?","AVR","?","?","?","T","E","?","T","T","?","T","?","?","T","BOSS","BOSS"],"items_purchased_type":["Card"],"build_version":"2020-12-22","purchased_purges":0,"victory":true,"max_hp_per_floor":[77,77,77,77,77,77,81,81,81,85,85,85,85,85,85,85,85,85,85,85,85,85,85,85,85,85,85,85,85,85,85,85,85,85,85,85,85,85,85,85,85,87,87,87,88,88,89,96,96,82],"relic_stats":{"counters":[37,165],"Dead Branch":[99],"Question Card":8,"Boot":[16],"OrangePellets":[3],"Centennial Puzzle":[39],"Dream Catcher":2,"Nunchaku":[12],"Lizard Tail":0,"Mummified Hand":[2],"Gambling Chip":[12],"MealTicket":0,"Black Star":0,"obtain_stats":[{"Golden Egg":24,"Vajra":42,"FleshIdol":7,"Boot":51,"Centennial Puzzle":26,"Lizard Tail":51,"Strawberry":0,"TreeSap":48,"MealTicket":43,"infinitespire:Golems Mask":48,"BackwardClock":19,"wanderingMiniBosses:ThiefScarf":39,"Dead Branch":41,"Counterbalance":51,"infinitespire:Beetle Shell":51,"infinitespire:Magic Flask":9,"Replay:Kaleidoscope":51,"Question Card":51,"OrangePellets":48,"SlaversCollar":51,"ReplayTheSpireMod:Shallot":51,"infinitespire:Broken Mirror":51,"Black Star":51,"StrikeDummy":45,"ShedSkin_r":18,"infinitespire:PuzzleCube":42,"RabbitCall":0,"ReplayTheSpireMod:Ring of Exchange":13,"Replay:PocketPolymizer":50,"Painkiller Herb":34,"StoneCalendar":51,"Replay:Multitool":31,"Replay:Mystery Machine":41,"PrismaticShard":17,"Amita_r":42,"CogitoBucket":0,"Dream Catcher":36,"Nunchaku":49,"Replay:Bandana":51,"Matryoshka":51,"Mummified Hand":51,"Gambling Chip":28,"InkBottle":47,"ReplayTheSpireMod:Ninjato":51,"Guide Book":36,"Quantum Egg":47,"infinitespire:FocusingShard":10,"infinitespire:Joker Card":51,"Medical Kit":48,"MawBank":51,"Replay:Arrowhead":41,"Moonlight_r":18,"Anchor":46,"Turnip":50,"LetterFromLob":1,"ReplayTheSpireMod:Ring of Challenge":13,"FossilizedHelix":45},{"Golden Egg":17,"Vajra":25,"FleshIdol":7,"Boot":34,"Centennial Puzzle":17,"Lizard Tail":34,"Strawberry":0,"TreeSap":30,"MealTicket":26,"infinitespire:Golems Mask":29,"BackwardClock":15,"wanderingMiniBosses:ThiefScarf":24,"Dead Branch":25,"Counterbalance":33,"infinitespire:Beetle Shell":32,"infinitespire:Magic Flask":7,"Replay:Kaleidoscope":37,"Question Card":33,"OrangePellets":28,"SlaversCollar":35,"ReplayTheSpireMod:Shallot":35,"infinitespire:Broken Mirror":36,"Black Star":37,"StrikeDummy":26,"ShedSkin_r":13,"infinitespire:PuzzleCube":25,"RabbitCall":0,"ReplayTheSpireMod:Ring of Exchange":10,"Replay:PocketPolymizer":30,"Painkiller Herb":20,"StoneCalendar":32,"Replay:Multitool":19,"Replay:Mystery Machine":24,"PrismaticShard":12,"Amita_r":26,"CogitoBucket":0,"Dream Catcher":21,"Nunchaku":30,"Replay:Bandana":36,"Matryoshka":33,"Mummified Hand":35,"Gambling Chip":18,"InkBottle":27,"ReplayTheSpireMod:Ninjato":34,"Guide Book":21,"Quantum Egg":27,"infinitespire:FocusingShard":8,"infinitespire:Joker Card":34,"Medical Kit":29,"MawBank":33,"Replay:Arrowhead":24,"Moonlight_r":13,"Anchor":27,"Turnip":30,"LetterFromLob":1,"ReplayTheSpireMod:Ring of Challenge":10,"FossilizedHelix":26},{"Golden Egg":62,"Vajra":89,"FleshIdol":22,"Boot":135,"Centennial Puzzle":62,"Lizard Tail":135,"Strawberry":0,"TreeSap":108,"MealTicket":93,"infinitespire:Golems Mask":102,"BackwardClock":57,"wanderingMiniBosses:ThiefScarf":86,"Dead Branch":89,"Counterbalance":130,"infinitespire:Beetle Shell":125,"infinitespire:Magic Flask":22,"Replay:Kaleidoscope":165,"Question Card":130,"OrangePellets":101,"SlaversCollar":149,"ReplayTheSpireMod:Shallot":149,"infinitespire:Broken Mirror":157,"Black Star":165,"StrikeDummy":93,"ShedSkin_r":49,"infinitespire:PuzzleCube":89,"RabbitCall":0,"ReplayTheSpireMod:Ring of Exchange":28,"Replay:PocketPolymizer":108,"Painkiller Herb":74,"StoneCalendar":125,"Replay:Multitool":68,"Replay:Mystery Machine":86,"PrismaticShard":42,"Amita_r":92,"CogitoBucket":0,"Dream Catcher":77,"Nunchaku":108,"Replay:Bandana":157,"Matryoshka":130,"Mummified Hand":149,"Gambling Chip":65,"InkBottle":98,"ReplayTheSpireMod:Ninjato":135,"Guide Book":77,"Quantum Egg":98,"infinitespire:FocusingShard":24,"infinitespire:Joker Card":135,"Medical Kit":102,"MawBank":130,"Replay:Arrowhead":86,"Moonlight_r":49,"Anchor":98,"Turnip":108,"LetterFromLob":2,"ReplayTheSpireMod:Ring of Challenge":28,"FossilizedHelix":93}]},"card_choices":[{"not_picked":["SnowQueen","WallGazer"],"picked":"QueenBee","floor":1},{"not_picked":["Regret_ego"],"picked":"BearPaw","floor":1},{"not_picked":["RedEyes","SomewhereSpear"],"picked":"SKIP","floor":2},{"not_picked":["Noise"],"picked":"WristCuter","floor":3},{"not_picked":["BlueScar"],"picked":"WristCuter","floor":4},{"not_picked":["Galaxy","FrostShard"],"picked":"SKIP","floor":5},{"not_picked":["BlackSwan_ego"],"picked":"GrinderMk4","floor":7},{"not_picked":["Wellcheers","Scorched"],"picked":"GreedKing","floor":7},{"not_picked":["Wellcheers","BeautyBeast"],"picked":"UniverseFragment","floor":10},{"not_picked":["Twilight","Regret_ego"],"picked":"SKIP","floor":10},{"not_picked":["BlackSwan_ego"],"picked":"Ecstasy","floor":11},{"not_picked":["Loneliness","RapturousDream"],"picked":"SKIP","floor":12},{"not_picked":["FourthMatchFlame","Justitia"],"picked":"SKIP","floor":14},{"not_picked":["FourthMatchFlame","Justitia"],"picked":"SKIP","floor":14},{"not_picked":["DaCapo"],"picked":"GoldRush","floor":16},{"not_picked":["theMarked:SwordAndMagic+1"],"picked":"Fluid Movement","floor":19},{"not_picked":["CherryBlossom","PlaceholderMod:DirectingGroup"],"picked":"SKIP","floor":21},{"not_picked":["PlaceholderMod:DissolvingSpikes","theMarked:HeritageOfTheMarked+1"],"picked":"SKIP","floor":24},{"not_picked":["FearNoEvil+1","Acrobatics"],"picked":"SKIP","floor":28},{"not_picked":["theMarked:TunnelVision","PanicButton"],"picked":"SKIP","floor":31},{"not_picked":["PlaceholderMod:PericyclicReaction"],"picked":"CENSORED_ego","floor":33},{"not_picked":["Heel Hook+1","Gaze"],"picked":"SKIP","floor":35},{"not_picked":["Meditate","PlaceholderMod:ConsolidateHit"],"picked":"SKIP","floor":37},{"not_picked":["PlaceholderMod:DirectingGroup","Combust"],"picked":"SKIP","floor":38},{"not_picked":["Meditate","Survey Options+1"],"picked":"SKIP","floor":39},{"not_picked":["MentalFortress+1","Entrench"],"picked":"SKIP","floor":41},{"not_picked":["ConjureBlade","theMarked:Indomitable+1"],"picked":"SKIP","floor":42},{"not_picked":["Coolheaded","SwordSharpenedByTears"],"picked":"SKIP","floor":45},{"not_picked":["Coolheaded","SwordSharpenedByTears"],"picked":"SKIP","floor":45},{"not_picked":["Armaments"],"picked":"Hologram+1","floor":47},{"not_picked":["Ball Lightning","theMarked:ChainLightning+1"],"picked":"SKIP","floor":48}],"player_experience":683963,"relics_obtained":[{"floor":1,"key":"LetterFromLob"},{"floor":9,"key":"infinitespire:Magic Flask"},{"floor":10,"key":"infinitespire:FocusingShard"},{"floor":13,"key":"ReplayTheSpireMod:Ring of Challenge"},{"floor":13,"key":"ReplayTheSpireMod:Ring of Exchange"},{"floor":24,"key":"Golden Egg"},{"floor":26,"key":"Centennial Puzzle"},{"floor":28,"key":"Gambling Chip"},{"floor":31,"key":"Replay:Multitool"},{"floor":39,"key":"CogitoBucket"},{"floor":39,"key":"wanderingMiniBosses:ThiefScarf"},{"floor":41,"key":"Dead Branch"},{"floor":43,"key":"MealTicket"},{"floor":46,"key":"Anchor"},{"floor":49,"key":"Nunchaku"}],"event_choices":[{"damage_healed":0,"gold_gain":99,"player_choice":"Steal","damage_taken":0,"max_hp_gain":0,"max_hp_loss":0,"event_name":"betterThird:BetterNest","floor":20,"gold_loss":0},{"damage_healed":0,"gold_gain":75,"player_choice":"Touch","damage_taken":8,"max_hp_gain":0,"max_hp_loss":0,"event_name":"FaceTrader","floor":29,"gold_loss":0}],"is_beta":false,"boss_relics":[{"not_picked":["ClockworkSouvenir","ChewingGum"],"picked":"PrismaticShard"},{"not_picked":["Astrolabe","Replay:Drink Me"],"picked":"Painkiller Herb"}],"items_purged_floors":[],"is_endless":false,"potions_floor_spawned":[1,11,12,19,21,28,33,35,37],"ascension_level":1}}