{"host":"nljp4tk11zt4gqcq","time":1609221631,"event":{"mods":["2.2 Compatiblity","Bard","BaseMod","Beaked The Cultist","Better Third Choice","Conspire","Downfall","Friendly Minions","Hermit","Hubris","Jorbs\u0027s Wanderer Trilogy","Minty Spire (QoL Compilation)","Rare Cards Sparkle","Relic Stats","Replay The Spire","Robot Space Explorer","Spicy Shops","StSLib","The Bladedancer","The Construct","The Cursed","The Disciple","The Forsaken","The Hierophant","The Jungle","The Runesmith","The Servant 0.9.4","UnlockEverythingMod"],"gold_per_floor":[110,110,110,120,140,140,140],"floor_reached":6,"playtime":288,"items_purged":[],"score":40,"play_id":"04cc640f-eb4f-4378-aa39-b837af0798a5","local_time":"20201228220031","is_ascension_mode":true,"campfire_choices":[],"circlet_count":0,"master_deck":["Strike_S","Strike_S","Strike_S","Strike_S","Defend_S","Defend_S","Defend_S","KidneyShot","Exchange","BottledTime","theForsaken:PlagueCurse","Potential","Hightail"],"relics":["Runic Pyramid","theForsaken:PlagueMask"],"acts_visited":["Exordium"],"potions_floor_usage":[],"damage_taken":[{"damage":11,"enemies":"Cultist","floor":1,"turns":4},{"damage":12,"enemies":"Small Slimes","floor":4,"turns":4},{"damage":22,"enemies":"Jaw Worm","floor":5,"turns":3},{"damage":15,"enemies":"3 Sentries","floor":6,"turns":2}],"seed_played":"5207496085519345258","potions_obtained":[{"floor":1,"key":"Ancient Potion"},{"floor":4,"key":"ColorlessPotion"}],"is_trial":false,"path_per_floor":["M","?","?","M","M","E"],"character_chosen":"THE_SERVANT","items_purchased":[],"campfire_rested":0,"item_purchase_floors":[],"current_hp_per_floor":[54,54,47,35,13,0,0],"gold":140,"neow_bonus":"BOSS_RELIC","is_daily":false,"chose_seed":false,"campfire_upgraded":0,"win_rate":0.0,"timestamp":1609221631,"path_taken":["M","?","?","?","M","E"],"items_purchased_type":[],"build_version":"2020-12-22","purchased_purges":0,"victory":false,"max_hp_per_floor":[65,65,65,65,65,65,65],"relic_stats":{"counters":[4,13],"obtain_stats":[{"Uniform":0,"theForsaken:PlagueMask":2,"Runic Pyramid":0},{"Uniform":0,"theForsaken:PlagueMask":1,"Runic Pyramid":0},{"Uniform":0,"theForsaken:PlagueMask":4,"Runic Pyramid":0}]},"card_choices":[{"not_picked":["Desolation","Replace"],"picked":"BottledTime","floor":1},{"not_picked":["TimeWarp","Defy"],"picked":"Potential","floor":4},{"not_picked":["Desolation","Contraction"],"picked":"Hightail","floor":5}],"player_experience":283387,"relics_obtained":[],"event_choices":[{"damage_healed":0,"gold_gain":0,"player_choice":"Obtain Plague Curse","damage_taken":0,"max_hp_gain":0,"max_hp_loss":0,"event_name":"Plague Doctor","floor":2,"gold_loss":0,"cards_obtained":["theForsaken:PlagueCurse"]},{"cards_removed":["Defend_S"],"damage_healed":0,"gold_gain":0,"player_choice":"Card Removal","damage_taken":7,"max_hp_gain":0,"max_hp_loss":0,"event_name":"Golden Wing","floor":3,"gold_loss":0}],"is_beta":false,"boss_relics":[],"items_purged_floors":[],"is_endless":false,"potions_floor_spawned":[1,4],"killed_by":"3 Sentries","ascension_level":2}}