{"host":"s1gi8xs3so6zkrm7","time":1609277886,"event":{"mods":["BaseMod","Filter the Spire","Minty Spire (QoL Compilation)"],"gold_per_floor":[164,174,184,203,215,215,248,248,248,265,265,265,300,67,67,167,167,182,107,107,32,51,51,51,51],"floor_reached":24,"playtime":1932,"items_purged":[],"score":268,"play_id":"876a5894-81e5-4df4-8dec-5be8e67adf9e","local_time":"20201229153806","is_ascension_mode":true,"campfire_choices":[{"floor":6.0,"key":"REST"},{"floor":8.0,"key":"REST"},{"floor":12.0,"key":"REST"},{"floor":15.0,"key":"REST"},{"floor":23,"key":"REST"}],"circlet_count":0,"master_deck":["Strike_R","Strike_R","Strike_R","Strike_R","Strike_R","Defend_R","Defend_R+1","Defend_R+1","Defend_R+1","Bash","Wild Strike","Evolve","Wild Strike","Armaments","Spot Weakness","Corruption","Sentinel","Power Through","Feel No Pain","Juggernaut"],"relics":["Tiny House","Incense Burner","Blood Vial","War Paint","Art of War","Philosopher\u0027s Stone"],"acts_visited":["Exordium","TheCity"],"potions_floor_usage":[],"damage_taken":[{"damage":6.0,"enemies":"Cultist","floor":1.0,"turns":4.0},{"damage":8.0,"enemies":"2 Louse","floor":2.0,"turns":4.0},{"damage":7.0,"enemies":"Jaw Worm","floor":3.0,"turns":4.0},{"damage":13.0,"enemies":"Looter","floor":4.0,"turns":4.0},{"damage":21.0,"enemies":"Blue Slaver","floor":5.0,"turns":4.0},{"damage":38.0,"enemies":"Gremlin Nob","floor":7.0,"turns":5.0},{"damage":5.0,"enemies":"Exordium Thugs","floor":10.0,"turns":4.0},{"damage":28.0,"enemies":"3 Sentries","floor":13.0,"turns":8.0},{"damage":40.0,"enemies":"Slime Boss","floor":16.0,"turns":10.0},{"damage":50.0,"enemies":"3 Byrds","floor":18.0,"turns":6.0},{"damage":14,"enemies":"2 Thieves","floor":21,"turns":5},{"damage":21,"enemies":"Snake Plant","floor":22,"turns":5},{"damage":32,"enemies":"Slavers","floor":24,"turns":2}],"seed_played":"8313034300259631635","potions_obtained":[{"floor":0.0,"key":"BloodPotion"},{"floor":2.0,"key":"BlessingOfTheForge"},{"floor":3.0,"key":"Ancient Potion"},{"floor":4.0,"key":"AttackPotion"},{"floor":13.0,"key":"PowerPotion"},{"floor":18.0,"key":"DuplicationPotion"}],"is_trial":false,"path_per_floor":["M","M","M","M","M","R","E","R","T","M","?","R","E","$","R","B",null,"M","?","?","M","M","R","E"],"character_chosen":"IRONCLAD","items_purchased":["Feel No Pain","Art of War"],"campfire_rested":5,"item_purchase_floors":[14,14],"current_hp_per_floor":[71,63,56,43,22,47,9,34,34,31,31,56,47,47,72,34,72,24,24,52,40,21,46,16,16],"gold":51,"neow_bonus":"BOSS_RELIC","is_daily":false,"chose_seed":false,"campfire_upgraded":0,"win_rate":0.0,"timestamp":1609277886,"path_taken":["M","M","?","M","M","R","E","R","T","M","?","R","E","$","R","BOSS","M","?","?","M","M","R","E"],"items_purchased_type":["Card","Relic"],"build_version":"2020-12-22","purchased_purges":0,"victory":false,"max_hp_per_floor":[85,85,85,85,85,85,85,85,85,85,85,85,85,85,85,85,85,85,85,85,85,85,85,85,85],"card_choices":[{"not_picked":["Bloodletting","Body Slam"],"picked":"Wild Strike","floor":0.0},{"not_picked":["Metallicize","Pommel Strike"],"picked":"Evolve","floor":1.0},{"not_picked":["Sword Boomerang","Feel No Pain","Rage"],"picked":"SKIP","floor":2.0},{"not_picked":["Warcry","Heavy Blade"],"picked":"Wild Strike","floor":3.0},{"not_picked":["Feel No Pain","Pummel"],"picked":"Armaments","floor":4.0},{"not_picked":["Armaments","True Grit"],"picked":"Spot Weakness","floor":5.0},{"not_picked":["Rampage","Combust"],"picked":"Corruption","floor":7.0},{"not_picked":["Clothesline","Warcry"],"picked":"Sentinel","floor":10.0},{"not_picked":["Sword Boomerang","Sever Soul"],"picked":"Power Through","floor":13.0},{"not_picked":["Berserk","Exhume"],"picked":"Juggernaut","floor":16.0},{"not_picked":["Sword Boomerang","Havoc","Headbutt+1"],"picked":"SKIP","floor":18.0},{"not_picked":["Iron Wave+1","Rampage+1","Clothesline"],"picked":"SKIP","floor":21},{"not_picked":["Rupture","Sword Boomerang","Wild Strike"],"picked":"SKIP","floor":22}],"player_experience":224214,"relics_obtained":[{"floor":7.0,"key":"Incense Burner"},{"floor":9.0,"key":"Blood Vial"},{"floor":13.0,"key":"War Paint"}],"event_choices":[{"damage_healed":0.0,"max_hp_gain":0.0,"max_hp_loss":0.0,"gold_gain":0.0,"event_name":"Wheel of Change","player_choice":"Cursed","floor":11.0,"gold_loss":0.0,"damage_taken":0.0,"cards_obtained":["Decay"]},{"cards_removed":["Decay"],"damage_healed":0.0,"max_hp_gain":0.0,"max_hp_loss":0.0,"gold_gain":0.0,"event_name":"Beggar","player_choice":"Gave Gold","floor":19.0,"gold_loss":75.0,"damage_taken":0.0},{"damage_healed":28,"gold_gain":0,"player_choice":"Heal","damage_taken":0,"max_hp_gain":0,"max_hp_loss":0,"event_name":"The Library","floor":20,"gold_loss":0}],"is_beta":false,"boss_relics":[{"not_picked":["Fusion Hammer","SlaversCollar"],"picked":"Philosopher\u0027s Stone"}],"items_purged_floors":[],"is_endless":false,"potions_floor_spawned":[2,3,4,7,13,18],"killed_by":"Slavers","ascension_level":6}}