{"host":"fhwr1fuluf6086fh","time":1609258689,"event":{"mods":["2.2 Compatiblity","Act Like it!","BaseMod","Elementarium","Hermit","Minty Spire (QoL Compilation)","Robot Space Explorer","StSLib","The Blue Laboratory","The Dragon Tamer","The Factory","The Hierophant","TheLocksmith"],"gold_per_floor":[60,122,191,109,149,149,189,242,293,136,197,308,407,505,505,632,632,701,131,212,310,17,144,144,259,259,29,29,158,293,431,431,560,560,672,672,776,800,427,427,554,676,701,832,392,372,231,347,347,249],"floor_reached":51,"playtime":61499,"items_purged":["hierophant:Strike_Hierophant","hierophant:Strike_Hierophant","hierophant:Strike_Hierophant","hierophant:Strike_Hierophant","hierophant:Defend_Hierophant","hierophant:Defend_Hierophant"],"score":1119,"play_id":"ccd8b7c5-9127-459c-8353-8da1fdeed4c4","local_time":"20201229111809","is_ascension_mode":true,"campfire_choices":[{"data":"hierophant:BulkyChest","floor":6,"key":"SMITH"},{"data":"hierophant:SealAway","floor":15,"key":"SMITH"},{"floor":24,"key":"REST"},{"floor":28,"key":"REST"},{"floor":32,"key":"REST"},{"floor":40,"key":"REST"},{"floor":49,"key":"REST"}],"circlet_count":0,"master_deck":["hierophant:Punish","hierophant:Defend_Hierophant","hierophant:Defend_Hierophant","hierophant:ChurchCoffers+1","hierophant:BulkyChest+1","hierophant:Bribe","hierophant:ThreeLashes","hierophant:ThreeLashes+1","hierophant:MirrorShield","hierophant:Bribe","hierophant:MorningPrayer+1","hierophant:ThreeLashes","hierophant:ThreeLashes","hierophant:SealAway+1","hierophant:FlamingChariot","hierophant:Sermon","hierophant:ThreeLashes","hierophant:MintersHammer","hierophant:Doubloon+1","hierophant:Dazzle+1","Finesse","Panache","hierophant:DisplayOfPower","hierophant:Batter+1","hierophant:FieryStrike","hierophant:ThreeLashes","hierophant:Charity","hierophant:Doubloon+1","hierophant:ConvertCurrency","hierophant:Doubloon+1","Apotheosis","hierophant:DisplayOfPower+1","hierophant:Exaltation+1","hierophant:Racketeering","Panache","hierophant:CoinFling","hierophant:Doubloon+1","hierophant:MirrorShield","hierophant:Doubloon","hierophant:Refuge+1","hierophant:Doubloon+1","hierophant:Dazzle","hierophant:FlamingChariot+1","hierophant:AuricForm","hierophant:MirrorShield","Jack Of All Trades","Flash of Steel","hierophant:Racketeering+1","hierophant:Doubloon","hierophant:Dazzle","hierophant:CursedGold","hierophant:Doubloon","hierophant:Doubloon","hierophant:Charity","hierophant:Doubloon","hierophant:Remorse+1","hierophant:Doubloon+1","hierophant:Endure+1","hierophant:Exaltation","hierophant:Doubloon","hierophant:RecallFunds+1","hierophant:Rebuild+1","hierophant:Community+1","hierophant:AuricShield+1","hierophant:Anathema","hierophant:AuricForm","Trip","hierophant:Kindle"],"relics":["hierophant:PropheticMaskRelic","Meat on the Bone","MawBank","War Paint","Bag of Preparation","Fusion Hammer","Membership Card","Torii","Nunchaku","Vajra","WingedGreaves","Bronze Scales","Lantern","DollysMirror","Whetstone","Philosopher\u0027s Stone","Strawberry","Happy Flower","Orrery","Prayer Wheel","Centennial Puzzle","Juzu Bracelet","HandDrill","Gremlin Horn","StoneCalendar"],"acts_visited":["Exordium","TheCity","TheBeyond"],"potions_floor_usage":[8,12,16,23,33,41,50],"damage_taken":[{"damage":13,"enemies":"Jaw Worm","floor":1,"turns":5},{"damage":10,"enemies":"Cultist","floor":2,"turns":5},{"damage":0,"enemies":"Small Slimes","floor":3,"turns":3},{"damage":6,"enemies":"Gremlin Gang","floor":5,"turns":2},{"damage":12,"enemies":"Looter","floor":7,"turns":4},{"damage":23,"enemies":"Lagavulin","floor":8,"turns":13},{"damage":6,"enemies":"Blue Slaver","floor":11,"turns":5},{"damage":5,"enemies":"3 Sentries","floor":12,"turns":2},{"damage":3,"enemies":"3 Louse","floor":13,"turns":3},{"damage":4,"enemies":"Lots of Slimes","floor":14,"turns":3},{"damage":15,"enemies":"The Guardian","floor":16,"turns":11},{"damage":12,"enemies":"2 Thieves","floor":18,"turns":4},{"damage":9,"enemies":"3 Byrds","floor":20,"turns":5},{"damage":10,"enemies":"Sentry and Sphere","floor":21,"turns":4},{"damage":0,"enemies":"Gremlin Leader","floor":23,"turns":6},{"damage":26,"enemies":"Slavers","floor":25,"turns":3},{"damage":0,"enemies":"3 Cultists","floor":29,"turns":1},{"damage":0,"enemies":"Snake Plant","floor":30,"turns":2},{"damage":23,"enemies":"Book of Stabbing","floor":31,"turns":4},{"damage":21,"enemies":"Champ","floor":33,"turns":9},{"damage":22,"enemies":"3 Darklings","floor":35,"turns":4},{"damage":20,"enemies":"3 Shapes","floor":37,"turns":4},{"damage":11,"enemies":"3 Darklings","floor":38,"turns":4},{"damage":23,"enemies":"Reptomancer","floor":41,"turns":4},{"damage":16,"enemies":"Sphere and 2 Shapes","floor":42,"turns":3},{"damage":3,"enemies":"Nemesis","floor":44,"turns":6},{"damage":15,"enemies":"Mind Bloom Boss Battle","floor":48,"turns":6},{"damage":6,"enemies":"Donu and Deca","floor":50,"turns":3}],"seed_played":"6806413919151518089","potions_obtained":[{"floor":3,"key":"blueLaboratory:BottleOfRum"},{"floor":8,"key":"ColorlessPotion"},{"floor":12,"key":"Strength Potion"},{"floor":13,"key":"Energy Potion"},{"floor":16,"key":"Dexterity Potion"},{"floor":20,"key":"DistilledChaos"},{"floor":31,"key":"blueLaboratory:NullPotion"},{"floor":33,"key":"blueLaboratory:EnragingPotion"},{"floor":35,"key":"LiquidMemories"},{"floor":44,"key":"EntropicBrew"}],"is_trial":false,"path_per_floor":["M","M","M","$","M","R","M","E","T","$","M","E","M","M","R","B",null,"M","$","M","M","$","E","R","E","T","$","R","M","M","E","R","B",null,"M","?","M","M","$","R","E","M","T","E","$","?","$","?","R","B",null],"character_chosen":"HIEROPHANT","items_purchased":["hierophant:MirrorShield","hierophant:ThreeLashes","War Paint","Membership Card","Finesse","Panache","Torii","Nunchaku","hierophant:DisplayOfPower","hierophant:ThreeLashes","hierophant:Charity","hierophant:ConvertCurrency","Apotheosis","Vajra","hierophant:Racketeering","DollysMirror","hierophant:CoinFling","hierophant:MirrorShield","hierophant:CursedGold","Strawberry","Happy Flower","Orrery","hierophant:Exaltation","HandDrill","Gremlin Horn","hierophant:Anathema","hierophant:AuricForm","Trip"],"campfire_rested":5,"item_purchase_floors":[4,10,10,19,19,19,19,19,19,22,22,22,22,22,27,27,27,27,39,39,39,39,39,45,45,45,45,47],"current_hp_per_floor":[62,52,52,52,46,46,34,11,11,11,17,24,33,41,41,38,75,63,63,54,44,44,44,66,40,40,40,62,62,62,39,61,40,75,53,48,40,41,48,72,49,45,45,42,42,42,42,39,63,57],"gold":249,"neow_bonus":"THREE_RARE_CARDS","is_daily":false,"chose_seed":false,"campfire_upgraded":2,"win_rate":0.0,"timestamp":1609258689,"path_taken":["M","M","M","$","M","R","M","E","T","$","M","E","M","M","R","BOSS","M","$","M","M","$","E","R","E","T","$","R","M","M","E","R","BOSS","M","?","M","M","$","R","E","M","T","E","$","?","$","?","R","BOSS"],"items_purchased_type":["Card","Card","Relic","Relic","Card","Card","Relic","Relic","Card","Card","Card","Card","Card","Relic","Card","Relic","Card","Card","Card","Relic","Relic","Relic","Card","Relic","Relic","Card","Card","Card"],"build_version":"2020-12-22","purchased_purges":6,"victory":true,"max_hp_per_floor":[75,75,75,75,75,75,75,75,75,75,75,75,75,75,75,75,75,75,75,75,75,75,75,75,75,75,75,75,75,75,75,75,75,75,75,75,75,75,82,82,82,82,82,82,82,82,82,82,82,82],"card_choices":[{"not_picked":["hierophant:WrathOfGod","hierophant:Batter"],"picked":"hierophant:BulkyChest","floor":0},{"not_picked":["hierophant:SolarFlare","hierophant:Doubloon"],"picked":"hierophant:Bribe","floor":1},{"not_picked":["hierophant:Doomsaying","hierophant:OrnateBuckler"],"picked":"hierophant:ThreeLashes","floor":2},{"not_picked":["hierophant:Smite","hierophant:Endure"],"picked":"hierophant:ThreeLashes","floor":3},{"not_picked":["hierophant:AuricBeam","hierophant:Anathema"],"picked":"hierophant:Bribe","floor":5},{"not_picked":["hierophant:Dazzle","hierophant:PassingBell"],"picked":"hierophant:MorningPrayer","floor":7},{"not_picked":["hierophant:Cornucopia","hierophant:Sermon"],"picked":"hierophant:ThreeLashes","floor":8},{"not_picked":["hierophant:ThreeLashes","hierophant:FieryStrike"],"picked":"hierophant:SealAway","floor":11},{"not_picked":["hierophant:Patience","hierophant:OrnateBuckler"],"picked":"hierophant:FlamingChariot","floor":12},{"not_picked":["hierophant:OrnateJavelin","hierophant:RustyCrate"],"picked":"hierophant:Sermon","floor":13},{"not_picked":["hierophant:PassingBell","hierophant:HolyVerse"],"picked":"hierophant:ThreeLashes","floor":14},{"not_picked":["hierophant:Anathema","hierophant:Determination"],"picked":"hierophant:MintersHammer","floor":16},{"not_picked":["hierophant:Sermon+1","hierophant:Remorse"],"picked":"hierophant:Dazzle+1","floor":18},{"not_picked":["hierophant:Community","hierophant:Doubloon"],"picked":"hierophant:Batter","floor":20},{"not_picked":["hierophant:Doomsaying","hierophant:AuricBeam+1"],"picked":"hierophant:FieryStrike","floor":21},{"not_picked":["hierophant:AuricShield","hierophant:FaithHealing+1"],"picked":"hierophant:DisplayOfPower+1","floor":23},{"not_picked":["hierophant:Levitation","hierophant:Upheaval"],"picked":"hierophant:Exaltation+1","floor":25},{"not_picked":["hierophant:ConvertCurrency","hierophant:Smite"],"picked":"hierophant:Refuge+1","floor":29},{"not_picked":["hierophant:Purify","hierophant:AuricShield"],"picked":"hierophant:Dazzle","floor":30},{"not_picked":["hierophant:Chorus","hierophant:Zeal+1"],"picked":"hierophant:FlamingChariot+1","floor":31},{"not_picked":["hierophant:BulkyChest","hierophant:MintersHammer"],"picked":"hierophant:AuricForm","floor":33},{"not_picked":["hierophant:HolyVerse","hierophant:Chorus"],"picked":"hierophant:MirrorShield","floor":35},{"not_picked":["HandOfGreed","Deep Breath"],"picked":"Jack Of All Trades","floor":36},{"not_picked":["Dark Shackles","Secret Weapon"],"picked":"Flash of Steel","floor":36},{"not_picked":["hierophant:PassingBell","hierophant:Patience+1"],"picked":"hierophant:Racketeering+1","floor":37},{"not_picked":["hierophant:SolarFlare","hierophant:Blessing+1"],"picked":"hierophant:Dazzle","floor":38},{"not_picked":["hierophant:AuricBeam","hierophant:Exaltation"],"picked":"hierophant:Charity","floor":39},{"not_picked":["hierophant:Sermon+1","hierophant:PristineSoul"],"picked":"hierophant:Remorse+1","floor":39},{"not_picked":["hierophant:ConvertCurrency+1","hierophant:Smite+1"],"picked":"hierophant:Doubloon+1","floor":39},{"not_picked":["hierophant:PassingBell+1","hierophant:SolarFlare+1"],"picked":"hierophant:Endure+1","floor":39},{"not_picked":["hierophant:Empathy+1","hierophant:HolyVerse+1"],"picked":"hierophant:RecallFunds+1","floor":41},{"not_picked":["hierophant:RepressedViolence+1","hierophant:Zeal+1"],"picked":"hierophant:Rebuild+1","floor":42},{"not_picked":["hierophant:Mercenaries","hierophant:TollTheBells"],"picked":"hierophant:Community+1","floor":42},{"not_picked":["hierophant:FieryStrike","hierophant:RepressedViolence"],"picked":"hierophant:AuricShield+1","floor":44},{"not_picked":["hierophant:FieryStrike+1","hierophant:FlamingChariot+1"],"picked":"hierophant:Kindle","floor":48}],"player_experience":869378,"relics_obtained":[{"floor":8,"key":"Meat on the Bone"},{"floor":9,"key":"MawBank"},{"floor":12,"key":"Bag of Preparation"},{"floor":23,"key":"WingedGreaves"},{"floor":25,"key":"Bronze Scales"},{"floor":26,"key":"Lantern"},{"floor":31,"key":"Whetstone"},{"floor":41,"key":"Prayer Wheel"},{"floor":43,"key":"Centennial Puzzle"},{"floor":44,"key":"Juzu Bracelet"},{"floor":48,"key":"StoneCalendar"}],"event_choices":[{"damage_healed":0,"gold_gain":0,"player_choice":"Memory 2","damage_taken":5,"max_hp_gain":0,"max_hp_loss":0,"event_name":"SensoryStone","floor":36,"gold_loss":0},{"damage_healed":0,"gold_gain":0,"player_choice":"Bought 1 Potion","damage_taken":0,"max_hp_gain":0,"max_hp_loss":0,"event_name":"The Woman in Blue","floor":46,"gold_loss":0},{"damage_healed":0,"gold_gain":0,"player_choice":"Fight","damage_taken":0,"max_hp_gain":0,"max_hp_loss":0,"event_name":"MindBloom","floor":48,"gold_loss":0}],"is_beta":false,"boss_relics":[{"not_picked":["Empty Cage","Ectoplasm"],"picked":"Fusion Hammer"},{"not_picked":["Coffee Dripper","Velvet Choker"],"picked":"Philosopher\u0027s Stone"}],"items_purged_floors":[19,22,27,39,45,47],"is_endless":false,"potions_floor_spawned":[3,8,12,13,16,20,21,31,33,35,44,48],"ascension_level":3}}