{"host":"5fasz840ryq7obdf","time":1609242246,"event":{"mods":["AchievementEnabler","BaseMod","Bestiary","Better Altar","Better Skull","Better Third Choice","BetterRewards","Block Reminder","Colored Powertips","Curses Come First","Highlight Path","Minty Spire (QoL Compilation)","Quick Restart","Rare Cards Sparkle","Relic Sorter","Relic Stats","Shop Mod","Slay-I","Spicy Shops","StSLib","SuperFastMode"],"gold_per_floor":[63,100,20,29,78,113,140,140,140,204,251,272,313,360,369,452,452,505,524,393,435,82,82,131,191,218,218,267,267,332,361,361,469,469,510,556,574,611,658,683,683,751,751,817,849,858,886,944,944,944,944,944],"floor_reached":51,"playtime":7397,"items_purged":["Strike_P"],"score":1866,"play_id":"544ab7fb-3045-4168-b2e7-30410b862173","local_time":"20201229114406","is_ascension_mode":true,"campfire_choices":[{"floor":15.0,"key":"REST"},{"data":"Apotheosis","floor":23.0,"key":"SMITH"},{"data":"MentalFortress","floor":27.0,"key":"SMITH"},{"data":"Eruption","floor":29.0,"key":"SMITH"},{"data":"Ragnarok","floor":32.0,"key":"SMITH"},{"floor":46.0,"key":"REST"},{"floor":49.0,"key":"RECALL"}],"circlet_count":0,"master_deck":["AscendersBane","Strike_P","Strike_P","Defend_P","Defend_P","Defend_P","Defend_P","Eruption+1","Vigilance","ThirdEye","HandOfGreed","Nirvana","MasterReality","EmptyFist","Dramatic Entrance","Apotheosis+1","Consecrate","Sanctity","CutThroughFate","MentalFortress","Blasphemy","WheelKick","MentalFortress","CutThroughFate","Ragnarok+1","SashWhip","JustLucky","MentalFortress+1","CrushJoints","DeceiveReality","JustLucky","Dark Shackles","Halt","ThirdEye","Scrawl","WreathOfFlame","SpiritShield","Halt","Madness","Madness","Judgement","ClearTheMind","Wallop+1","Ragnarok","SandsOfTime","Wallop","ThirdEye","SandsOfTime+1"],"relics":["PureWater","Membership Card","Bag of Marbles","Strange Spoon","Gremlin Horn","CeramicFish","Vajra","Pen Nib","Lantern","StrikeDummy","Dream Catcher","Runic Pyramid","Incense Burner","Kunai","Oddly Smooth Stone","Smiling Mask","Damaru","Turnip","Black Star","Potion Belt","Anchor","Prayer Wheel","Happy Flower","Letter Opener","Darkstone Periapt","Frozen Egg 2","Omamori"],"acts_visited":["Exordium","TheCity","TheBeyond"],"potions_floor_usage":[51,51],"damage_taken":[{"damage":0.0,"enemies":"Small Slimes","floor":1.0,"turns":1.0},{"damage":1.0,"enemies":"Cultist","floor":2.0,"turns":3.0},{"damage":0.0,"enemies":"Jaw Worm","floor":5.0,"turns":3.0},{"damage":0.0,"enemies":"Gremlin Nob","floor":6.0,"turns":2.0},{"damage":0.0,"enemies":"3 Louse","floor":7.0,"turns":2.0},{"damage":0.0,"enemies":"3 Sentries","floor":10.0,"turns":4.0},{"damage":0.0,"enemies":"Exordium Wildlife","floor":11.0,"turns":2.0},{"damage":0.0,"enemies":"Red Slaver","floor":12.0,"turns":4.0},{"damage":8.0,"enemies":"Gremlin Nob","floor":13.0,"turns":3.0},{"damage":0.0,"enemies":"Blue Slaver","floor":14.0,"turns":1.0},{"damage":11.0,"enemies":"Hexaghost","floor":16.0,"turns":7.0},{"damage":0.0,"enemies":"3 Byrds","floor":18.0,"turns":1.0},{"damage":0.0,"enemies":"Spheric Guardian","floor":19.0,"turns":3.0},{"damage":0.0,"enemies":"Cultist and Chosen","floor":21.0,"turns":5.0},{"damage":5.0,"enemies":"Centurion and Healer","floor":24.0,"turns":2.0},{"damage":6.0,"enemies":"Book of Stabbing","floor":25.0,"turns":5.0},{"damage":0.0,"enemies":"Chosen and Byrds","floor":28.0,"turns":5.0},{"damage":3.0,"enemies":"Gremlin Leader","floor":30.0,"turns":6.0},{"damage":0.0,"enemies":"3 Cultists","floor":31.0,"turns":3.0},{"damage":37.0,"enemies":"Automaton","floor":33.0,"turns":12.0},{"damage":1.0,"enemies":"Orb Walker","floor":35.0,"turns":6.0},{"damage":0.0,"enemies":"3 Shapes","floor":36.0,"turns":2.0},{"damage":0.0,"enemies":"3 Darklings","floor":38.0,"turns":7.0},{"damage":0.0,"enemies":"Sphere and 2 Shapes","floor":39.0,"turns":3.0},{"damage":3.0,"enemies":"Reptomancer","floor":40.0,"turns":4.0},{"damage":11.0,"enemies":"Nemesis","floor":42.0,"turns":7.0},{"damage":0.0,"enemies":"Giant Head","floor":44.0,"turns":7.0},{"damage":6.0,"enemies":"Transient","floor":45.0,"turns":6.0},{"damage":1.0,"enemies":"Writhing Mass","floor":47.0,"turns":5.0},{"damage":5.0,"enemies":"Reptomancer","floor":48.0,"turns":5.0},{"damage":28.0,"enemies":"Time Eater","floor":50.0,"turns":8.0},{"damage":13,"enemies":"Donu and Deca","floor":51,"turns":8}],"seed_played":"-4969146065738140218","potions_obtained":[{"floor":1.0,"key":"Fire Potion"},{"floor":7.0,"key":"SkillPotion"},{"floor":11.0,"key":"BlessingOfTheForge"},{"floor":13.0,"key":"Strength Potion"},{"floor":18.0,"key":"Explosive Potion"},{"floor":21.0,"key":"FearPotion"},{"floor":28.0,"key":"Weak Potion"},{"floor":39.0,"key":"Ancient Potion"},{"floor":40.0,"key":"EssenceOfSteel"},{"floor":42.0,"key":"Block Potion"}],"is_trial":false,"path_per_floor":["M","M","$","?","M","E","M","?","T","E","M","M","E","M","R","B",null,"M","M","$","M","$","R","M","E","T","R","M","R","E","M","R","B",null,"M","M","?","M","M","E","?","E","T","E","M","R","M","E","R","B","B"],"character_chosen":"WATCHER","items_purchased":["Membership Card","Bag of Marbles","Strange Spoon","ThirdEye","Gremlin Horn","CeramicFish","Vajra","HandOfGreed","Nirvana","Dramatic Entrance","MentalFortress","CrushJoints","Incense Burner","Kunai","Oddly Smooth Stone","JustLucky","Dark Shackles"],"campfire_rested":2,"item_purchase_floors":[0,0,0,0,0,0,0,0,0,3,20,20,22,22,22,22,22],"current_hp_per_floor":[30,29,29,29,29,29,29,29,29,29,29,29,21,21,41,30,59,59,59,59,59,59,59,54,48,48,48,48,48,45,45,45,8,53,52,52,40,40,40,37,37,26,26,26,20,40,39,34,34,6,0,0],"gold":944,"neow_bonus":"","is_daily":false,"chose_seed":false,"campfire_upgraded":4,"win_rate":0.0,"timestamp":1609242246,"path_taken":["M","M","$","?","M","E","M","?","T","E","M","M","E","M","R","BOSS","M","?","$","M","$","R","M","E","T","R","M","R","E","M","R","BOSS","M","M","?","M","M","E","?","E","T","E","M","R","M","E","R","BOSS","BOSS"],"items_purchased_type":["Relic","Relic","Relic","Card","Relic","Relic","Relic","Card","Card","Card","Card","Card","Relic","Relic","Relic","Card","Card"],"build_version":"2020-12-22","purchased_purges":1,"victory":false,"max_hp_per_floor":[68,68,68,68,68,68,68,68,68,68,68,68,68,68,68,68,68,68,68,68,68,68,68,68,68,68,68,68,68,68,68,68,68,68,68,68,68,68,68,68,68,68,68,68,68,68,68,68,68,68,68,68],"relic_stats":{"Darkstone Periapt":0,"Gremlin Horn":[35,37],"Happy Flower":[13],"counters":[32,142],"CeramicFish":351,"Pen Nib":[23],"Letter Opener":[38],"Smiling Mask":0,"Strange Spoon":[73],"Dream Catcher":2,"Prayer Wheel":2,"Turnip":[7],"Black Star":4,"Kunai":[23],"obtain_stats":[{"Darkstone Periapt":44,"Lantern":9,"Gremlin Horn":0,"CeramicFish":0,"Vajra":0,"Incense Burner":22,"Smiling Mask":25,"Dream Catcher":13,"Prayer Wheel":42,"Kunai":22,"Runic Pyramid":17,"Potion Belt":40,"Happy Flower":42,"Oddly Smooth Stone":22,"Damaru":26,"Pen Nib":6,"Omamori":48,"Letter Opener":44,"Frozen Egg 2":48,"Strange Spoon":0,"Anchor":40,"Turnip":30,"Bag of Marbles":0,"Black Star":34,"Membership Card":0,"PureWater":0,"StrikeDummy":10},{"Darkstone Periapt":27,"Lantern":5,"Gremlin Horn":0,"CeramicFish":0,"Vajra":0,"Incense Burner":14,"Smiling Mask":16,"Dream Catcher":9,"Prayer Wheel":26,"Kunai":14,"Runic Pyramid":11,"Potion Belt":25,"Happy Flower":26,"Oddly Smooth Stone":14,"Damaru":16,"Pen Nib":4,"Omamori":30,"Letter Opener":27,"Frozen Egg 2":30,"Strange Spoon":0,"Anchor":25,"Turnip":18,"Bag of Marbles":0,"Black Star":20,"Membership Card":0,"PureWater":0,"StrikeDummy":6},{"Darkstone Periapt":110,"Lantern":11,"Gremlin Horn":0,"CeramicFish":0,"Vajra":0,"Incense Burner":41,"Smiling Mask":48,"Dream Catcher":24,"Prayer Wheel":103,"Kunai":41,"Runic Pyramid":32,"Potion Belt":96,"Happy Flower":103,"Oddly Smooth Stone":41,"Damaru":48,"Pen Nib":9,"Omamori":126,"Letter Opener":110,"Frozen Egg 2":126,"Strange Spoon":0,"Anchor":96,"Turnip":59,"Bag of Marbles":0,"Black Star":74,"Membership Card":0,"PureWater":0,"StrikeDummy":15}]},"card_choices":[{"not_picked":["Evaluate","Prostrate"],"picked":"EmptyFist","floor":1.0},{"not_picked":["PathToVictory","Collect","BowlingBash"],"picked":"SKIP","floor":2.0},{"not_picked":["EmptyMind","EmptyBody"],"picked":"Consecrate","floor":5.0},{"not_picked":["EmptyBody","Crescendo"],"picked":"Sanctity","floor":6.0},{"not_picked":["Study","FollowUp"],"picked":"CutThroughFate","floor":7.0},{"not_picked":["SignatureMove","LikeWater"],"picked":"MentalFortress","floor":10.0},{"not_picked":["ClearTheMind","ThirdEye"],"picked":"Blasphemy","floor":11.0},{"not_picked":["Evaluate","BowlingBash"],"picked":"WheelKick","floor":12.0},{"not_picked":["Brilliance","Meditate"],"picked":"MentalFortress","floor":13.0},{"not_picked":["EmptyBody","WreathOfFlame"],"picked":"Wireheading","floor":14.0},{"not_picked":["WheelKick","Worship"],"picked":"CutThroughFate","floor":15.0},{"not_picked":["Establishment","DevaForm"],"picked":"Ragnarok","floor":16.0},{"not_picked":["Prostrate","Evaluate"],"picked":"SashWhip","floor":18.0},{"not_picked":["Protect","FlyingSleeves"],"picked":"JustLucky","floor":19.0},{"not_picked":["Adaptation","FollowUp"],"picked":"DeceiveReality","floor":21.0},{"not_picked":["ForeignInfluence","Protect+1"],"picked":"Halt","floor":24.0},{"not_picked":["Conclude","Meditate","FearNoEvil"],"picked":"SKIP","floor":25.0},{"not_picked":["SashWhip","CutThroughFate"],"picked":"ThirdEye","floor":28.0},{"not_picked":["LessonLearned","CrushJoints"],"picked":"Scrawl","floor":30.0},{"not_picked":["CarveReality","Protect"],"picked":"WreathOfFlame","floor":31.0},{"not_picked":["Scrawl","Establishment"],"picked":"SpiritShield","floor":33.0},{"not_picked":["PathToVictory","BattleHymn","Evaluate+1"],"picked":"SKIP","floor":35.0},{"not_picked":["CrushJoints","JustLucky"],"picked":"Halt","floor":36.0},{"not_picked":["Worship","Evaluate","Protect"],"picked":"SKIP","floor":38.0},{"not_picked":["FollowUp","Adaptation+1"],"picked":"Judgement","floor":39.0},{"not_picked":["DevaForm","PathToVictory","ReachHeaven"],"picked":"SKIP","floor":40.0},{"not_picked":["BowlingBash","PathToVictory"],"picked":"ClearTheMind","floor":42.0},{"not_picked":["Prostrate","Meditate"],"picked":"Wallop+1","floor":44.0},{"not_picked":["FlurryOfBlows","ThirdEye+1"],"picked":"Ragnarok","floor":45.0},{"not_picked":["FearNoEvil","Fasting2"],"picked":"SandsOfTime","floor":45.0},{"not_picked":["Halt+1","LikeWater"],"picked":"Wallop","floor":46.0},{"not_picked":["CutThroughFate","Adaptation"],"picked":"ThirdEye","floor":47.0},{"not_picked":["MentalFortress+1","CarveReality"],"picked":"SandsOfTime+1","floor":47.0},{"not_picked":["BattleHymn+1","EmptyFist","FollowUp"],"picked":"SKIP","floor":48.0}],"player_experience":1246365,"relics_obtained":[{"floor":6.0,"key":"Pen Nib"},{"floor":9.0,"key":"Lantern"},{"floor":10.0,"key":"StrikeDummy"},{"floor":13.0,"key":"Dream Catcher"},{"floor":25.0,"key":"Smiling Mask"},{"floor":26.0,"key":"Damaru"},{"floor":30.0,"key":"Turnip"},{"floor":40.0,"key":"Potion Belt"},{"floor":40.0,"key":"Anchor"},{"floor":42.0,"key":"Prayer Wheel"},{"floor":42.0,"key":"Happy Flower"},{"floor":44.0,"key":"Letter Opener"},{"floor":44.0,"key":"Darkstone Periapt"},{"floor":48.0,"key":"Frozen Egg 2"},{"floor":48.0,"key":"Omamori"}],"event_choices":[{"damage_healed":29.0,"max_hp_gain":0.0,"max_hp_loss":68.0,"gold_gain":0.0,"event_name":"betterThird:BetterShining","player_choice":"Embrace","floor":4.0,"gold_loss":0.0,"damage_taken":0.0},{"cards_removed":["Strike_P"],"damage_healed":0.0,"max_hp_gain":0.0,"max_hp_loss":0.0,"gold_gain":0.0,"event_name":"Purifier","player_choice":"Purged","floor":8.0,"gold_loss":0.0,"damage_taken":0.0},{"damage_healed":0.0,"max_hp_gain":0.0,"max_hp_loss":0.0,"gold_gain":0.0,"event_name":"Winding Halls","player_choice":"Embrace Madness","floor":37.0,"gold_loss":0.0,"damage_taken":12.0,"cards_obtained":["Madness","Madness"]},{"cards_removed":["Wireheading"],"damage_healed":0.0,"max_hp_gain":0.0,"max_hp_loss":0.0,"gold_gain":0.0,"event_name":"Falling","player_choice":"Removed Power","floor":41.0,"gold_loss":0.0,"damage_taken":0.0}],"is_beta":false,"boss_relics":[{"not_picked":["Philosopher\u0027s Stone","Sozu"],"picked":"Runic Pyramid"},{"not_picked":["Cursed Key","Busted Crown"],"picked":"Black Star"}],"items_purged_floors":[3],"is_endless":false,"potions_floor_spawned":[1,7,11,13,16,18,21,28,30,39,40,42],"killed_by":"Donu and Deca","ascension_level":20}}