{"host":"ywif2ugnepgiw45s","time":1609283663,"event":{"mods":["Act Like it!","BaseMod","Better Skull","Downfall","Elementarium","GifTheSpireLib","Hermit","Lobotomy","Marisa????????","Minty Spire (QoL Compilation)","READ ME - Guardian Mod","Shade Mod","Shop Mod","StSLib","The Cursed","The Jungle","The Runesmith"],"gold_per_floor":[99,99,174,193,0,0,51,77,177,188,198,209,134,466,478,580,580,505,516,536,586,636,666,666,733,733,883,557,607,638,788,803,899,899,899,915,965,1015,1085,474,474,504,521,540,465,588,588,601,612,612,612,644,13,13,13],"floor_reached":56,"playtime":3546,"items_purged":["Slimebound:Strike_Slimebound","Pain","Slimebound:Defend_Slimebound"],"score":5019,"play_id":"411f6587-9764-453f-bc39-ba0e3200f32e","local_time":"20201229181423","is_ascension_mode":true,"campfire_choices":[{"data":"Slimebound:CorrosiveSpit","floor":1.0,"key":"SMITH"},{"floor":13.0,"key":"RECALL"},{"data":"Slimebound:RejuvenatingLick","floor":18.0,"key":"SMITH"},{"data":"Mayhem","floor":26.0,"key":"SMITH"},{"data":"Slimebound:Teamwork","floor":35.0,"key":"SMITH"},{"data":"Slimebound:GrowthPunch","floor":45.0,"key":"SMITH"},{"data":"expansioncontent:Chronoboost","floor":47,"key":"SMITH"},{"data":"Slimebound:OozeBath","floor":54,"key":"SMITH"}],"circlet_count":0,"master_deck":["Slimebound:Strike_Slimebound","Slimebound:Defend_Slimebound","Slimebound:Defend_Slimebound","Slimebound:Defend_Slimebound","Slimebound:Split","Slimebound:CorrosiveSpit+1","Slimebound:GoopSpray","Slimebound:LeechingTouch","Slimebound:SpikyOuterGoop","Slimebound:GrowthPunch+1","Mayhem+1","Slimebound:RejuvenatingLick+1","Slimebound:SplitMire","Slimebound:Recycling","Slimebound:FormOfPuddle","Slimebound:OozeBath+1","Slimebound:AcidTongue","expansioncontent:DefensiveStance","Slimebound:LeechEnergy+1","Slimebound:LevelUp+1","Slimebound:SplitMire","Slimebound:Teamwork+1","expansioncontent:Chronoboost+1","Slimebound:SpikyOuterGoop+1","Slimebound:SpikyOuterGoop","Slimebound:LevelUp","Sadistic Nature"],"relics":["Slimebound:AbsorbEndCombat","downfall:ShatteredFragment","Potion Belt","Bronze Scales","downfall:CloakOfManyFaces","CultistMask","FaceOfCleric","NlothsMask","GremlinMask","SsserpentHead","downfall:HeartBlessingGreen","Old Coin","Runic Pyramid","downfall:HeartBlessingRed","Lantern","HornCleat","Slimebound:SlimedTailRelic","Peace Pipe","Ornamental Fan","TheAbacus","WingedGreaves","White Beast Statue","SlaversCollar","WarpedTongs","Juzu Bracelet","Singing Bowl","Dream Catcher","downfall:HeartBlessingBlue","Medical Kit","Nunchaku","Kunai","Membership Card","Runesmith:AutoHammer"],"acts_visited":["Exordium","TheCity","TheBeyond","TheEnding"],"potions_floor_usage":[55,55,55],"damage_taken":[{"damage":4.0,"enemies":"Cultist","floor":4.0,"turns":2.0},{"damage":4.0,"enemies":"downfall:FleeingMerchant","floor":5.0,"turns":4.0},{"damage":9.0,"enemies":"downfall:FleeingMerchant","floor":6.0,"turns":4.0},{"damage":36.0,"enemies":"3 Sentries","floor":8.0,"turns":9.0},{"damage":13.0,"enemies":"downfall:FaceTrader","floor":9.0,"turns":7.0},{"damage":6.0,"enemies":"Jaw Worm","floor":10.0,"turns":3.0},{"damage":0.0,"enemies":"2 Louse","floor":11.0,"turns":2.0},{"damage":21.0,"enemies":"Red Slaver","floor":12.0,"turns":3.0},{"damage":22.0,"enemies":"Gremlin Nob","floor":14.0,"turns":4.0},{"damage":21.0,"enemies":"Exordium Thugs","floor":15.0,"turns":3.0},{"damage":27.0,"enemies":"downfall:Silent","floor":16.0,"turns":6.0},{"damage":23.0,"enemies":"3 Byrds","floor":19.0,"turns":3.0},{"damage":21.0,"enemies":"Spheric Guardian","floor":20.0,"turns":5.0},{"damage":55.0,"enemies":"Slavers","floor":23.0,"turns":5.0},{"damage":4.0,"enemies":"Snake Plant","floor":25.0,"turns":4.0},{"damage":11.0,"enemies":"downfall:Ironclad","floor":27.0,"turns":6.0},{"damage":8.0,"enemies":"downfall:FleeingMerchant","floor":28.0,"turns":4.0},{"damage":8.0,"enemies":"Book of Stabbing","floor":30.0,"turns":5.0},{"damage":10.0,"enemies":"downfall:LadyInBlue","floor":31.0,"turns":8.0},{"damage":8.0,"enemies":"Snecko","floor":32.0,"turns":5.0},{"damage":27.0,"enemies":"downfall:Defect","floor":33.0,"turns":8.0},{"damage":20.0,"enemies":"3 Darklings","floor":36.0,"turns":6.0},{"damage":13.0,"enemies":"Orb Walker","floor":39.0,"turns":5.0},{"damage":24.0,"enemies":"downfall:FleeingMerchant","floor":40.0,"turns":4.0},{"damage":16.0,"enemies":"Giant Head","floor":42.0,"turns":7.0},{"damage":26.0,"enemies":"Sphere and 2 Shapes","floor":43.0,"turns":5.0},{"damage":12.0,"enemies":"Maw","floor":44.0,"turns":7.0},{"damage":8.0,"enemies":"downfall:FleeingMerchant","floor":46.0,"turns":3.0},{"damage":29,"enemies":"Spire Growth","floor":48,"turns":6},{"damage":14,"enemies":"Writhing Mass","floor":49,"turns":7},{"damage":18,"enemies":"downfall:Ironclad","floor":50,"turns":11},{"damage":73,"enemies":"downfall:CharBossMerchant","floor":52,"turns":8},{"damage":23,"enemies":"downfall:NeowBoss","floor":55,"turns":15}],"seed_played":"3981611881619259035","potions_obtained":[{"floor":8.0,"key":"FearPotion"},{"floor":9.0,"key":"Slimebound:SlimyTonguePotion"},{"floor":10.0,"key":"SkillPotion"},{"floor":12.0,"key":"SneckoOil"},{"floor":15.0,"key":"hexamod:EctoCoolerPotion"},{"floor":16.0,"key":"FairyPotion"},{"floor":23.0,"key":"EssenceOfSteel"},{"floor":30.0,"key":"champ:CounterPotion"},{"floor":31.0,"key":"FairyPotion"},{"floor":31.0,"key":"Strength Potion"},{"floor":31.0,"key":"Slimebound:SlimedPotion"},{"floor":36.0,"key":"PowerPotion"},{"floor":40.0,"key":"PowerPotion"}],"is_trial":false,"path_per_floor":["R","?","?","M","$","$","T","E","?","M","M","M","R","E","M","B",null,"R","M","M","T","T","E","T","M","R","?","$","?","E","?","M","B",null,"R","M","?","?","M","$","T","E","M","M","R","$","R","M","M","B",null,"E","$","R","B",null],"character_chosen":"SLIMEBOUND","items_purchased":["Mayhem","expansioncontent:DefensiveStance","TheAbacus","Juzu Bracelet","Singing Bowl","CultistPotion","Medical Kit","Slimebound:SpikyOuterGoop","Kunai","Membership Card","Runesmith:AutoHammer","Sadistic Nature"],"campfire_rested":0,"item_purchase_floors":[5,28,28,40,40,40,46,46,53,53,53,53],"current_hp_per_floor":[42,24,24,30,36,37,37,23,30,37,44,40,40,35,37,49,66,66,56,56,56,56,34,34,49,49,71,72,72,73,74,75,76,76,76,77,77,77,73,74,74,82,81,86,96,97,97,97,103,104,104,64,64,64,102],"gold":13,"neow_bonus":"TRANSFORM_TWO_CARDS","is_daily":false,"chose_seed":false,"campfire_upgraded":7,"win_rate":0.0,"timestamp":1609283663,"path_taken":["R","?","?","M","?","$","T","E","?","M","M","M","R","E","M","BOSS","R","M","M","?","?","E","T","?","R","?","$","?","E","?","M","BOSS","R","M","?","?","?","$","T","E","M","M","R","$","R","M","M","BOSS","E","$","R","BOSS"],"items_purchased_type":["Card","Card","Relic","Relic","Relic","Potion","Relic","Card","Relic","Relic","Relic","Card"],"build_version":"2020-12-22","purchased_purges":3,"victory":true,"max_hp_per_floor":[60,60,60,60,60,60,60,60,60,61,62,63,63,64,65,66,66,66,67,68,68,68,69,69,70,70,71,72,72,73,74,75,76,76,76,77,77,77,78,79,79,82,85,86,96,97,97,100,103,104,104,105,105,105,106],"card_choices":[{"not_picked":["Slimebound:SplitBruiser","Slimebound:LeechingTouch"],"picked":"Slimebound:SpikyOuterGoop","floor":4.0},{"not_picked":["Slimebound:Prepare","Slimebound:GoopSpray"],"picked":"Slimebound:GrowthPunch","floor":5.0},{"not_picked":["Slimebound:SplitLeeching","Slimebound:WasteNot","Slimebound:ComboTackle"],"picked":"SKIP","floor":6.0},{"not_picked":["Slimebound:SamplingLick","Slimebound:SlimeSpikes"],"picked":"Slimebound:RejuvenatingLick","floor":8.0},{"not_picked":["Slimebound:RollThrough","Slimebound:LeechingTouch"],"picked":"Slimebound:SplitMire","floor":9.0},{"not_picked":["Slimebound:ComboTackle","Slimebound:RollThrough","Slimebound:ViciousTackle"],"picked":"SKIP","floor":10.0},{"not_picked":["Slimebound:ProtectTheBoss","Slimebound:RollThrough"],"picked":"Slimebound:Recycling","floor":11.0},{"not_picked":["Slimebound:SlimeBrawl","Slimebound:RollThrough","Slimebound:SlimeSpikes"],"picked":"SKIP","floor":12.0},{"not_picked":["Slimebound:SplitBruiser","Slimebound:Dissolve","Slimebound:MassFeed"],"picked":"SKIP","floor":14.0},{"not_picked":["Slimebound:GrowthPunch","Slimebound:FinishingTackle"],"picked":"Slimebound:FormOfPuddle","floor":15.0},{"not_picked":["Slimebound:LeechLife","Slimebound:PrepareCrush"],"picked":"Slimebound:OozeBath","floor":16.0},{"not_picked":["Slimebound:FormOfPuddle","Slimebound:ViciousTackle","Slimebound:LeechingTouch+1"],"picked":"SKIP","floor":19.0},{"not_picked":["Slimebound:GoopSpray","Slimebound:Gluttony+1"],"picked":"Slimebound:AcidTongue","floor":20.0},{"not_picked":["Slimebound:DuplicatedForm","Slimebound:SlimeBrawl","Slimebound:SplitBruiser"],"picked":"SKIP","floor":23.0},{"not_picked":["Slimebound:GrowthPunch","Slimebound:Schlurp","Slimebound:FinishingTackle+1"],"picked":"SKIP","floor":25.0},{"not_picked":["Slimebound:LivingWall","Slimebound:WasteNot","Slimebound:SlimeTap"],"picked":"SKIP","floor":28.0},{"not_picked":["Slimebound:BestDefense+1","Slimebound:Dissolve+1"],"picked":"Slimebound:LeechEnergy+1","floor":30.0},{"not_picked":["Slimebound:RejuvenatingLick","Slimebound:SlimeSpikes+1"],"picked":"Slimebound:LevelUp+1","floor":31.0},{"not_picked":["Slimebound:GrowthPunch","Slimebound:ViciousTackle"],"picked":"Slimebound:SplitMire","floor":32.0},{"not_picked":["Slimebound:Recycling","Slimebound:MinionMaster"],"picked":"Slimebound:Teamwork","floor":33.0},{"not_picked":["Slimebound:Grow","Slimebound:LeechingTouch+1","Slimebound:Schlurp+1"],"picked":"SKIP","floor":36.0},{"not_picked":["expansioncontent:Torchfire","expansioncontent:ChargeUp"],"picked":"expansioncontent:Chronoboost","floor":37.0},{"not_picked":["Slimebound:BestDefense","Slimebound:SplitMire+1","Slimebound:HungryTackle"],"picked":"SKIP","floor":39.0},{"not_picked":["Slimebound:FormOfPuddle+1","Slimebound:SplitBruiser+1","Slimebound:LeechingTouch+1"],"picked":"SKIP","floor":40.0},{"not_picked":["Slimebound:SplitBruiser","Slimebound:BestDefense","Slimebound:MegaLick+1"],"picked":"Singing Bowl","floor":42.0},{"not_picked":["Slimebound:SplitMire","Slimebound:LevelUp+1","Slimebound:Schlurp"],"picked":"Singing Bowl","floor":43.0},{"not_picked":["Slimebound:Grow+1","Slimebound:FirmFortitude"],"picked":"Slimebound:SpikyOuterGoop+1","floor":44.0},{"not_picked":["Slimebound:FinishingTackle","Slimebound:LeechEnergy+1","Slimebound:PressTheAttack+1"],"picked":"Singing Bowl","floor":48},{"not_picked":["Slimebound:MegaLick","Slimebound:FlameTackle","Slimebound:ComboTackle"],"picked":"Singing Bowl","floor":49},{"not_picked":["Slimebound:Prepare+1","Slimebound:SplitBruiser"],"picked":"Slimebound:LevelUp","floor":52}],"player_experience":1631944,"relics_obtained":[{"floor":7.0,"key":"Potion Belt"},{"floor":8.0,"key":"Bronze Scales"},{"floor":9.0,"key":"downfall:CloakOfManyFaces"},{"floor":14.0,"key":"Old Coin"},{"floor":22.0,"key":"Lantern"},{"floor":23.0,"key":"HornCleat"},{"floor":24.0,"key":"Slimebound:SlimedTailRelic"},{"floor":27.0,"key":"Peace Pipe"},{"floor":27.0,"key":"Ornamental Fan"},{"floor":30.0,"key":"WingedGreaves"},{"floor":31.0,"key":"White Beast Statue"},{"floor":42.0,"key":"Dream Catcher"},{"floor":52,"key":"Nunchaku"}],"event_choices":[{"damage_healed":0.0,"max_hp_gain":0.0,"max_hp_loss":0.0,"gold_gain":0.0,"event_name":"Accursed Blacksmith","player_choice":"Rummage","floor":38.0,"gold_loss":0.0,"damage_taken":0.0,"relics_obtained":["WarpedTongs"],"cards_obtained":["Pain"]}],"is_beta":false,"boss_relics":[{"not_picked":["Slimebound:AbsorbEndCombatUpgraded","Velvet Choker"],"picked":"Runic Pyramid"},{"not_picked":["Snecko Eye","Sozu"],"picked":"SlaversCollar"}],"items_purged_floors":[28,40,53],"is_endless":false,"potions_floor_spawned":[8,9,10,12,15,16,23,30,32,33,36,39,40,42,43,44,46,49,52],"ascension_level":1}}