{"host":"1v94wza6sq30pv3l","time":1609200893,"event":{"mods":["AchievementEnabler","BaseMod","Highlight Path","Minty Spire (QoL Compilation)"],"gold_per_floor":[116,129,129,129,144,176,176,209,236,251,251,264,264,279,279,382,382,399,89,109,123,123,123],"floor_reached":22,"playtime":1415,"items_purged":["Strike_G"],"score":208,"play_id":"e6a980f5-c9ba-4fac-957b-417e98c14de5","local_time":"20201228191453","is_ascension_mode":true,"campfire_choices":[{"floor":7,"key":"REST"},{"data":"Well Laid Plans","floor":11,"key":"SMITH"},{"data":"Infinite Blades","floor":13,"key":"SMITH"},{"floor":15,"key":"REST"}],"circlet_count":0,"master_deck":["Strike_G","Strike_G","Strike_G","Strike_G","Defend_G","Defend_G","Defend_G+1","Defend_G+1","Survivor","Neutralize","Dagger Throw","Blade Dance","Well Laid Plans+1","Deadly Poison","Deadly Poison","Acrobatics","Choke","Infinite Blades+1","Blur","A Thousand Cuts","Slice","Cloak And Dagger","Deadly Poison"],"relics":["Ring of the Snake","War Paint","Orichalcum","Bottled Lightning","SlaversCollar","Boot"],"acts_visited":["Exordium","TheCity"],"potions_floor_usage":[6,16,16,21],"damage_taken":[{"damage":2,"enemies":"Small Slimes","floor":1,"turns":3},{"damage":0,"enemies":"2 Louse","floor":2,"turns":2},{"damage":6,"enemies":"Jaw Worm","floor":5,"turns":3},{"damage":2,"enemies":"Gremlin Nob","floor":6,"turns":3},{"damage":13,"enemies":"3 Sentries","floor":8,"turns":7},{"damage":0,"enemies":"Blue Slaver","floor":10,"turns":3},{"damage":0,"enemies":"3 Louse","floor":12,"turns":3},{"damage":9,"enemies":"2 Fungi Beasts","floor":14,"turns":3},{"damage":24,"enemies":"The Guardian","floor":16,"turns":9},{"damage":19,"enemies":"Spheric Guardian","floor":18,"turns":4},{"damage":11,"enemies":"Shell Parasite","floor":20,"turns":6},{"damage":28,"enemies":"Sentry and Sphere","floor":21,"turns":6}],"seed_played":"5583648699550950808","potions_obtained":[{"floor":1,"key":"SteroidPotion"},{"floor":5,"key":"SkillPotion"},{"floor":10,"key":"ColorlessPotion"},{"floor":16,"key":"LiquidMemories"},{"floor":20,"key":"Block Potion"},{"floor":21,"key":"Block Potion"}],"is_trial":false,"path_per_floor":["M","M","?","?","M","E","R","E","T","M","R","M","R","M","R","B",null,"M","$","M","M","?"],"character_chosen":"THE_SILENT","items_purchased":["Boot","CunningPotion"],"campfire_rested":2,"item_purchase_floors":[19,19],"current_hp_per_floor":[68,68,56,49,43,41,62,49,49,49,49,49,49,40,61,37,70,51,51,40,12,0,0],"gold":123,"neow_bonus":"THREE_CARDS","is_daily":false,"chose_seed":false,"campfire_upgraded":2,"win_rate":0.0,"timestamp":1609200893,"path_taken":["M","M","?","?","M","E","R","E","T","M","R","M","R","M","R","BOSS","M","$","M","M","?"],"items_purchased_type":["Relic","Potion"],"build_version":"2020-12-22","purchased_purges":1,"victory":false,"max_hp_per_floor":[70,70,70,70,70,70,70,70,70,70,70,70,70,70,70,70,70,70,70,70,70,75,75],"card_choices":[{"not_picked":["Poisoned Stab","Bane"],"picked":"Dagger Throw","floor":0},{"not_picked":["Catalyst","Backflip"],"picked":"Blade Dance","floor":1},{"not_picked":["Bane","All Out Attack"],"picked":"Well Laid Plans","floor":2},{"not_picked":["All Out Attack","Heel Hook"],"picked":"Deadly Poison","floor":5},{"not_picked":["Calculated Gamble","Eviscerate"],"picked":"Deadly Poison","floor":6},{"not_picked":["Prepared","Reflex"],"picked":"Acrobatics","floor":8},{"not_picked":["Skewer","Blur"],"picked":"Choke","floor":10},{"not_picked":["Eviscerate","All Out Attack"],"picked":"Infinite Blades","floor":12},{"not_picked":["Quick Slash","Eviscerate"],"picked":"Blur","floor":14},{"not_picked":["Phantasmal Killer","Malaise"],"picked":"A Thousand Cuts","floor":16},{"not_picked":["Eviscerate","Sucker Punch"],"picked":"Slice","floor":18},{"not_picked":["Riddle With Holes","Flying Knee"],"picked":"Cloak And Dagger","floor":20},{"not_picked":["Quick Slash","Catalyst"],"picked":"Deadly Poison","floor":21}],"player_experience":64405,"relics_obtained":[{"floor":6,"key":"Orichalcum"},{"floor":8,"key":"Bottled Lightning"}],"event_choices":[{"damage_healed":0,"gold_gain":0,"player_choice":"Success","damage_taken":12,"relics_obtained":["War Paint"],"max_hp_gain":0,"max_hp_loss":0,"event_name":"Scrap Ooze","floor":3,"gold_loss":0},{"cards_removed":["Defend_G"],"damage_healed":0,"gold_gain":0,"player_choice":"Card Removal","damage_taken":7,"max_hp_gain":0,"max_hp_loss":0,"event_name":"Golden Wing","floor":4,"gold_loss":0}],"is_beta":false,"boss_relics":[{"not_picked":["Fusion Hammer","Calling Bell"],"picked":"SlaversCollar"}],"items_purged_floors":[19],"is_endless":false,"potions_floor_spawned":[1,5,10,16,20,21],"ascension_level":1}}