{"host":"pq8o62wp0h1hflf3","time":1609264192,"event":{"mods":["BaseMod","Minty Spire (QoL Compilation)","Relic Stats","ojb\u0027s Info Mod"],"gold_per_floor":[116,130,141,153,153,153,153],"floor_reached":6,"playtime":321,"items_purged":[],"score":76,"play_id":"5c936b78-fbaa-4229-98cd-a64e397b2633","local_time":"20201229124952","is_ascension_mode":true,"campfire_choices":[],"circlet_count":0,"master_deck":["AscendersBane","Strike_B","Strike_B","Strike_B","Defend_B","Defend_B","Defend_B","Defend_B","Zap","Dualcast","Genetic Algorithm","Coolheaded","Compile Driver","Genetic Algorithm"],"relics":["Black Star"],"acts_visited":["Exordium"],"potions_floor_usage":[6],"damage_taken":[{"damage":14,"enemies":"Jaw Worm","floor":1,"turns":4},{"damage":6,"enemies":"Cultist","floor":2,"turns":4},{"damage":12,"enemies":"Small Slimes","floor":3,"turns":8},{"damage":5,"enemies":"Looter","floor":4,"turns":5},{"damage":20,"enemies":"Lagavulin","floor":6,"turns":8}],"seed_played":"8765158513025228040","potions_obtained":[{"floor":1,"key":"AttackPotion"},{"floor":2,"key":"Swift Potion"}],"is_trial":false,"path_per_floor":["M","M","M","M","?","E"],"character_chosen":"DEFECT","items_purchased":[],"campfire_rested":0,"item_purchase_floors":[],"current_hp_per_floor":[50,44,32,27,20,0,0],"gold":153,"neow_bonus":"BOSS_RELIC","is_daily":false,"chose_seed":false,"campfire_upgraded":0,"win_rate":0.0,"timestamp":1609264192,"path_taken":["M","M","M","M","?","E"],"items_purchased_type":[],"build_version":"2020-12-22","purchased_purges":0,"victory":false,"max_hp_per_floor":[71,71,71,71,71,71,71],"relic_stats":{"counters":[5,29],"Black Star":0,"obtain_stats":[{"Black Star":0,"Cracked Core":0},{"Black Star":0,"Cracked Core":0},{"Black Star":0,"Cracked Core":0}]},"card_choices":[{"not_picked":["Reinforced Body","Barrage"],"picked":"Genetic Algorithm","floor":1},{"not_picked":["Self Repair","Scrape"],"picked":"Coolheaded","floor":2},{"not_picked":["Leap","Heatsinks"],"picked":"Compile Driver","floor":3},{"not_picked":["Machine Learning","Barrage"],"picked":"Genetic Algorithm","floor":4}],"player_experience":1073041,"relics_obtained":[],"event_choices":[{"cards_removed":["Strike_B"],"damage_healed":0,"gold_gain":0,"player_choice":"Card Removal","damage_taken":7,"max_hp_gain":0,"max_hp_loss":0,"event_name":"Golden Wing","floor":5,"gold_loss":0}],"is_beta":false,"boss_relics":[],"items_purged_floors":[],"is_endless":false,"potions_floor_spawned":[1,2],"killed_by":"Lagavulin","ascension_level":20}}