{"host":"vv4pm74vrxtrj1uw","time":1609239305,"event":{"mods":["Act Like it!","BaseMod","Minty Spire (QoL Compilation)","Rare Cards Sparkle","Spicy Shops","StSLib"],"gold_per_floor":[119,137,99,119,129,156,156,181,204,234,234,234,234,245,245,340,340,360,275,13,31,79,111,130,145,145,145,145,145,2,18,18,18,18],"floor_reached":33,"playtime":1566,"items_purged":["Parasite"],"score":299,"play_id":"9a3741f9-1bfb-4387-a5ae-00d887ea1d23","local_time":"20201229185505","is_ascension_mode":true,"campfire_choices":[{"data":"True Grit","floor":7.0,"key":"SMITH"},{"data":"Dark Embrace","floor":13.0,"key":"SMITH"},{"floor":15.0,"key":"REST"},{"floor":27,"key":"REST"},{"floor":29,"key":"REST"},{"data":"Apotheosis","floor":32,"key":"SMITH"}],"circlet_count":0,"master_deck":["Strike_R+1","Strike_R","Strike_R","Strike_R","Strike_R","Defend_R+1","Defend_R+1","Defend_R","Defend_R","Bash","Finesse","Clothesline","Reckless Charge","Dark Embrace+1","Twin Strike","Thunderclap","True Grit+1","Evolve","Wild Strike+1","Double Tap","Fire Breathing","Apotheosis+1","Dual Wield","Headbutt","Warcry+1"],"relics":["Burning Blood","War Paint","Juzu Bracelet","Tiny Chest","Pen Nib","Philosopher\u0027s Stone","Toy Ornithopter","Strawberry","Blood Vial","Nloth\u0027s Gift","Anchor"],"acts_visited":["Exordium","TheCity"],"potions_floor_usage":[24,33],"damage_taken":[{"damage":6.0,"enemies":"Cultist","floor":1.0,"turns":3.0},{"damage":5.0,"enemies":"2 Louse","floor":2.0,"turns":2.0},{"damage":6.0,"enemies":"Jaw Worm","floor":4.0,"turns":3.0},{"damage":3.0,"enemies":"Large Slime","floor":5.0,"turns":6.0},{"damage":32.0,"enemies":"3 Sentries","floor":6.0,"turns":8.0},{"damage":24.0,"enemies":"Gremlin Nob","floor":8.0,"turns":4.0},{"damage":27.0,"enemies":"Lagavulin","floor":10.0,"turns":7.0},{"damage":9.0,"enemies":"Looter","floor":14.0,"turns":3.0},{"damage":24.0,"enemies":"Slime Boss","floor":16.0,"turns":9.0},{"damage":44.0,"enemies":"3 Byrds","floor":18.0,"turns":6.0},{"damage":0.0,"enemies":"Chosen","floor":21.0,"turns":3.0},{"damage":22,"enemies":"Gremlin Leader","floor":23,"turns":6},{"damage":25,"enemies":"Snecko","floor":24,"turns":6},{"damage":33,"enemies":"Snake Plant","floor":25,"turns":4},{"damage":20,"enemies":"Cultist and Chosen","floor":31,"turns":5},{"damage":68,"enemies":"Collector","floor":33,"turns":6}],"seed_played":"2404172739514122608","potions_obtained":[{"floor":4.0,"key":"Regen Potion"},{"floor":5.0,"key":"SpeedPotion"},{"floor":10.0,"key":"ElixirPotion"},{"floor":16.0,"key":"Fruit Juice"},{"floor":24,"key":"Energy Potion"},{"floor":25,"key":"Swift Potion"},{"floor":31,"key":"GamblersBrew"}],"is_trial":false,"path_per_floor":["M","M","$","M","M","E","R","E","T","E","?","?","R","M","R","B",null,"M","?","$","M","T","E","M","M","T","R","?","R","$","M","R","B"],"character_chosen":"IRONCLAD","items_purchased":["Dark Embrace","Apotheosis","Anchor"],"campfire_rested":3,"item_purchase_floors":[3,20,30],"current_hp_per_floor":[80,80,80,80,80,54,54,48,48,27,11,31,31,28,52,39,85,47,47,47,53,60,44,32,7,7,33,33,59,59,47,47,0,0],"gold":18,"neow_bonus":"RANDOM_COLORLESS","is_daily":false,"chose_seed":false,"campfire_upgraded":3,"win_rate":0.0,"timestamp":1609239305,"path_taken":["M","M","$","M","M","E","R","E","T","E","?","?","R","M","R","BOSS","M","?","$","M","?","E","M","M","T","R","?","R","$","M","R","BOSS"],"items_purchased_type":["Card","Card","Relic"],"build_version":"2020-12-22","purchased_purges":1,"victory":false,"max_hp_per_floor":[80,80,80,80,80,80,80,80,80,80,80,80,80,80,80,85,85,85,85,82,82,89,89,89,89,89,89,89,89,89,89,89,89,89],"card_choices":[{"not_picked":["Purity","Swift Strike"],"picked":"Finesse","floor":0.0},{"not_picked":["Inflame","Infernal Blade"],"picked":"Clothesline","floor":1.0},{"not_picked":["Pummel","Metallicize"],"picked":"Reckless Charge","floor":2.0},{"not_picked":["Iron Wave","Dark Embrace"],"picked":"Twin Strike","floor":4.0},{"not_picked":["Blood for Blood","Warcry"],"picked":"Thunderclap","floor":5.0},{"not_picked":["Perfected Strike","Havoc"],"picked":"True Grit","floor":6.0},{"not_picked":["Impervious","True Grit"],"picked":"Evolve","floor":8.0},{"not_picked":["Thunderclap","Headbutt"],"picked":"Wild Strike","floor":10.0},{"not_picked":["Perfected Strike","Iron Wave","Sword Boomerang"],"picked":"SKIP","floor":14.0},{"not_picked":["Corruption","Fiend Fire"],"picked":"Double Tap","floor":16.0},{"not_picked":["Metallicize","Cleave+1"],"picked":"Fire Breathing","floor":18.0},{"not_picked":["Intimidate","Dark Embrace","Iron Wave+1"],"picked":"SKIP","floor":21.0},{"not_picked":["Perfected Strike","True Grit"],"picked":"Dual Wield","floor":23},{"not_picked":["Clash","Wild Strike"],"picked":"Headbutt","floor":24},{"not_picked":["True Grit","Heavy Blade","Shockwave"],"picked":"SKIP","floor":25},{"not_picked":["Wild Strike","Brutality"],"picked":"Warcry+1","floor":31}],"player_experience":140067,"relics_obtained":[{"floor":6.0,"key":"War Paint"},{"floor":8.0,"key":"Juzu Bracelet"},{"floor":9.0,"key":"Tiny Chest"},{"floor":10.0,"key":"Pen Nib"},{"floor":22.0,"key":"Strawberry"},{"floor":23,"key":"Blood Vial"},{"floor":26,"key":"Shuriken"}],"event_choices":[{"damage_healed":0.0,"max_hp_gain":0.0,"max_hp_loss":0.0,"gold_gain":0.0,"event_name":"Shining Light","player_choice":"Entered Light","floor":11.0,"gold_loss":0.0,"damage_taken":16.0,"cards_upgraded":["Wild Strike","Strike_R"]},{"damage_healed":20.0,"max_hp_gain":0.0,"max_hp_loss":0.0,"gold_gain":0.0,"event_name":"Mushrooms","player_choice":"Healed and dodged fight","floor":12.0,"gold_loss":0.0,"damage_taken":0.0,"cards_obtained":["Parasite"]},{"damage_healed":0.0,"max_hp_gain":0.0,"max_hp_loss":0.0,"gold_gain":0.0,"event_name":"Addict","player_choice":"Obtained Relic","floor":19.0,"gold_loss":85.0,"damage_taken":0.0,"relics_obtained":["Toy Ornithopter"]},{"damage_healed":0,"gold_gain":0,"player_choice":"Traded Relic","damage_taken":0,"relics_obtained":["Nloth\u0027s Gift"],"max_hp_gain":0,"max_hp_loss":0,"event_name":"N\u0027loth","floor":28,"relics_lost":["Shuriken"],"gold_loss":0}],"is_beta":false,"boss_relics":[{"not_picked":["Sozu","Snecko Eye"],"picked":"Philosopher\u0027s Stone"}],"items_purged_floors":[20],"is_endless":false,"potions_floor_spawned":[4,5,10,16,24,25,31],"killed_by":"Collector","ascension_level":1}}