{"host":"bzg9y3flbaqjj1j7","time":1609260165,"event":{"mods":["AchievementEnabler","Aspiration","BaseMod","Better Third Choice","Challenge The Spire","Hubris","Hyrulean Relics","Infinite Spire","Lobotomy","LobotomyExtend","Marisa????????","Marked Mod","Minty Spire (QoL Compilation)","Permanent Neow","Rare Cards Sparkle","Reimu??????","Remilia??????","Replay The Spire","Shade Mod","Shop Mod","StSLib","The Administrix","The Alterego","The Blue Laboratory","The Fake Hero","Waifu the Spire"],"gold_per_floor":[110,123,123,140,151,151,165,183,183,198,214,214,214,233,233,233,233],"floor_reached":16,"playtime":1267,"items_purged":[],"score":123,"play_id":"2762bd0c-6689-4c26-bced-943e7700082f","local_time":"20201229131245","is_ascension_mode":false,"campfire_choices":[{"floor":15,"key":"REST"}],"circlet_count":0,"master_deck":["SpecialBullet","SpecialBullet","SpecialBullet","SpecialBullet","SpecialBullet","SpecialBullet","SpecialBullet","SpecialBullet","ControlCode","InformationCode","DisciplinaryCode","OSAHOGD","Amita","Christmas","SecurityCode","LongBird","Soda","BlackSwan","Reverberation","SpiderBud","GreenStem","RedShoes","LifeForTheDareDevil","Laetitia","Regret_ego"],"relics":["CogitoBucket","aspiration:DSix","LetterFromLob","LuminousBracelet"],"acts_visited":["Exordium"],"potions_floor_usage":[8,8,11,14],"damage_taken":[{"damage":14,"enemies":"2 Louse","floor":1,"turns":2},{"damage":11,"enemies":"Jaw Worm","floor":2,"turns":2},{"damage":6,"enemies":"Cultist","floor":4,"turns":3},{"damage":0,"enemies":"2 Fungi Beasts","floor":5,"turns":2},{"damage":7,"enemies":"Blue Slaver","floor":7,"turns":2},{"damage":20,"enemies":"Gremlin Gang","floor":8,"turns":3},{"damage":43,"enemies":"Lots of Slimes","floor":10,"turns":5},{"damage":19,"enemies":"Blue Slaver","floor":11,"turns":3},{"damage":8,"enemies":"2 Fungi Beasts","floor":14,"turns":4},{"damage":73,"enemies":"Hexaghost","floor":16,"turns":7}],"seed_played":"-2501054517313118936","potions_obtained":[{"floor":5,"key":"Explosive Potion"},{"floor":7,"key":"blueLaboratory:RecallPotion"},{"floor":10,"key":"Adrenaline Potion"},{"floor":11,"key":"blueLaboratory:FrostheartPotion"}],"is_trial":false,"path_per_floor":["M","M","?","M","M","R","M","M","T","M","M","?","T","M","R","B"],"character_chosen":"Angela","items_purchased":[],"campfire_rested":1,"item_purchase_floors":[],"current_hp_per_floor":[56,45,45,39,39,39,40,43,43,24,20,20,20,29,54,16,16],"gold":233,"neow_bonus":"DSIX","is_daily":false,"chose_seed":false,"campfire_upgraded":0,"win_rate":0.0,"timestamp":1609260165,"path_taken":["M","M","?","M","M","R","M","M","T","M","M","?","?","?","R","BOSS"],"items_purchased_type":[],"build_version":"2020-12-22","purchased_purges":0,"victory":false,"max_hp_per_floor":[70,70,70,70,70,70,70,85,85,85,85,85,85,85,85,85,85],"card_choices":[{"not_picked":["CUTE","RedEyes"],"picked":"SKIP","floor":1},{"not_picked":["BeautyBeast","CherryBlossoms"],"picked":"OSAHOGD","floor":2},{"not_picked":["RapturousDream"],"picked":"Amita","floor":2},{"not_picked":["Wingbeat"],"picked":"Christmas","floor":4},{"not_picked":["SpiderBud","BlackSwan"],"picked":"LongBird","floor":5},{"not_picked":["Gaze"],"picked":"Soda","floor":5},{"not_picked":["DespairKnight","NakedNest"],"picked":"BlackSwan","floor":7},{"not_picked":["CrimsonScar"],"picked":"Reverberation","floor":7},{"not_picked":["Variant","WhitesApple"],"picked":"SpiderBud","floor":8},{"not_picked":["Galaxy","Horn"],"picked":"SKIP","floor":8},{"not_picked":["Penitence"],"picked":"GreenStem","floor":10},{"not_picked":["MeatLantern","VoidDream"],"picked":"RedShoes","floor":10},{"not_picked":["BlackSwan_ego"],"picked":"LifeForTheDareDevil","floor":11},{"not_picked":["VoidDream","OldLady"],"picked":"Laetitia","floor":14},{"not_picked":["Tough"],"picked":"Regret_ego","floor":14}],"player_experience":137797,"relics_obtained":[{"floor":1,"key":"LetterFromLob"}],"event_choices":[{"damage_healed":0,"gold_gain":0,"player_choice":"Ignored","damage_taken":0,"max_hp_gain":0,"max_hp_loss":0,"event_name":"Golden Wing","floor":3,"gold_loss":0}],"is_beta":false,"boss_relics":[],"items_purged_floors":[],"is_endless":false,"potions_floor_spawned":[5,7,10,11],"killed_by":"Hexaghost","ascension_level":0}}