{"host":"5fasz840ryq7obdf","time":1609230379,"event":{"mods":["AchievementEnabler","BaseMod","Bestiary","Better Altar","Better Skull","Better Third Choice","BetterRewards","Block Reminder","Colored Powertips","Curses Come First","Highlight Path","Minty Spire (QoL Compilation)","Quick Restart","Rare Cards Sparkle","Relic Sorter","Relic Stats","Shop Mod","Slay-I","Spicy Shops","StSLib","SuperFastMode"],"gold_per_floor":[38,58,22,39,55,85,101,101,101,101,133,133,133,164,164,239,239,256,256,283,298,298,332,345,23,23,35,60,60,85,19,19,19,19],"floor_reached":33,"playtime":1782,"items_purged":[],"score":771,"play_id":"21335afe-fad0-4d09-a193-579ab62083a9","local_time":"20201229082619","is_ascension_mode":true,"campfire_choices":[{"data":"Go for the Eyes","floor":8.0,"key":"SMITH"},{"floor":12.0,"key":"REST"},{"data":"Undo","floor":15.0,"key":"SMITH"},{"data":"FTL","floor":29,"key":"SMITH"},{"data":"Beam Cell","floor":32,"key":"SMITH"}],"circlet_count":0,"master_deck":["AscendersBane","Strike_B","Strike_B","Strike_B","Strike_B","Defend_B","Defend_B","Defend_B","Defend_B","Zap","Dualcast","Reprogram","Scrape","Steam","Gash","Go for the Eyes+1","FTL","FTL+1","Streamline","Gash","Genetic Algorithm","Hyperbeam+1","Undo+1","Steam","Auto Shields","Seek","Cold Snap","Writhe","Self Repair","Conserve Battery","RitualDagger","Hologram+1","Beam Cell+1","Beam Cell","Undo","Sunder","Regret","Hyperbeam+1"],"relics":["Cracked Core","Emotion Chip","Singing Bowl","Orrery","Gambling Chip","Shuriken","Meat on the Bone","Ancient Tea Set","Sozu","Happy Flower","Red Mask","TungstenRod","Kunai","PreservedInsect","Darkstone Periapt","DollysMirror"],"acts_visited":["Exordium","TheCity"],"potions_floor_usage":[],"damage_taken":[{"damage":4.0,"enemies":"Jaw Worm","floor":1.0,"turns":4.0},{"damage":0.0,"enemies":"Small Slimes","floor":2.0,"turns":2.0},{"damage":0.0,"enemies":"Cultist","floor":4.0,"turns":2.0},{"damage":9.0,"enemies":"Blue Slaver","floor":5.0,"turns":3.0},{"damage":5.0,"enemies":"3 Sentries","floor":6.0,"turns":4.0},{"damage":2.0,"enemies":"2 Fungi Beasts","floor":7.0,"turns":3.0},{"damage":9.0,"enemies":"Lagavulin","floor":11.0,"turns":3.0},{"damage":2.0,"enemies":"Gremlin Nob","floor":14.0,"turns":3.0},{"damage":0.0,"enemies":"Slime Boss","floor":16.0,"turns":7.0},{"damage":15.0,"enemies":"Shell Parasite","floor":18.0,"turns":4.0},{"damage":0.0,"enemies":"Masked Bandits","floor":20.0,"turns":1.0},{"damage":1.0,"enemies":"Chosen","floor":21.0,"turns":3.0},{"damage":39.0,"enemies":"Book of Stabbing","floor":23.0,"turns":7.0},{"damage":13.0,"enemies":"Sentry and Sphere","floor":24.0,"turns":4.0},{"damage":2.0,"enemies":"Cultist and Chosen","floor":27.0,"turns":5.0},{"damage":8,"enemies":"Slavers","floor":28,"turns":6},{"damage":4,"enemies":"Book of Stabbing","floor":30,"turns":5},{"damage":70,"enemies":"Automaton","floor":33,"turns":10}],"seed_played":"2718909254098256538","potions_obtained":[{"floor":2.0,"key":"SpeedPotion"},{"floor":5.0,"key":"Block Potion"},{"floor":6.0,"key":"AttackPotion"},{"floor":14.0,"key":"EssenceOfSteel"}],"is_trial":false,"path_per_floor":["M","M","$","M","M","E","M","R","T","?","E","R","?","E","R","B",null,"M","?","?","M","?","E","M","$","T","M","E","R","E","$","R","B"],"character_chosen":"DEFECT","items_purchased":["Singing Bowl","Orrery","Go for the Eyes","FTL","Gash","Kunai","Beam Cell","DollysMirror"],"campfire_rested":1,"item_purchase_floors":[0,0,0,0,3,25,25,31],"current_hp_per_floor":[30,30,30,30,21,16,16,16,16,16,7,29,54,52,52,52,69,54,54,54,60,54,34,33,33,33,50,51,51,54,60,60,0,0],"gold":19,"neow_bonus":"","is_daily":false,"chose_seed":false,"campfire_upgraded":4,"win_rate":0.0,"timestamp":1609230379,"path_taken":["M","M","$","M","M","E","M","R","T","?","E","R","?","E","R","BOSS","M","?","?","M","?","E","M","$","T","M","E","R","E","?","R","BOSS"],"items_purchased_type":["Relic","Relic","Card","Card","Card","Relic","Card","Relic"],"build_version":"2020-12-22","purchased_purges":0,"victory":false,"max_hp_per_floor":[73,73,73,73,73,73,75,75,75,75,75,75,75,75,75,75,75,75,75,75,75,75,75,75,75,75,75,77,77,77,83,83,83,83],"relic_stats":{"Darkstone Periapt":6,"Singing Bowl":6,"Happy Flower":[13],"counters":[18,76],"PreservedInsect":43,"Sozu":4,"Emotion Chip":[46,36,10,0,0],"Shuriken":[25],"Gambling Chip":[41],"Kunai":[9],"obtain_stats":[{"Darkstone Periapt":30,"Torii":0,"Singing Bowl":0,"Happy Flower":19,"Oddly Smooth Stone":0,"PreservedInsect":28,"Ancient Tea Set":14,"Cables":0,"Sozu":17,"Emotion Chip":0,"Shuriken":9,"DollysMirror":31,"Gambling Chip":6,"Orrery":0,"Red Mask":20,"Kunai":25,"Cracked Core":0,"TungstenRod":23,"Meat on the Bone":11},{"Darkstone Periapt":17,"Torii":0,"Singing Bowl":0,"Happy Flower":10,"Oddly Smooth Stone":0,"PreservedInsect":16,"Ancient Tea Set":8,"Cables":0,"Sozu":9,"Emotion Chip":0,"Shuriken":6,"DollysMirror":17,"Gambling Chip":5,"Orrery":0,"Red Mask":11,"Kunai":14,"Cracked Core":0,"TungstenRod":13,"Meat on the Bone":7},{"Darkstone Periapt":66,"Torii":0,"Singing Bowl":0,"Happy Flower":35,"Oddly Smooth Stone":0,"PreservedInsect":61,"Ancient Tea Set":24,"Cables":0,"Sozu":31,"Emotion Chip":0,"Shuriken":18,"DollysMirror":66,"Gambling Chip":15,"Orrery":0,"Red Mask":36,"Kunai":50,"Cracked Core":0,"TungstenRod":46,"Meat on the Bone":21}],"TungstenRod":13,"Meat on the Bone":36},"card_choices":[{"not_picked":["Hologram","Barrage"],"picked":"Reprogram","floor":0.0},{"not_picked":["Barrage","Tempest","Meteor Strike"],"picked":"Singing Bowl","floor":0.0},{"not_picked":["Compile Driver","Ball Lightning"],"picked":"Scrape","floor":0.0},{"not_picked":["Barrage","Rebound"],"picked":"Steam","floor":0.0},{"not_picked":["Melter","Redo"],"picked":"Gash","floor":0.0},{"not_picked":["Rebound","Skim"],"picked":"FTL","floor":1.0},{"not_picked":["Hologram","Loop"],"picked":"Streamline","floor":2.0},{"not_picked":["Consume","Compile Driver"],"picked":"Genetic Algorithm","floor":4.0},{"not_picked":["Beam Cell","Cold Snap"],"picked":"Hyperbeam","floor":5.0},{"not_picked":["Storm","Glacier"],"picked":"Undo","floor":6.0},{"not_picked":["Lockon","Redo","Chill"],"picked":"Singing Bowl","floor":7.0},{"not_picked":["Gash","Glacier"],"picked":"Steam","floor":11.0},{"not_picked":["Blizzard","Turbo"],"picked":"Auto Shields","floor":14.0},{"not_picked":["Electrodynamics","Machine Learning"],"picked":"Seek","floor":16.0},{"not_picked":["Go for the Eyes","Ball Lightning"],"picked":"Cold Snap","floor":18.0},{"not_picked":["White Noise","Streamline"],"picked":"Self Repair","floor":20.0},{"not_picked":["Barrage","Compile Driver"],"picked":"Conserve Battery","floor":21.0},{"not_picked":["Force Field","Turbo"],"picked":"Hologram+1","floor":23.0},{"not_picked":["Barrage","Leap"],"picked":"Beam Cell","floor":24.0},{"not_picked":["Static Discharge","Self Repair"],"picked":"Undo","floor":27.0},{"not_picked":["Sweeping Beam","Glacier","Conserve Battery"],"picked":"Singing Bowl","floor":28},{"not_picked":["Coolheaded+1","Hello World"],"picked":"Sunder","floor":30}],"player_experience":1243647,"relics_obtained":[{"floor":6.0,"key":"Gambling Chip"},{"floor":9.0,"key":"Shuriken"},{"floor":11.0,"key":"Meat on the Bone"},{"floor":14.0,"key":"Ancient Tea Set"},{"floor":20.0,"key":"Red Mask"},{"floor":23.0,"key":"TungstenRod"},{"floor":28,"key":"PreservedInsect"},{"floor":30,"key":"Darkstone Periapt"}],"event_choices":[{"damage_healed":0.0,"max_hp_gain":0.0,"max_hp_loss":0.0,"gold_gain":0.0,"event_name":"Living Wall","player_choice":"Grow","floor":10.0,"gold_loss":0.0,"damage_taken":0.0,"cards_upgraded":["Hyperbeam"]},{"damage_healed":25.0,"max_hp_gain":0.0,"max_hp_loss":0.0,"gold_gain":0.0,"event_name":"Big Fish","player_choice":"Banana","floor":13.0,"gold_loss":0.0,"damage_taken":0.0},{"damage_healed":0.0,"max_hp_gain":0.0,"max_hp_loss":0.0,"gold_gain":0.0,"event_name":"The Mausoleum","player_choice":"Opened","floor":19.0,"gold_loss":0.0,"damage_taken":0.0,"relics_obtained":["Happy Flower"],"cards_obtained":["Writhe"]},{"damage_healed":0.0,"max_hp_gain":0.0,"max_hp_loss":0.0,"gold_gain":0.0,"event_name":"Masked Bandits","player_choice":"Fought Bandits","floor":20.0,"gold_loss":0.0,"damage_taken":0.0},{"damage_healed":0.0,"max_hp_gain":0.0,"max_hp_loss":0.0,"gold_gain":0.0,"event_name":"betterThird:BetterNest","player_choice":"Dagger","floor":22.0,"gold_loss":0.0,"damage_taken":6.0,"cards_obtained":["RitualDagger"]}],"is_beta":false,"boss_relics":[{"not_picked":["Runic Pyramid","Cursed Key"],"picked":"Sozu"}],"items_purged_floors":[],"is_endless":false,"potions_floor_spawned":[2,4,5,6,14,18,24,27,30],"killed_by":"Automaton","ascension_level":20}}