{"host":"8by3m8mve9y2rhh4","time":1609205246,"event":{"mods":["BaseMod","Minty Spire (QoL Compilation)","Quick Restart"],"gold_per_floor":[112,125,125,125,150,184,208,246,295,330,330,355,32,53,53,176,176,199,299,1,14,33,76,94,130,211,232,276,276,291,307,307,307,307],"floor_reached":33,"playtime":1112,"items_purged":["Injury","Strike_R"],"score":348,"play_id":"b862deac-08eb-493c-a6d0-4edc1999954c","local_time":"20201229012726","is_ascension_mode":true,"campfire_choices":[{"floor":15,"key":"REST"},{"floor":29,"key":"REST"},{"floor":32,"key":"RECALL"}],"circlet_count":0,"master_deck":["Strike_R","Strike_R","Strike_R","Strike_R","Defend_R","Defend_R","Defend_R","Defend_R","Bash","The Bomb","Whirlwind","Cleave","Spot Weakness","Shrug It Off","Rampage","Shrug It Off","Pummel","Feel No Pain","Double Tap","Armaments","Metallicize","Iron Wave","Evolve","Seeing Red","Armaments+1","Rampage+1"],"relics":["Burning Blood","Golden Idol","Ornamental Fan","Shuriken","Ancient Tea Set","Meat on the Bone","HandDrill","Fusion Hammer","Membership Card","Bronze Scales","Paper Frog","Sundial","Question Card"],"acts_visited":["Exordium","TheCity"],"potions_floor_usage":[6,6,8,11,12,13,14,16,21,22,22,23,25,30,33],"damage_taken":[{"damage":8,"enemies":"Small Slimes","floor":1,"turns":4},{"damage":6,"enemies":"Jaw Worm","floor":2,"turns":3},{"damage":0,"enemies":"2 Louse","floor":5,"turns":1},{"damage":32,"enemies":"Lagavulin","floor":6,"turns":7},{"damage":0,"enemies":"Lots of Slimes","floor":7,"turns":1},{"damage":9,"enemies":"3 Sentries","floor":8,"turns":3},{"damage":23,"enemies":"Lagavulin","floor":10,"turns":6},{"damage":10,"enemies":"Exordium Thugs","floor":12,"turns":4},{"damage":6,"enemies":"Gremlin Gang","floor":14,"turns":3},{"damage":46,"enemies":"Hexaghost","floor":16,"turns":9},{"damage":2,"enemies":"Shell Parasite","floor":18,"turns":4},{"damage":2,"enemies":"3 Byrds","floor":21,"turns":3},{"damage":8,"enemies":"3 Cultists","floor":22,"turns":3},{"damage":23,"enemies":"Book of Stabbing","floor":23,"turns":6},{"damage":13,"enemies":"Cultist and Chosen","floor":24,"turns":7},{"damage":20,"enemies":"Slavers","floor":25,"turns":5},{"damage":0,"enemies":"Snecko","floor":27,"turns":6},{"damage":25,"enemies":"Book of Stabbing","floor":28,"turns":5},{"damage":16,"enemies":"Snake Plant","floor":30,"turns":4},{"damage":11,"enemies":"Shelled Parasite and Fungi","floor":31,"turns":4},{"damage":62,"enemies":"Collector","floor":33,"turns":8}],"seed_played":"-2636146595002644503","potions_obtained":[{"floor":5,"key":"EntropicBrew"},{"floor":6,"key":"PowerPotion"},{"floor":11,"key":"Fruit Juice"},{"floor":11,"key":"SkillPotion"},{"floor":12,"key":"Strength Potion"},{"floor":18,"key":"LiquidBronze"},{"floor":24,"key":"AttackPotion"},{"floor":27,"key":"ColorlessPotion"},{"floor":31,"key":"LiquidMemories"}],"is_trial":false,"path_per_floor":["M","M","?","?","M","E","M","E","T","E","?","M","$","M","R","B",null,"M","?","$","M","M","E","M","E","T","M","E","R","M","M","R","B"],"character_chosen":"IRONCLAD","items_purchased":["HandDrill","Fruit Juice","Membership Card","Metallicize","EntropicBrew"],"campfire_rested":2,"item_purchase_floors":[13,13,20,20,20],"current_hp_per_floor":[70,70,70,58,64,38,44,41,41,24,29,37,42,54,78,50,82,82,82,82,82,80,63,56,54,54,60,53,77,67,62,62,0,0],"gold":307,"neow_bonus":"RANDOM_COLORLESS_2","is_daily":false,"chose_seed":false,"campfire_upgraded":0,"win_rate":0.0,"timestamp":1609205246,"path_taken":["M","M","?","?","M","E","M","E","T","E","?","?","$","M","R","BOSS","M","?","$","M","M","E","M","E","T","M","E","R","?","M","R","BOSS"],"items_purchased_type":["Relic","Potion","Relic","Card","Potion"],"build_version":"2020-12-22","purchased_purges":2,"victory":false,"max_hp_per_floor":[72,72,72,72,72,72,72,72,72,72,77,77,82,82,82,82,82,82,82,82,82,82,82,82,82,82,82,82,82,82,82,82,82,82],"card_choices":[{"not_picked":["Thinking Ahead","Violence"],"picked":"The Bomb","floor":0},{"not_picked":["Pommel Strike","Heavy Blade"],"picked":"Whirlwind","floor":1},{"not_picked":["Power Through","Clothesline"],"picked":"Cleave","floor":2},{"not_picked":["Sever Soul","Anger"],"picked":"Spot Weakness","floor":5},{"not_picked":["Pummel","Rampage"],"picked":"Shrug It Off","floor":6},{"not_picked":["Sword Boomerang","Pummel"],"picked":"Rampage","floor":7},{"not_picked":["Heavy Blade","Searing Blow","Warcry"],"picked":"SKIP","floor":8},{"not_picked":["Heavy Blade","Searing Blow","Warcry"],"picked":"SKIP","floor":8},{"not_picked":["Combust","Cleave"],"picked":"Shrug It Off","floor":10},{"not_picked":["Entrench","Power Through"],"picked":"Pummel","floor":12},{"not_picked":["Clothesline","True Grit"],"picked":"Feel No Pain","floor":14},{"not_picked":["Bludgeon","Feed"],"picked":"Double Tap","floor":16},{"not_picked":["Shrug It Off","Body Slam+1"],"picked":"Armaments","floor":18},{"not_picked":["Body Slam","Evolve","Armaments"],"picked":"SKIP","floor":21},{"not_picked":["Dual Wield","Perfected Strike"],"picked":"Iron Wave","floor":22},{"not_picked":["Intimidate","Flex"],"picked":"Evolve","floor":23},{"not_picked":["Havoc","Warcry","Bludgeon"],"picked":"SKIP","floor":24},{"not_picked":["Wild Strike","Entrench"],"picked":"Seeing Red","floor":25},{"not_picked":["Body Slam","Twin Strike+1"],"picked":"Armaments+1","floor":27},{"not_picked":["Offering","Havoc","Whirlwind"],"picked":"SKIP","floor":28},{"not_picked":["Anger+1","Headbutt","Clothesline"],"picked":"Rampage+1","floor":30},{"not_picked":["Body Slam","Anger","Warcry","True Grit"],"picked":"SKIP","floor":31}],"player_experience":617283,"relics_obtained":[{"floor":6,"key":"Shuriken"},{"floor":8,"key":"Ancient Tea Set"},{"floor":10,"key":"Meat on the Bone"},{"floor":23,"key":"Bronze Scales"},{"floor":25,"key":"Paper Frog"},{"floor":26,"key":"Sundial"},{"floor":28,"key":"Question Card"}],"event_choices":[{"damage_healed":0,"gold_gain":0,"player_choice":"Take Wound","damage_taken":0,"relics_obtained":["Golden Idol"],"max_hp_gain":0,"max_hp_loss":0,"event_name":"Golden Idol","floor":3,"gold_loss":0,"cards_obtained":["Injury"]},{"damage_healed":0,"gold_gain":0,"player_choice":"Success","damage_taken":12,"relics_obtained":["Ornamental Fan"],"max_hp_gain":0,"max_hp_loss":0,"event_name":"Scrap Ooze","floor":4,"gold_loss":0},{"damage_healed":0,"gold_gain":0,"player_choice":"Got Potions","damage_taken":0,"max_hp_gain":0,"max_hp_loss":0,"event_name":"Lab","floor":11,"gold_loss":0},{"damage_healed":0,"gold_gain":100,"player_choice":"Pray","damage_taken":0,"max_hp_gain":0,"max_hp_loss":0,"event_name":"Golden Shrine","floor":19,"gold_loss":0}],"is_beta":false,"boss_relics":[{"not_picked":["Runic Dome","Velvet Choker"],"picked":"Fusion Hammer"}],"items_purged_floors":[13,20],"is_endless":false,"potions_floor_spawned":[5,6,7,12,18,24,27,31],"killed_by":"Collector","ascension_level":1}}