{"host":"a9gsz7kv8aebwp1f","time":1609219205,"event":{"mods":["AchievementEnabler","BaseMod","Minty Spire (QoL Compilation)"],"gold_per_floor":[109,284,47,47,58,89,89,99,154,185,195,195,295,12,12,116,116,129,129,129,141,153,153,153,173,197,197,197,216,228,7,7,106,156,167,167,187,200,200,200,216,216,216,216,216,232,242,260,260,260,260],"floor_reached":50,"playtime":1800,"items_purged":[],"score":827,"play_id":"f912ac9b-e5ad-4ecb-b18e-248bb50967af","local_time":"20201229142005","is_ascension_mode":true,"campfire_choices":[{"data":"Trip","floor":7,"key":"SMITH"},{"data":"Disarm","floor":12,"key":"SMITH"},{"data":"Mayhem","floor":15,"key":"SMITH"},{"floor":23,"key":"REST"},{"floor":28,"key":"REST"},{"floor":32,"key":"REST"},{"floor":40,"key":"REST"},{"floor":42,"key":"REST"},{"data":"True Grit","floor":45,"key":"SMITH"},{"floor":49,"key":"REST"}],"circlet_count":0,"master_deck":["AscendersBane","Strike_R","Strike_R","Strike_R","Strike_R","Strike_R","Defend_R","Defend_R","Defend_R","Defend_R","Bash","Disarm+1","Trip+1","Perfected Strike","Spot Weakness","Cleave","Shrug It Off","Power Through","Heavy Blade+1","Mayhem+1","Feed","Flex","Intimidate","Armaments","Pommel Strike","Disarm","Infernal Blade+1","Shrug It Off","Flex","Rampage","Mayhem","Sever Soul+1","Feed","Power Through+1","Armaments+1","Inflame","Clash","Ghostly Armor+1","Sword Boomerang","True Grit+1","Disarm","Shrug It Off+1","Shrug It Off+1","Sever Soul","Pommel Strike+1"],"relics":["Burning Blood","NeowsBlessing","Strange Spoon","Vajra","Tiny Chest","Meat on the Bone","Membership Card","Black Star","FossilizedHelix","Dream Catcher","Bag of Marbles","Tiny House","Bottled Lightning","Red Skull"],"acts_visited":["Exordium","TheCity","TheBeyond"],"potions_floor_usage":[16,24,33,33,33,39,48,50,50],"damage_taken":[{"damage":0,"enemies":"Small Slimes","floor":1,"turns":1},{"damage":0,"enemies":"Jaw Worm","floor":5,"turns":1},{"damage":0,"enemies":"Lagavulin","floor":6,"turns":1},{"damage":12,"enemies":"Cultist","floor":8,"turns":4},{"damage":33,"enemies":"3 Sentries","floor":10,"turns":6},{"damage":6,"enemies":"Looter","floor":11,"turns":4},{"damage":33,"enemies":"The Guardian","floor":16,"turns":9},{"damage":14,"enemies":"Chosen","floor":18,"turns":6},{"damage":21,"enemies":"Spheric Guardian","floor":21,"turns":5},{"damage":43,"enemies":"Centurion and Healer","floor":22,"turns":9},{"damage":0,"enemies":"Book of Stabbing","floor":24,"turns":1},{"damage":21,"enemies":"Snake Plant","floor":25,"turns":5},{"damage":20,"enemies":"Snecko","floor":29,"turns":7},{"damage":12,"enemies":"Chosen and Byrds","floor":30,"turns":5},{"damage":77,"enemies":"Automaton","floor":33,"turns":9},{"damage":0,"enemies":"3 Shapes","floor":35,"turns":2},{"damage":58,"enemies":"3 Darklings","floor":37,"turns":8},{"damage":48,"enemies":"Jaw Worm Horde","floor":38,"turns":5},{"damage":0,"enemies":"Writhing Mass","floor":39,"turns":1},{"damage":46,"enemies":"Transient","floor":41,"turns":5},{"damage":60,"enemies":"Spire Growth","floor":46,"turns":8},{"damage":13,"enemies":"4 Shapes","floor":47,"turns":2},{"damage":11,"enemies":"Jaw Worm Horde","floor":48,"turns":4},{"damage":108,"enemies":"Time Eater","floor":50,"turns":10}],"seed_played":"4797126274228170709","potions_obtained":[{"floor":1,"key":"SpeedPotion"},{"floor":10,"key":"Block Potion"},{"floor":16,"key":"SmokeBomb"},{"floor":21,"key":"Strength Potion"},{"floor":22,"key":"Strength Potion"},{"floor":30,"key":"EssenceOfSteel"},{"floor":34,"key":"SmokeBomb"},{"floor":35,"key":"Explosive Potion"},{"floor":46,"key":"LiquidMemories"},{"floor":47,"key":"Energy Potion"},{"floor":48,"key":"PowerPotion"}],"is_trial":false,"path_per_floor":["M","?","$","?","M","E","R","M","T","E","M","R","?","$","R","B",null,"M","?","T","M","M","R","E","M","T","?","R","M","M","$","R","B",null,"M","T","M","M","M","R","M","R","T","?","R","M","M","M","R","B"],"character_chosen":"IRONCLAD","items_purchased":["Strange Spoon","Trip","Membership Card","Power Through","Heavy Blade","Mayhem","Bag of Marbles","Flex","Rampage","Mayhem"],"campfire_rested":6,"item_purchase_floors":[3,3,14,14,14,14,31,31,31,31],"current_hp_per_floor":[78,78,78,78,80,80,80,74,74,47,47,47,47,47,47,32,68,60,45,45,42,20,46,52,49,49,49,75,64,58,58,85,26,80,89,89,53,23,41,71,43,73,73,73,73,31,39,49,81,0,0],"gold":260,"neow_bonus":"THREE_ENEMY_KILL","is_daily":false,"chose_seed":false,"campfire_upgraded":4,"win_rate":0.0,"timestamp":1609219205,"path_taken":["M","?","$","?","?","E","R","M","T","E","M","R","?","?","R","BOSS","M","?","?","M","?","R","E","M","T","?","R","M","M","?","R","BOSS","M","?","?","M","M","R","M","R","T","?","R","M","M","?","R","BOSS"],"items_purchased_type":["Relic","Card","Relic","Card","Card","Card","Relic","Card","Card","Card"],"build_version":"2020-12-22","purchased_purges":0,"victory":false,"max_hp_per_floor":[80,80,80,80,80,80,80,80,80,80,80,80,80,80,80,80,80,80,85,85,85,88,88,88,88,88,88,88,91,91,91,91,91,96,99,99,103,103,103,103,103,103,103,103,103,103,106,109,109,109,109],"card_choices":[{"not_picked":["Ghostly Armor","Thunderclap"],"picked":"Disarm","floor":1},{"not_picked":["Heavy Blade","Entrench"],"picked":"Perfected Strike","floor":5},{"not_picked":["Sentinel","Entrench"],"picked":"Spot Weakness","floor":6},{"not_picked":["Pummel","Uppercut"],"picked":"Cleave","floor":8},{"not_picked":["Sword Boomerang","Corruption"],"picked":"Shrug It Off","floor":10},{"not_picked":["Uppercut","Iron Wave"],"picked":"Hemokinesis","floor":11},{"not_picked":["Immolate","Brutality"],"picked":"Feed","floor":16},{"not_picked":["Clothesline","Sword Boomerang"],"picked":"Flex","floor":18},{"not_picked":["Evolve","Seeing Red"],"picked":"Intimidate","floor":21},{"not_picked":["Rampage","Flex"],"picked":"Armaments","floor":22},{"not_picked":["Dual Wield+1","Flame Barrier"],"picked":"Pommel Strike","floor":25},{"not_picked":["Immolate","Cleave"],"picked":"Disarm","floor":28},{"not_picked":["Perfected Strike","Clash"],"picked":"Infernal Blade+1","floor":29},{"not_picked":["Hemokinesis","Wild Strike"],"picked":"Shrug It Off","floor":30},{"not_picked":["Sword Boomerang","Clothesline"],"picked":"Sever Soul+1","floor":32},{"not_picked":["Immolate","Offering"],"picked":"Feed","floor":33},{"not_picked":["Metallicize","Ghostly Armor+1"],"picked":"Power Through+1","floor":34},{"not_picked":["Bloodletting","Combust+1"],"picked":"Armaments+1","floor":35},{"not_picked":["Rampage","Armaments+1"],"picked":"Inflame","floor":37},{"not_picked":["Ghostly Armor","Thunderclap"],"picked":"Clash","floor":38},{"not_picked":["Second Wind","Clash"],"picked":"Ghostly Armor+1","floor":40},{"not_picked":["Ghostly Armor","Anger"],"picked":"Sword Boomerang","floor":41},{"not_picked":["Rampage","Sentinel"],"picked":"True Grit","floor":42},{"not_picked":["Uppercut+1","Cleave+1"],"picked":"Shrug It Off+1","floor":46},{"not_picked":["Armaments+1","Thunderclap"],"picked":"Shrug It Off+1","floor":47},{"not_picked":["Dual Wield+1","Seeing Red"],"picked":"Sever Soul","floor":48},{"not_picked":["Fire Breathing+1","Exhume"],"picked":"Pommel Strike+1","floor":49}],"player_experience":446345,"relics_obtained":[{"floor":6,"key":"Vajra"},{"floor":9,"key":"Tiny Chest"},{"floor":10,"key":"Meat on the Bone"},{"floor":20,"key":"FossilizedHelix"},{"floor":26,"key":"Dream Catcher"},{"floor":36,"key":"Bottled Lightning"},{"floor":43,"key":"Red Skull"}],"event_choices":[{"damage_healed":0,"gold_gain":175,"player_choice":"AGREE","damage_taken":0,"max_hp_gain":0,"max_hp_loss":0,"event_name":"Liars Game","floor":2,"gold_loss":0,"cards_obtained":["Doubt"]},{"cards_removed":["Doubt"],"damage_healed":0,"gold_gain":0,"player_choice":"Removed Curses","damage_taken":0,"max_hp_gain":0,"max_hp_loss":0,"event_name":"Fountain of Cleansing","floor":4,"gold_loss":0},{"damage_healed":0,"gold_gain":100,"player_choice":"Pray","damage_taken":0,"max_hp_gain":0,"max_hp_loss":0,"event_name":"Golden Shrine","floor":13,"gold_loss":0},{"damage_healed":0,"gold_gain":0,"player_choice":"Shed Blood","damage_taken":20,"max_hp_gain":5,"max_hp_loss":0,"event_name":"Forgotten Altar","floor":19,"gold_loss":0},{"cards_removed":["Hemokinesis"],"damage_healed":0,"gold_gain":0,"player_choice":"Purged","damage_taken":0,"max_hp_gain":0,"max_hp_loss":0,"event_name":"Purifier","floor":27,"gold_loss":0},{"damage_healed":0,"gold_gain":0,"player_choice":"1 cards matched","damage_taken":0,"max_hp_gain":0,"max_hp_loss":0,"event_name":"Match and Keep!","floor":44,"gold_loss":0,"cards_obtained":["Disarm"]}],"is_beta":false,"boss_relics":[{"not_picked":["Runic Pyramid","Busted Crown"],"picked":"Black Star"},{"not_picked":["Pandora\u0027s Box","Sozu"],"picked":"Tiny House"}],"items_purged_floors":[],"is_endless":false,"potions_floor_spawned":[1,10,16,21,22,30,35,39,46,47,48],"killed_by":"Time Eater","ascension_level":10}}