{"host":"71akxjf7cjo3bhmj","time":1609282014,"event":{"mods":["AchievementEnabler","BaseMod","Colored Powertips","Minty Spire (QoL Compilation)"],"gold_per_floor":[110,120,45,45,58,58,71,102,102,102,102,115,115,148,148,148,148],"floor_reached":16,"playtime":917,"items_purged":["Strike_R"],"score":110,"play_id":"46706ad7-f4d2-4898-af81-51d45f6f368d","local_time":"20201229234654","is_ascension_mode":false,"campfire_choices":[{"floor":6,"key":"RECALL"},{"data":"Battle Trance","floor":11,"key":"SMITH"},{"floor":15,"key":"REST"}],"circlet_count":0,"master_deck":["Strike_R","Strike_R","Strike_R","Defend_R","Defend_R","Defend_R","Defend_R","Bash","Anger","Anger","Battle Trance+1"],"relics":["Burning Blood","Blood Vial","InkBottle","White Beast Statue"],"acts_visited":["Exordium"],"potions_floor_usage":[5,8,16],"damage_taken":[{"damage":1,"enemies":"2 Louse","floor":1,"turns":3},{"damage":8,"enemies":"Small Slimes","floor":2,"turns":3},{"damage":0,"enemies":"Jaw Worm","floor":5,"turns":2},{"damage":5,"enemies":"Looter","floor":7,"turns":3},{"damage":23,"enemies":"Lagavulin","floor":8,"turns":7},{"damage":0,"enemies":"3 Louse","floor":12,"turns":3},{"damage":35,"enemies":"3 Sentries","floor":14,"turns":7},{"damage":80,"enemies":"The Guardian","floor":16,"turns":14}],"seed_played":"5028259094131545224","potions_obtained":[{"floor":2,"key":"DistilledChaos"},{"floor":5,"key":"Block Potion"},{"floor":7,"key":"EssenceOfSteel"}],"is_trial":false,"path_per_floor":["M","M","$","?","M","R","M","E","T","?","R","M","?","E","R","B"],"character_chosen":"IRONCLAD","items_purchased":[],"campfire_rested":1,"item_purchase_floors":[],"current_hp_per_floor":[80,78,78,78,80,80,80,63,63,80,80,80,80,51,75,0,0],"gold":148,"neow_bonus":"RANDOM_COMMON_RELIC","is_daily":false,"chose_seed":false,"campfire_upgraded":1,"win_rate":0.0,"timestamp":1609282014,"path_taken":["M","M","$","?","M","R","M","E","T","?","R","M","?","E","R","BOSS"],"items_purchased_type":[],"build_version":"2020-12-22","purchased_purges":1,"victory":false,"max_hp_per_floor":[80,80,80,80,80,80,80,80,80,80,80,80,80,80,80,80,80],"card_choices":[{"not_picked":["True Grit","Infernal Blade"],"picked":"Anger","floor":1},{"not_picked":["Flame Barrier","Wild Strike","Warcry"],"picked":"SKIP","floor":2},{"not_picked":["Warcry","Entrench"],"picked":"Anger","floor":5},{"not_picked":["Twin Strike","Armaments","Havoc"],"picked":"SKIP","floor":7},{"not_picked":["Cleave","Barricade"],"picked":"Battle Trance","floor":8},{"not_picked":["Searing Blow","Cleave","Flame Barrier"],"picked":"SKIP","floor":12},{"not_picked":["Sever Soul","Juggernaut","Power Through"],"picked":"SKIP","floor":14}],"player_experience":114357,"relics_obtained":[{"floor":8,"key":"InkBottle"},{"floor":14,"key":"White Beast Statue"}],"event_choices":[{"cards_removed":["Strike_R"],"damage_healed":0,"gold_gain":0,"player_choice":"Forget","damage_taken":0,"max_hp_gain":0,"max_hp_loss":0,"event_name":"Living Wall","floor":4,"gold_loss":0},{"damage_healed":26,"gold_gain":0,"player_choice":"Banana","damage_taken":0,"max_hp_gain":0,"max_hp_loss":0,"event_name":"Big Fish","floor":10,"gold_loss":0},{"damage_healed":0,"gold_gain":0,"player_choice":"Ignored","damage_taken":0,"max_hp_gain":0,"max_hp_loss":0,"event_name":"Golden Idol","floor":13,"gold_loss":0}],"is_beta":false,"boss_relics":[],"items_purged_floors":[3],"is_endless":false,"potions_floor_spawned":[2,5,7],"killed_by":"The Guardian","ascension_level":0}}