{"host":"lpcxcvdszk9zyesf","time":1609235945,"event":{"mods":["BaseMod","Better Third Choice","BetterRewards","Minty Spire (QoL Compilation)","Rare Cards Sparkle","Relic Stats","Say the Spire","Spicy Shops","StSLib"],"gold_per_floor":[112,112,62,81,101,101,130,0,25,25,35,35,35,48,48,144,144,109,120,120,120,120,120],"floor_reached":22,"playtime":907,"items_purged":["Strike_R"],"score":526,"play_id":"61661b29-1da7-4e8c-80d4-c917f18641e0","local_time":"20201229175905","is_ascension_mode":true,"campfire_choices":[{"data":"Dropkick","floor":6.0,"key":"SMITH"},{"floor":10,"key":"REST"},{"floor":12,"key":"REST"},{"data":"Enlightenment","floor":15,"key":"SMITH"}],"circlet_count":0,"master_deck":["AscendersBane","Strike_R","Strike_R","Defend_R","Defend_R","Defend_R","Defend_R","Bash","Heavy Blade","Dropkick+1","Flex","Searing Blow","Enlightenment+1","Flame Barrier","Armaments","Inflame+1","Reaper","CurseOfTheBell","Rage+1","Rampage+1"],"relics":["Burning Blood","Frozen Egg 2","Lizard Tail","Centennial Puzzle","Darkstone Periapt","PreservedInsect","Calling Bell","Tiny Chest","Toxic Egg 2","Incense Burner","Nilry\u0027s Codex"],"acts_visited":["Exordium","TheCity"],"potions_floor_usage":[16,16,16,16,16,16],"damage_taken":[{"damage":8.0,"enemies":"Jaw Worm","floor":1.0,"turns":4.0},{"damage":4.0,"enemies":"2 Louse","floor":4.0,"turns":3.0},{"damage":9.0,"enemies":"Small Slimes","floor":5.0,"turns":5.0},{"damage":55,"enemies":"3 Sentries","floor":7,"turns":11},{"damage":1,"enemies":"2 Fungi Beasts","floor":11,"turns":2},{"damage":3,"enemies":"Blue Slaver","floor":14,"turns":3},{"damage":0,"enemies":"The Guardian","floor":16,"turns":7},{"damage":40,"enemies":"2 Thieves","floor":18,"turns":5},{"damage":14,"enemies":"3 Byrds","floor":19,"turns":4},{"damage":90,"enemies":"Cultist and Chosen","floor":22,"turns":6}],"seed_played":"-4570868404251385231","potions_obtained":[{"floor":1.0,"key":"AttackPotion"},{"floor":5.0,"key":"EntropicBrew"},{"floor":11,"key":"EssenceOfSteel"}],"is_trial":false,"path_per_floor":["M","?","?","M","M","R","E","?","T","R","M","R","?","M","R","B",null,"M","M","?","?","M"],"character_chosen":"IRONCLAD","items_purchased":["Frozen Egg 2","Lizard Tail"],"campfire_rested":2,"item_purchase_floors":[0,0],"current_hp_per_floor":[70,67,67,69,66,66,17,23,23,48,53,78,78,81,81,86,92,63,61,43,27,0,0],"gold":120,"neow_bonus":"","is_daily":false,"chose_seed":false,"campfire_upgraded":2,"win_rate":0.0,"timestamp":1609235945,"path_taken":["M","?","?","M","?","R","E","?","T","R","M","R","?","M","R","BOSS","M","M","?","?","M"],"items_purchased_type":["Relic","Relic"],"build_version":"2020-12-22","purchased_purges":1,"victory":false,"max_hp_per_floor":[80,80,80,80,80,80,80,86,86,86,86,86,86,86,86,86,92,92,92,97,97,97,97],"relic_stats":{"Darkstone Periapt":6,"Lizard Tail":48,"Centennial Puzzle":[24],"counters":[25,111],"Tiny Chest":0,"PreservedInsect":0,"obtain_stats":[{"Darkstone Periapt":7,"Happy Flower":7,"Nilry\u0027s Codex":27,"Oddly Smooth Stone":26,"Eternal Feather":9,"PreservedInsect":9,"Incense Burner":17,"Bottled Tornado":23,"Frozen Egg 2":0,"Empty Cage":17,"Burning Blood":0,"White Beast Statue":20,"Mercury Hourglass":31,"Calling Bell":17,"Lizard Tail":0,"Centennial Puzzle":2,"Tiny Chest":17,"Toxic Egg 2":17,"Meat on the Bone":0},{"Darkstone Periapt":19,"Happy Flower":3,"Nilry\u0027s Codex":12,"Oddly Smooth Stone":12,"Eternal Feather":4,"PreservedInsect":19,"Incense Burner":22,"Bottled Tornado":11,"Frozen Egg 2":15,"Empty Cage":7,"Burning Blood":0,"White Beast Statue":9,"Mercury Hourglass":14,"Calling Bell":22,"Lizard Tail":15,"Centennial Puzzle":16,"Tiny Chest":22,"Toxic Egg 2":22,"Meat on the Bone":0},{"Darkstone Periapt":84,"Happy Flower":13,"Nilry\u0027s Codex":44,"Oddly Smooth Stone":44,"Eternal Feather":17,"PreservedInsect":84,"Incense Burner":96,"Bottled Tornado":43,"Frozen Egg 2":61,"Empty Cage":26,"Burning Blood":0,"White Beast Statue":33,"Mercury Hourglass":54,"Calling Bell":96,"Lizard Tail":61,"Centennial Puzzle":65,"Tiny Chest":96,"Toxic Egg 2":96,"Meat on the Bone":0}],"Burning Blood":137},"card_choices":[{"not_picked":["Clash","True Grit"],"picked":"Heavy Blade","floor":1.0},{"not_picked":["Thunderclap","Havoc"],"picked":"Dropkick","floor":4.0},{"not_picked":["Clash","Body Slam"],"picked":"Flex","floor":5.0},{"not_picked":["Warcry","Fire Breathing+1"],"picked":"Searing Blow","floor":7},{"not_picked":["Second Wind","Headbutt"],"picked":"Flame Barrier","floor":11},{"not_picked":["Body Slam","Warcry"],"picked":"Inflame+1","floor":14},{"not_picked":["Fiend Fire","Offering"],"picked":"Reaper","floor":16},{"not_picked":["Dark Embrace+1","Flame Barrier+1"],"picked":"Rage+1","floor":18},{"not_picked":["Warcry+1","Flex+1"],"picked":"Rampage+1","floor":19}],"player_experience":271074,"relics_obtained":[{"floor":7,"key":"Darkstone Periapt"},{"floor":9,"key":"PreservedInsect"},{"floor":17,"key":"Tiny Chest"},{"floor":17,"key":"Toxic Egg 2"},{"floor":17,"key":"Incense Burner"},{"floor":21,"key":"Nilry\u0027s Codex"}],"event_choices":[{"damage_healed":0.0,"max_hp_gain":0.0,"max_hp_loss":0.0,"gold_gain":0.0,"event_name":"betterThird:BetterScrap","player_choice":"Relic ","floor":2.0,"gold_loss":0.0,"damage_taken":3.0,"cards_obtained":["Storm of Steel"]},{"cards_removed":["Strike_R"],"damage_healed":0.0,"max_hp_gain":0.0,"max_hp_loss":0.0,"gold_gain":0.0,"event_name":"The Cleric","player_choice":"Card Removal","floor":3.0,"gold_loss":50.0,"damage_taken":0.0},{"damage_healed":0,"gold_gain":0,"player_choice":"RENOUNCE","damage_taken":130,"max_hp_gain":0,"max_hp_loss":0,"event_name":"betterThird:BetterSerpent","floor":8,"gold_loss":130,"cards_obtained":["Enlightenment"]},{"damage_healed":0,"gold_gain":0,"cards_transformed":["Strike_R"],"player_choice":"Change","damage_taken":0,"max_hp_gain":0,"max_hp_loss":0,"event_name":"Living Wall","floor":13,"gold_loss":0,"cards_obtained":["Armaments"]},{"damage_healed":0,"gold_gain":0,"player_choice":"Shed Blood","damage_taken":23,"max_hp_gain":5,"max_hp_loss":0,"event_name":"Forgotten Altar","floor":20,"gold_loss":0},{"damage_healed":0,"gold_gain":0,"player_choice":"Obtained Book","damage_taken":16,"max_hp_gain":0,"max_hp_loss":0,"event_name":"Cursed Tome","floor":21,"gold_loss":0}],"is_beta":false,"boss_relics":[{"not_picked":["Runic Pyramid","Velvet Choker"],"picked":"Calling Bell"}],"items_purged_floors":[0],"is_endless":false,"potions_floor_spawned":[1,5,11,14],"killed_by":"Cultist and Chosen","ascension_level":10}}