{"host":"msa0wxqjs3jv1k3j","time":1609246025,"event":{"mods":["BaseMod","BetterRewards","Colored Map","Highlight Path","KOR Keyword Fix","Keyboard Shortcuts","Minty Spire (QoL Compilation)","Quick Restart","SuperFastMode","everything is the same but u backflip on backflip"],"gold_per_floor":[117,129,54,68,82,82,138,138,162,194,207,207,382,402,402,402,402],"floor_reached":16,"playtime":678,"items_purged":["Strike_R"],"score":102,"play_id":"4354e862-cab0-44fd-9eb6-a253421e26b4","local_time":"20201229214705","is_ascension_mode":false,"campfire_choices":[{"floor":6.0,"key":"REST"},{"data":"Hemokinesis","floor":8.0,"key":"SMITH"},{"data":"Shrug It Off","floor":12,"key":"SMITH"},{"floor":15,"key":"REST"}],"circlet_count":0,"master_deck":["Strike_R","Strike_R","Strike_R","Strike_R","Defend_R","Defend_R","Defend_R","Defend_R","Bash","Hemokinesis+1","Dual Wield","Thunderclap","Battle Trance","Fire Breathing","Shrug It Off+1","Doubt","Flex"],"relics":["Burning Blood","NeowsBlessing","Blood Vial","Toy Ornithopter","Ginger"],"acts_visited":["Exordium"],"potions_floor_usage":[16,16],"damage_taken":[{"damage":0.0,"enemies":"Cultist","floor":1.0,"turns":1.0},{"damage":0.0,"enemies":"Small Slimes","floor":2.0,"turns":1.0},{"damage":0.0,"enemies":"2 Louse","floor":4.0,"turns":1.0},{"damage":28.0,"enemies":"Large Slime","floor":5.0,"turns":8.0},{"damage":49.0,"enemies":"3 Sentries","floor":7.0,"turns":8.0},{"damage":26,"enemies":"3 Sentries","floor":10,"turns":6},{"damage":10,"enemies":"2 Fungi Beasts","floor":11,"turns":2},{"damage":18,"enemies":"Exordium Thugs","floor":14,"turns":6},{"damage":47,"enemies":"The Guardian","floor":16,"turns":9}],"seed_played":"4961830916425025584","potions_obtained":[{"floor":2.0,"key":"Dexterity Potion"},{"floor":4.0,"key":"Swift Potion"},{"floor":5.0,"key":"PowerPotion"}],"is_trial":false,"path_per_floor":["M","M","$","M","M","R","?","R","T","E","M","R","?","M","R","B"],"character_chosen":"IRONCLAD","items_purchased":[],"campfire_rested":2,"item_purchase_floors":[],"current_hp_per_floor":[80,80,80,80,58,80,37,37,37,19,17,17,17,7,31,0,0],"gold":402,"neow_bonus":"THREE_ENEMY_KILL","is_daily":false,"chose_seed":false,"campfire_upgraded":2,"win_rate":0.0,"timestamp":1609246025,"path_taken":["M","M","?","?","M","E","R","?","R","T","T","E","M","R","?","M","R","BOSS"],"items_purchased_type":[],"build_version":"2020-12-22","purchased_purges":1,"victory":false,"max_hp_per_floor":[80,80,80,80,80,80,80,80,80,80,80,80,80,80,80,80,80],"card_choices":[{"not_picked":["Sword Boomerang","Carnage"],"picked":"Hemokinesis","floor":1.0},{"not_picked":["Carnage","Combust"],"picked":"Dual Wield","floor":2.0},{"not_picked":["Heavy Blade","Carnage","Intimidate"],"picked":"SKIP","floor":4.0},{"not_picked":["Armaments","Cleave"],"picked":"Thunderclap","floor":5.0},{"not_picked":["Iron Wave","Cleave"],"picked":"Battle Trance","floor":7.0},{"not_picked":["Sword Boomerang","Headbutt"],"picked":"Fire Breathing","floor":10},{"not_picked":["Clash","Pommel Strike"],"picked":"Shrug It Off","floor":11},{"not_picked":["Anger","Ghostly Armor"],"picked":"Flex","floor":14}],"player_experience":11645,"relics_obtained":[{"floor":7.0,"key":"Blood Vial"},{"floor":9.0,"key":"Toy Ornithopter"},{"floor":10,"key":"Ginger"}],"event_choices":[{"damage_healed":0.0,"max_hp_gain":0.0,"max_hp_loss":0.0,"gold_gain":0.0,"event_name":"Dead Adventurer","player_choice":"Searched \u00271\u0027 times","floor":7.0,"gold_loss":0.0,"damage_taken":0.0},{"damage_healed":0,"gold_gain":175,"player_choice":"AGREE","damage_taken":0,"max_hp_gain":0,"max_hp_loss":0,"event_name":"Liars Game","floor":13,"gold_loss":0,"cards_obtained":["Doubt"]}],"is_beta":false,"boss_relics":[],"items_purged_floors":[3],"is_endless":false,"potions_floor_spawned":[2,4,5,14],"killed_by":"The Guardian","ascension_level":0}}