{"host":"2se5dq1do2gp0x9k","time":1609217700,"event":{"mods":["AchievementEnabler","BaseMod","Block Reminder","Colored Map","Colored Powertips","Minty Spire (QoL Compilation)","Relic Stats","StSLib","SuperFastMode"],"gold_per_floor":[115,28,28,46,56,84,84,119,119,119,138,151,164,124,124,198,198,168,168,168,168],"floor_reached":20,"playtime":577,"items_purged":[],"score":368,"play_id":"6a005ebe-628d-4454-a6c6-ce3da9e35d97","local_time":"20201228205500","is_ascension_mode":true,"campfire_choices":[{"data":"True Grit","floor":7.0,"key":"SMITH"},{"data":"Bash","floor":10.0,"key":"SMITH"},{"data":"Shockwave","floor":15,"key":"SMITH"}],"circlet_count":0,"master_deck":["AscendersBane","Strike_R","Strike_R","Strike_R","Strike_R","Strike_R","Defend_R","Defend_R","Defend_R","Defend_R","Bash+1","Perfected Strike","Feel No Pain","True Grit+1","Clothesline","Pommel Strike","Flame Barrier","Inflame","Shockwave+1","Demon Form","Shrug It Off"],"relics":["Coffee Dripper","Blue Candle","Bottled Lightning","Sundial","Mark of Pain","GremlinMask"],"acts_visited":["Exordium","TheCity"],"potions_floor_usage":[13,13,16,16],"damage_taken":[{"damage":0.0,"enemies":"Cultist","floor":1.0,"turns":3.0},{"damage":7.0,"enemies":"Jaw Worm","floor":4.0,"turns":3.0},{"damage":3.0,"enemies":"Small Slimes","floor":5.0,"turns":4.0},{"damage":44.0,"enemies":"Lagavulin","floor":6.0,"turns":8.0},{"damage":12.0,"enemies":"3 Sentries","floor":8.0,"turns":10.0},{"damage":0,"enemies":"2 Fungi Beasts","floor":11,"turns":3},{"damage":6,"enemies":"3 Louse","floor":12,"turns":2},{"damage":9,"enemies":"Exordium Thugs","floor":13,"turns":4},{"damage":1,"enemies":"Hexaghost","floor":16,"turns":8},{"damage":29,"enemies":"2 Thieves","floor":18,"turns":4},{"damage":0,"enemies":"Chosen","floor":20,"turns":1}],"seed_played":"6698722179444173939","potions_obtained":[{"floor":1.0,"key":"BloodPotion"},{"floor":4.0,"key":"Swift Potion"},{"floor":12,"key":"Explosive Potion"},{"floor":13,"key":"SpeedPotion"},{"floor":14,"key":"Regen Potion"},{"floor":14,"key":"DuplicationPotion"}],"is_trial":false,"path_per_floor":["M","$","?","M","M","E","R","E","T","R","M","M","M","?","R","B",null,"M","?","M"],"character_chosen":"IRONCLAD","items_purchased":["Feel No Pain"],"campfire_rested":0,"item_purchase_floors":[2],"current_hp_per_floor":[68,68,68,61,58,14,14,17,17,17,17,11,2,2,2,16,60,31,31,31,31],"gold":168,"neow_bonus":"BOSS_RELIC","is_daily":false,"chose_seed":false,"campfire_upgraded":3,"win_rate":0.0,"timestamp":1609217700,"path_taken":["M","$","?","M","M","E","R","E","T","R","M","M","M","?","R","BOSS","M","?","M"],"items_purchased_type":["Card"],"build_version":"2020-12-22","purchased_purges":0,"victory":false,"max_hp_per_floor":[75,75,75,75,75,75,75,75,75,75,75,75,75,75,75,75,75,75,75,75,75],"relic_stats":{"counters":[11,50],"Sundial":[2],"Blue Candle":[0],"obtain_stats":[{"Sundial":9,"Blue Candle":6,"GremlinMask":19,"Mark of Pain":17,"Coffee Dripper":0,"Bottled Lightning":8,"Burning Blood":0},{"Sundial":5,"Blue Candle":4,"GremlinMask":10,"Mark of Pain":9,"Coffee Dripper":0,"Bottled Lightning":5,"Burning Blood":0},{"Sundial":28,"Blue Candle":18,"GremlinMask":49,"Mark of Pain":45,"Coffee Dripper":0,"Bottled Lightning":28,"Burning Blood":0}]},"card_choices":[{"not_picked":["Burning Pact","Headbutt"],"picked":"Perfected Strike","floor":1.0},{"not_picked":["Seeing Red","Rampage"],"picked":"True Grit","floor":4.0},{"not_picked":["Body Slam","Heavy Blade"],"picked":"Clothesline","floor":5.0},{"not_picked":["Searing Blow","Entrench"],"picked":"Pommel Strike","floor":6.0},{"not_picked":["Dropkick","Metallicize"],"picked":"Flame Barrier","floor":8.0},{"not_picked":["Cleave","Havoc"],"picked":"Inflame","floor":11},{"not_picked":["Rupture","Seeing Red"],"picked":"Shockwave","floor":12},{"not_picked":["Wild Strike","Sever Soul","Havoc"],"picked":"SKIP","floor":13},{"not_picked":["Exhume","Feed"],"picked":"Demon Form","floor":16},{"not_picked":["Carnage+1","Clothesline"],"picked":"Shrug It Off","floor":18}],"player_experience":3648727,"relics_obtained":[{"floor":6.0,"key":"Blue Candle"},{"floor":8.0,"key":"Bottled Lightning"},{"floor":9.0,"key":"Sundial"}],"event_choices":[{"damage_healed":0.0,"max_hp_gain":0.0,"max_hp_loss":0.0,"gold_gain":0.0,"event_name":"Scrap Ooze","player_choice":"Fled","floor":3.0,"gold_loss":0.0,"damage_taken":0.0},{"damage_healed":0,"gold_gain":0,"player_choice":"Bought 3 Potions","damage_taken":0,"max_hp_gain":0,"max_hp_loss":0,"event_name":"The Woman in Blue","floor":14,"gold_loss":0},{"damage_healed":0,"gold_gain":0,"player_choice":"Trade","damage_taken":0,"relics_obtained":["GremlinMask"],"max_hp_gain":0,"max_hp_loss":0,"event_name":"FaceTrader","floor":19,"gold_loss":0}],"is_beta":false,"boss_relics":[{"not_picked":["Tiny House","SlaversCollar"],"picked":"Mark of Pain"}],"items_purged_floors":[],"is_endless":false,"potions_floor_spawned":[1,4,6,12,13],"killed_by":"Chosen","ascension_level":20}}