{"host":"3qkmyeoym75lj4wn","time":1609262358,"event":{"mods":["2.2 Compatiblity","BaseMod","Block Reminder","Colored Powertips","Highlight Path","Minty Spire (QoL Compilation)","Permanent Neow","Potion Indicator Mod","Rare Cards Sparkle","Relic Stats","StSLib"],"gold_per_floor":[115,2,2,18,38,38,58,89,136,136,136],"floor_reached":10,"playtime":305,"items_purged":[],"score":136,"play_id":"89c79a5f-2067-4cfa-a38a-3f249c353115","local_time":"20201229171918","is_ascension_mode":true,"campfire_choices":[{"data":"Armaments","floor":6,"key":"SMITH"}],"circlet_count":0,"master_deck":["AscendersBane","Strike_R","Strike_R","Strike_R","Strike_R","Strike_R","Defend_R+1","Defend_R","Defend_R+1","Defend_R","Bash","Armaments+1","Intimidate","Thunderclap","Shrug It Off","Demon Form"],"relics":["Burning Blood","Lantern","The Courier","Orichalcum","War Paint"],"acts_visited":["Exordium"],"potions_floor_usage":[7,8,8],"damage_taken":[{"damage":12,"enemies":"Cultist","floor":1,"turns":4},{"damage":17,"enemies":"Small Slimes","floor":4,"turns":4},{"damage":0,"enemies":"2 Louse","floor":5,"turns":2},{"damage":7,"enemies":"2 Fungi Beasts","floor":7,"turns":3},{"damage":48,"enemies":"Gremlin Nob","floor":8,"turns":5},{"damage":19,"enemies":"3 Sentries","floor":10,"turns":4}],"seed_played":"7726694259145282036","potions_obtained":[{"floor":1,"key":"Weak Potion"},{"floor":5,"key":"EssenceOfSteel"},{"floor":7,"key":"SteroidPotion"}],"is_trial":false,"path_per_floor":["M","$","?","M","M","R","M","E","T","E"],"character_chosen":"IRONCLAD","items_purchased":["Fruit Juice"],"campfire_rested":0,"item_purchase_floors":[2],"current_hp_per_floor":[62,62,62,51,57,57,61,19,19,0,0],"gold":136,"neow_bonus":"RANDOM_COMMON_RELIC","is_daily":false,"chose_seed":false,"campfire_upgraded":1,"win_rate":0.0,"timestamp":1609262358,"path_taken":["M","?","?","M","?","R","M","E","T","E"],"items_purchased_type":["Potion"],"build_version":"2020-12-22","purchased_purges":0,"victory":false,"max_hp_per_floor":[75,75,75,75,75,75,80,80,80,80,80],"relic_stats":{"counters":[6,22],"Orichalcum":[18],"War Paint":["Defend_R","Defend_R"],"obtain_stats":[{"Lantern":0,"The Courier":3,"Orichalcum":8,"War Paint":9,"Burning Blood":0},{"Lantern":0,"The Courier":1,"Orichalcum":5,"War Paint":5,"Burning Blood":0},{"Lantern":0,"The Courier":4,"Orichalcum":18,"War Paint":18,"Burning Blood":0}],"Burning Blood":30},"card_choices":[{"not_picked":["Rupture","Rage"],"picked":"Armaments","floor":1},{"not_picked":["Anger","Sentinel"],"picked":"Intimidate","floor":4},{"not_picked":["Fire Breathing","Bloodletting"],"picked":"Thunderclap","floor":5},{"not_picked":["Headbutt","Perfected Strike"],"picked":"Shrug It Off","floor":7},{"not_picked":["Second Wind","Havoc"],"picked":"Demon Form","floor":8}],"player_experience":1606279,"relics_obtained":[{"floor":8,"key":"Orichalcum"},{"floor":9,"key":"War Paint"}],"event_choices":[{"damage_healed":0,"gold_gain":0,"player_choice":"Gave Potion","damage_taken":0,"relics_obtained":["The Courier"],"max_hp_gain":0,"max_hp_loss":0,"event_name":"WeMeetAgain","floor":3,"gold_loss":0}],"is_beta":false,"boss_relics":[],"items_purged_floors":[],"is_endless":false,"potions_floor_spawned":[1,5,7],"killed_by":"3 Sentries","ascension_level":20}}