{"host":"2no1vwhhkhf0ohz3","time":1609261163,"event":{"mods":["AchievementEnabler","BaseMod","Colored Map","DeckTracker","Keyboard Shortcuts","Minty Spire (QoL Compilation)","Relic Stats","SuperFastMode"],"gold_per_floor":[116,130,130,145,220,220,148,148,148,207,218,251,266,279,279,382,382,395,395,51,51,71,71,87,87,87,101,201,49,61,93,93,198,198,208,228,248,262,279,311,311,344,394,394,413,413,441,157,157,157],"floor_reached":51,"playtime":1524,"items_purged":["Blizzard","Chrysalis+1"],"score":926,"play_id":"d5617e21-9b4b-4217-a6a7-41dca7b49c8f","local_time":"20201230015923","is_ascension_mode":true,"campfire_choices":[{"data":"Dualcast","floor":6,"key":"SMITH"},{"data":"Skim","floor":8,"key":"SMITH"},{"data":"Defragment","floor":15,"key":"SMITH"},{"data":"Buffer","floor":23,"key":"SMITH"},{"data":"Heatsinks","floor":25,"key":"SMITH"},{"floor":32,"key":"REST"},{"data":"Capacitor","floor":41,"key":"SMITH"},{"data":"Defragment","floor":44,"key":"SMITH"},{"data":"Biased Cognition","floor":49,"key":"SMITH"}],"circlet_count":0,"master_deck":["Zap+1","Dualcast+1","Ball Lightning+1","Cold Snap","Skim+1","Echo Form","Defragment+1","Biased Cognition+1","Hologram","Conserve Battery","Machine Learning","Undo","Ball Lightning","Loop","Buffer+1","Thunder Strike","Beam Cell","Capacitor+1","Defragment+1","Heatsinks+1","Force Field+1","Loop+1","Coolheaded","White Noise","Creative AI","Self Repair+1","Consume+1","Self Repair","Turbo","Capacitor"],"relics":["Cracked Core","Mercury Hourglass","Mango","Nunchaku","Pandora\u0027s Box","Mummified Hand","Darkstone Periapt","Torii","Bottled Lightning","ClockworkSouvenir","Bag of Preparation","Astrolabe","Shuriken","Dream Catcher","Boot","Meat on the Bone","OrangePellets"],"acts_visited":["Exordium","TheCity","TheBeyond"],"potions_floor_usage":[12,22,28,30,31,42,50,50],"damage_taken":[{"damage":3,"enemies":"Small Slimes","floor":1,"turns":2},{"damage":0,"enemies":"2 Louse","floor":2,"turns":1},{"damage":4,"enemies":"Jaw Worm","floor":4,"turns":2},{"damage":13,"enemies":"3 Sentries","floor":10,"turns":5},{"damage":0,"enemies":"2 Fungi Beasts","floor":11,"turns":2},{"damage":17,"enemies":"Gremlin Nob","floor":12,"turns":4},{"damage":10,"enemies":"Blue Slaver","floor":13,"turns":3},{"damage":7,"enemies":"3 Louse","floor":14,"turns":2},{"damage":6,"enemies":"Hexaghost","floor":16,"turns":9},{"damage":17,"enemies":"2 Thieves","floor":18,"turns":4},{"damage":17,"enemies":"3 Byrds","floor":22,"turns":3},{"damage":3,"enemies":"Cultist and Chosen","floor":24,"turns":4},{"damage":0,"enemies":"3 Cultists","floor":27,"turns":4},{"damage":0,"enemies":"Colosseum Slavers","floor":28,"turns":3},{"damage":16,"enemies":"Colosseum Nobs","floor":28,"turns":4},{"damage":0,"enemies":"Centurion and Healer","floor":30,"turns":4},{"damage":9,"enemies":"Gremlin Leader","floor":31,"turns":5},{"damage":0,"enemies":"Champ","floor":33,"turns":6},{"damage":1,"enemies":"3 Darklings","floor":35,"turns":3},{"damage":9,"enemies":"3 Shapes","floor":36,"turns":3},{"damage":1,"enemies":"Maw","floor":37,"turns":4},{"damage":23,"enemies":"3 Darklings","floor":38,"turns":4},{"damage":0,"enemies":"4 Shapes","floor":39,"turns":4},{"damage":0,"enemies":"Giant Head","floor":40,"turns":6},{"damage":3,"enemies":"Nemesis","floor":42,"turns":5},{"damage":1,"enemies":"Maw","floor":45,"turns":6},{"damage":0,"enemies":"Giant Head","floor":47,"turns":7},{"damage":12,"enemies":"Donu and Deca","floor":50,"turns":6}],"seed_played":"-6791461308755273585","potions_obtained":[{"floor":4,"key":"Weak Potion"},{"floor":11,"key":"SneckoOil"},{"floor":13,"key":"Fire Potion"},{"floor":18,"key":"PowerPotion"},{"floor":22,"key":"DistilledChaos"},{"floor":30,"key":"Weak Potion"},{"floor":31,"key":"SteroidPotion"},{"floor":35,"key":"DistilledChaos"},{"floor":45,"key":"PotionOfCapacity"}],"is_trial":false,"path_per_floor":["M","M","?","M","?","R","$","R","T","?","M","E","M","M","R","B",null,"M","?","$","?","M","R","M","R","T","M","?","$","M","E","R","B",null,"M","M","M","M","M","E","R","E","T","R","M","?","E","$","R","B",null],"character_chosen":"DEFECT","items_purchased":["Skim","Capacitor","Mayhem","ClockworkSouvenir","OrangePellets","Capacitor"],"campfire_rested":1,"item_purchase_floors":[7,20,20,29,48,48],"current_hp_per_floor":[72,72,72,68,57,57,57,57,57,58,58,41,31,24,24,18,89,72,72,72,55,38,38,35,35,35,35,19,19,19,10,38,38,94,94,85,94,88,94,94,94,94,94,94,94,89,89,89,89,89],"gold":157,"neow_bonus":"UPGRADE_CARD","is_daily":false,"chose_seed":false,"campfire_upgraded":8,"win_rate":0.0,"timestamp":1609261163,"path_taken":["M","M","?","M","?","R","?","R","T","?","M","E","M","?","R","BOSS","M","?","$","?","M","R","M","R","T","M","?","?","M","E","R","BOSS","M","M","M","M","M","E","R","E","T","R","M","?","E","$","R","BOSS"],"items_purchased_type":["Card","Card","Card","Relic","Relic","Card"],"build_version":"2020-12-22","purchased_purges":2,"victory":true,"max_hp_per_floor":[75,75,75,75,75,75,75,75,75,89,89,89,89,89,89,89,89,89,89,89,94,94,94,94,94,94,94,94,94,94,94,94,94,94,94,94,94,94,94,94,94,94,94,94,94,89,89,89,89,89],"relic_stats":{"Darkstone Periapt":0,"Torii":26,"counters":[28,112],"Astrolabe":["Self Repair","Consume","Chrysalis"],"Bag of Preparation":[22],"Boot":[9],"Mercury Hourglass":[496],"OrangePellets":[0],"Nunchaku":[15],"Dream Catcher":0,"Mummified Hand":[316],"Shuriken":[3],"Pandora\u0027s Box":["Undo","Blizzard","Ball Lightning","Rip and Tear","Loop","Hello World","Buffer","Thunder Strike"],"obtain_stats":[{"Darkstone Periapt":26,"Torii":28,"Astrolabe":34,"Mango":10,"Bag of Preparation":31,"Boot":43,"Mercury Hourglass":9,"ClockworkSouvenir":29,"OrangePellets":48,"Nunchaku":12,"Dream Catcher":42,"Mummified Hand":19,"Shuriken":40,"Pandora\u0027s Box":17,"Bottled Lightning":28,"Cracked Core":0,"Meat on the Bone":47},{"Darkstone Periapt":12,"Torii":15,"Astrolabe":18,"Mango":4,"Bag of Preparation":17,"Boot":25,"Mercury Hourglass":3,"ClockworkSouvenir":15,"OrangePellets":27,"Nunchaku":6,"Dream Catcher":25,"Mummified Hand":10,"Shuriken":24,"Pandora\u0027s Box":9,"Bottled Lightning":15,"Cracked Core":0,"Meat on the Bone":27},{"Darkstone Periapt":41,"Torii":50,"Astrolabe":65,"Mango":10,"Bag of Preparation":59,"Boot":93,"Mercury Hourglass":5,"ClockworkSouvenir":50,"OrangePellets":106,"Nunchaku":16,"Dream Catcher":93,"Mummified Hand":34,"Shuriken":88,"Pandora\u0027s Box":30,"Bottled Lightning":50,"Cracked Core":0,"Meat on the Bone":106}],"Meat on the Bone":0},"card_choices":[{"not_picked":["Stack","Sweeping Beam"],"picked":"Ball Lightning","floor":1},{"not_picked":["Leap","Stack"],"picked":"Cold Snap","floor":2},{"not_picked":["Chaos","Steam","Cold Snap"],"picked":"SKIP","floor":4},{"not_picked":["Compile Driver","Go for the Eyes"],"picked":"Echo Form","floor":10},{"not_picked":["Ball Lightning","Barrage"],"picked":"Defragment","floor":11},{"not_picked":["Hologram","Scrape"],"picked":"Biased Cognition","floor":12},{"not_picked":["Scrape","Double Energy"],"picked":"Hologram","floor":13},{"not_picked":["Ball Lightning","Streamline"],"picked":"Conserve Battery","floor":14},{"not_picked":["Biased Cognition","Fission"],"picked":"Machine Learning","floor":16},{"not_picked":["Redo","Hologram"],"picked":"Beam Cell","floor":18},{"not_picked":["FTL","Doom and Gloom"],"picked":"Defragment","floor":22},{"not_picked":["Genetic Algorithm","Leap"],"picked":"Heatsinks","floor":24},{"not_picked":["Cold Snap+1","Blizzard"],"picked":"Force Field+1","floor":27},{"not_picked":["Stack+1","Hologram"],"picked":"Loop+1","floor":28},{"not_picked":["Leap","Sweeping Beam"],"picked":"Coolheaded","floor":30},{"not_picked":["Beam Cell","Sweeping Beam+1"],"picked":"White Noise","floor":31},{"not_picked":["Thunder Strike","All For One"],"picked":"Creative AI","floor":33},{"not_picked":["Streamline+1","Beam Cell","Doom and Gloom"],"picked":"SKIP","floor":35},{"not_picked":["Reinforced Body+1","Compile Driver+1"],"picked":"Self Repair","floor":36},{"not_picked":["Gash+1","Cold Snap+1","Blizzard+1"],"picked":"SKIP","floor":37},{"not_picked":["Compile Driver","Skim+1","Conserve Battery"],"picked":"SKIP","floor":38},{"not_picked":["Steam+1","Sweeping Beam","Barrage"],"picked":"SKIP","floor":39},{"not_picked":["Compile Driver","Sweeping Beam+1","Fission"],"picked":"SKIP","floor":40},{"not_picked":["Ball Lightning","Auto Shields+1","Gash+1"],"picked":"SKIP","floor":42},{"not_picked":["Stack+1","Sweeping Beam+1","Streamline+1"],"picked":"SKIP","floor":45},{"not_picked":["Ball Lightning+1","Go for the Eyes","Turbo"],"picked":"SKIP","floor":47},{"not_picked":["Ball Lightning+1","Go for the Eyes"],"picked":"Turbo","floor":47}],"player_experience":265771,"relics_obtained":[{"floor":9,"key":"Mercury Hourglass"},{"floor":10,"key":"Mango"},{"floor":12,"key":"Nunchaku"},{"floor":26,"key":"Darkstone Periapt"},{"floor":28,"key":"Torii"},{"floor":28,"key":"Bottled Lightning"},{"floor":31,"key":"Bag of Preparation"},{"floor":40,"key":"Shuriken"},{"floor":42,"key":"Dream Catcher"},{"floor":43,"key":"Boot"},{"floor":47,"key":"Meat on the Bone"}],"event_choices":[{"damage_healed":0,"gold_gain":0,"player_choice":"Grow","damage_taken":0,"max_hp_gain":0,"max_hp_loss":0,"event_name":"Living Wall","floor":3,"gold_loss":0,"cards_upgraded":["Ball Lightning"]},{"damage_healed":0,"gold_gain":75,"player_choice":"Gather Gold","damage_taken":11,"max_hp_gain":0,"max_hp_loss":0,"event_name":"World of Goop","floor":5,"gold_loss":0},{"damage_healed":0,"gold_gain":30,"player_choice":"Searched \u00272\u0027 times","damage_taken":0,"max_hp_gain":0,"max_hp_loss":0,"event_name":"Dead Adventurer","floor":10,"gold_loss":0},{"damage_healed":0,"gold_gain":0,"player_choice":"Opened","damage_taken":0,"relics_obtained":["Mummified Hand"],"max_hp_gain":0,"max_hp_loss":0,"event_name":"The Mausoleum","floor":19,"gold_loss":0},{"damage_healed":0,"gold_gain":0,"player_choice":"Shed Blood","damage_taken":22,"max_hp_gain":5,"max_hp_loss":0,"event_name":"Forgotten Altar","floor":21,"gold_loss":0},{"damage_healed":0,"gold_gain":0,"player_choice":"Fight","damage_taken":0,"max_hp_gain":0,"max_hp_loss":0,"event_name":"Colosseum","floor":28,"gold_loss":0},{"damage_healed":0,"gold_gain":0,"player_choice":"Fought Nobs","damage_taken":0,"max_hp_gain":0,"max_hp_loss":0,"event_name":"Colosseum","floor":28,"gold_loss":0},{"damage_healed":0,"gold_gain":0,"player_choice":"Max HP","damage_taken":0,"max_hp_gain":0,"max_hp_loss":5,"event_name":"Winding Halls","floor":46,"gold_loss":0}],"is_beta":false,"boss_relics":[{"not_picked":["Sozu","Cursed Key"],"picked":"Pandora\u0027s Box"},{"not_picked":["SlaversCollar","Calling Bell"],"picked":"Astrolabe"}],"items_purged_floors":[20,48],"is_endless":false,"potions_floor_spawned":[4,11,13,18,22,28,30,31,35,40,45],"ascension_level":1}}