{"host":"2no1vwhhkhf0ohz3","time":1609258106,"event":{"mods":["AchievementEnabler","BaseMod","Colored Map","DeckTracker","Keyboard Shortcuts","Minty Spire (QoL Compilation)","Relic Stats","SuperFastMode"],"gold_per_floor":[114,129,129,147,147,147,159,9,9,9,21,21,50,70,70,168,168,178,189,289,300,312,312,332,232,232,251,264,277,277,287,287,392,392,411,422,42,61,61,61,77,127,179,197,197,119,169,179,179,179],"floor_reached":51,"playtime":1194,"items_purged":["Defend_P","Strike_P","Strike_P"],"score":682,"play_id":"b48b7d9f-a978-4988-9cd9-d802047a8245","local_time":"20201230010826","is_ascension_mode":false,"campfire_choices":[{"data":"Eruption","floor":6,"key":"SMITH"},{"data":"Vigilance","floor":12,"key":"SMITH"},{"data":"CrushJoints","floor":15,"key":"SMITH"},{"data":"Vault","floor":23,"key":"SMITH"},{"data":"TalkToTheHand","floor":32,"key":"SMITH"},{"data":"Scrawl","floor":40,"key":"SMITH"},{"data":"Crescendo","floor":49,"key":"SMITH"}],"circlet_count":0,"master_deck":["Strike_P","Defend_P","Defend_P","Eruption+1","Vigilance+1","WheelKick","TalkToTheHand","TalkToTheHand+1","CrushJoints+1","Vault+1","FlurryOfBlows","TalkToTheHand+1","Judgement","InnerPeace","Adaptation+1","Scrawl+1","Panacea","Adaptation+1","Crescendo+1"],"relics":["PureWater","NeowsBlessing","Frozen Egg 2","Thread and Needle","Boot","Sozu","Pen Nib","Philosopher\u0027s Stone","Medical Kit","Pear","Bird Faced Urn","Orichalcum","Dead Branch"],"acts_visited":["Exordium","TheCity","TheBeyond"],"potions_floor_usage":[33,33],"damage_taken":[{"damage":0,"enemies":"2 Louse","floor":1,"turns":1},{"damage":0,"enemies":"Jaw Worm","floor":2,"turns":1},{"damage":0,"enemies":"Cultist","floor":4,"turns":1},{"damage":51,"enemies":"Exordium Thugs","floor":7,"turns":4},{"damage":0,"enemies":"Large Slime","floor":11,"turns":2},{"damage":15,"enemies":"3 Sentries","floor":13,"turns":10},{"damage":0,"enemies":"Red Slaver","floor":14,"turns":3},{"damage":37,"enemies":"Hexaghost","floor":16,"turns":6},{"damage":0,"enemies":"Shell Parasite","floor":18,"turns":4},{"damage":0,"enemies":"Chosen","floor":19,"turns":4},{"damage":5,"enemies":"3 Cultists","floor":21,"turns":6},{"damage":0,"enemies":"Centurion and Healer","floor":22,"turns":4},{"damage":0,"enemies":"Sentry and Sphere","floor":24,"turns":2},{"damage":0,"enemies":"Snecko","floor":27,"turns":4},{"damage":0,"enemies":"Shelled Parasite and Fungi","floor":28,"turns":6},{"damage":0,"enemies":"Centurion and Healer","floor":29,"turns":5},{"damage":2,"enemies":"Chosen and Byrds","floor":31,"turns":4},{"damage":57,"enemies":"Automaton","floor":33,"turns":11},{"damage":0,"enemies":"Orb Walker","floor":35,"turns":3},{"damage":13,"enemies":"3 Shapes","floor":36,"turns":3},{"damage":0,"enemies":"3 Darklings","floor":38,"turns":3},{"damage":0,"enemies":"Jaw Worm Horde","floor":41,"turns":3},{"damage":0,"enemies":"2 Orb Walkers","floor":42,"turns":3},{"damage":17,"enemies":"Sphere and 2 Shapes","floor":44,"turns":2},{"damage":0,"enemies":"Mind Bloom Boss Battle","floor":47,"turns":4},{"damage":0,"enemies":"4 Shapes","floor":48,"turns":2},{"damage":84,"enemies":"Time Eater","floor":50,"turns":10}],"seed_played":"-2721170825759670761","potions_obtained":[{"floor":7,"key":"FairyPotion"},{"floor":11,"key":"StancePotion"},{"floor":16,"key":"Ancient Potion"}],"is_trial":false,"path_per_floor":["M","M","?","M","T","R","M","$","T","?","M","R","E","M","R","B",null,"M","M","?","M","M","R","M","$","T","M","M","M","?","M","R","B",null,"M","M","$","M","T","R","M","?","T","M","?","$","?","M","R","B",null],"character_chosen":"WATCHER","items_purchased":["TalkToTheHand","Medical Kit","Panacea","Adaptation+1"],"campfire_rested":0,"item_purchase_floors":[8,37,37,46],"current_hp_per_floor":[72,72,65,65,65,65,14,14,14,82,82,82,67,67,67,30,82,82,82,82,77,77,77,77,77,77,77,77,77,77,75,75,18,82,82,69,69,69,79,79,79,79,79,64,64,64,68,74,74,27],"gold":179,"neow_bonus":"THREE_ENEMY_KILL","is_daily":false,"chose_seed":false,"campfire_upgraded":7,"win_rate":0.0,"timestamp":1609258106,"path_taken":["M","M","?","M","?","R","M","?","T","?","M","R","E","M","R","BOSS","M","M","?","M","M","R","M","$","T","M","?","M","?","M","R","BOSS","M","M","$","M","?","R","M","?","T","M","?","$","?","?","R","BOSS"],"items_purchased_type":["Card","Relic","Card","Card"],"build_version":"2020-12-22","purchased_purges":3,"victory":true,"max_hp_per_floor":[72,72,72,72,72,72,72,72,72,82,82,82,82,82,82,82,82,82,82,82,82,82,82,82,82,82,82,82,82,82,82,82,82,82,82,82,82,82,92,92,92,92,92,92,92,92,92,92,92,92],"relic_stats":{"Sozu":9,"counters":[27,111],"Bird Faced Urn":[18],"Dead Branch":[19],"Pen Nib":[19],"Orichalcum":[6],"Boot":[33],"Medical Kit":[0],"obtain_stats":[{"Pear":39,"NeowsBlessing":0,"Dead Branch":47,"Thread and Needle":9,"Pen Nib":26,"Frozen Egg 2":5,"Orichalcum":43,"Boot":13,"Medical Kit":37,"Sozu":17,"Bird Faced Urn":42,"Philosopher\u0027s Stone":34,"PureWater":0},{"Pear":21,"NeowsBlessing":0,"Dead Branch":25,"Thread and Needle":4,"Pen Nib":13,"Frozen Egg 2":3,"Orichalcum":23,"Boot":6,"Medical Kit":20,"Sozu":8,"Bird Faced Urn":23,"Philosopher\u0027s Stone":18,"PureWater":0},{"Pear":87,"NeowsBlessing":0,"Dead Branch":99,"Thread and Needle":7,"Pen Nib":48,"Frozen Egg 2":3,"Orichalcum":93,"Boot":19,"Medical Kit":84,"Sozu":28,"Bird Faced Urn":93,"Philosopher\u0027s Stone":78,"PureWater":0}]},"card_choices":[{"not_picked":["EmptyBody","Halt","BowlingBash"],"picked":"SKIP","floor":1},{"not_picked":["FlyingSleeves","CutThroughFate"],"picked":"Omniscience","floor":2},{"not_picked":["PathToVictory","Protect","Study"],"picked":"SKIP","floor":4},{"not_picked":["EmptyFist","Protect"],"picked":"WheelKick","floor":7},{"not_picked":["Vengeance","Worship"],"picked":"TalkToTheHand","floor":11},{"not_picked":["Perseverance","CarveReality"],"picked":"CrushJoints","floor":13},{"not_picked":["Consecrate","WreathOfFlame","Indignation"],"picked":"SKIP","floor":14},{"not_picked":["Omniscience","MasterReality+1"],"picked":"Vault","floor":16},{"not_picked":["JustLucky","EmptyMind"],"picked":"FlurryOfBlows","floor":18},{"not_picked":["ReachHeaven","Collect"],"picked":"TalkToTheHand+1","floor":19},{"not_picked":["SashWhip","Fasting2+1","BattleHymn+1"],"picked":"SKIP","floor":21},{"not_picked":["CrushJoints","WreathOfFlame"],"picked":"Judgement","floor":22},{"not_picked":["CarveReality","EmptyBody"],"picked":"InnerPeace","floor":24},{"not_picked":["EmptyFist","CrushJoints","SashWhip+1"],"picked":"SKIP","floor":27},{"not_picked":["Vengeance","ConjureBlade","WreathOfFlame+1"],"picked":"SKIP","floor":28},{"not_picked":["SashWhip","EmptyFist","Halt"],"picked":"SKIP","floor":29},{"not_picked":["WheelKick+1","Collect"],"picked":"Adaptation+1","floor":31},{"not_picked":["Judgement","DevaForm+1"],"picked":"Scrawl","floor":33},{"not_picked":["FlyingSleeves+1","PathToVictory","EmptyFist+1"],"picked":"SKIP","floor":35},{"not_picked":["Worship","PathToVictory","Conclude+1"],"picked":"SKIP","floor":36},{"not_picked":["Collect","CrushJoints","PathToVictory"],"picked":"SKIP","floor":38},{"not_picked":["Evaluate+1","Consecrate","CutThroughFate"],"picked":"SKIP","floor":41},{"not_picked":["BattleHymn+1","MasterReality+1","Consecrate+1"],"picked":"SKIP","floor":44},{"not_picked":["Protect","SandsOfTime"],"picked":"Crescendo","floor":48}],"player_experience":263080,"relics_obtained":[{"floor":5,"key":"Frozen Egg 2"},{"floor":9,"key":"Thread and Needle"},{"floor":13,"key":"Boot"},{"floor":26,"key":"Pen Nib"},{"floor":39,"key":"Pear"},{"floor":42,"key":"Bird Faced Urn"},{"floor":43,"key":"Orichalcum"},{"floor":47,"key":"Dead Branch"}],"event_choices":[{"cards_removed":["Strike_P"],"damage_healed":0,"gold_gain":0,"player_choice":"Card Removal","damage_taken":7,"max_hp_gain":0,"max_hp_loss":0,"event_name":"Golden Wing","floor":3,"gold_loss":0},{"cards_removed":["Omniscience"],"damage_healed":58,"gold_gain":0,"player_choice":"Offered Rare","damage_taken":0,"max_hp_gain":10,"max_hp_loss":0,"event_name":"Bonfire Elementals","floor":10,"gold_loss":0},{"damage_healed":0,"gold_gain":100,"player_choice":"Pray","damage_taken":0,"max_hp_gain":0,"max_hp_loss":0,"event_name":"Golden Shrine","floor":20,"gold_loss":0},{"damage_healed":0,"gold_gain":0,"cards_transformed":["Defend_P"],"player_choice":"Transformed","damage_taken":0,"max_hp_gain":0,"max_hp_loss":0,"event_name":"Transmorgrifier","floor":30,"gold_loss":0,"cards_obtained":["SashWhip"]},{"damage_healed":0,"gold_gain":0,"player_choice":"Fight","damage_taken":0,"max_hp_gain":0,"max_hp_loss":0,"event_name":"Mysterious Sphere","floor":42,"gold_loss":0},{"cards_removed":["SashWhip"],"damage_healed":0,"gold_gain":0,"player_choice":"Removed Attack","damage_taken":0,"max_hp_gain":0,"max_hp_loss":0,"event_name":"Falling","floor":45,"gold_loss":0},{"damage_healed":0,"gold_gain":0,"player_choice":"Fight","damage_taken":0,"max_hp_gain":0,"max_hp_loss":0,"event_name":"MindBloom","floor":47,"gold_loss":0}],"is_beta":false,"boss_relics":[{"not_picked":["Velvet Choker","Ectoplasm"],"picked":"Sozu"},{"not_picked":["SlaversCollar","Runic Dome"],"picked":"Philosopher\u0027s Stone"}],"items_purged_floors":[8,25,37],"is_endless":false,"potions_floor_spawned":[7,11,16,18,19,22,29,31,41,42,47,48],"ascension_level":0}}