{"host":"d73an99q9oevilk5","time":1609204704,"event":{"mods":["2.2 Compatiblity","AchievementEnabler","Act Like it!","Aspiration","BaseMod","Beaked The Cultist","Better Third Choice","BetterRewards","Colored Map","Colored Powertips","Conspire","GifTheSpireLib","Halation","Hubris","Infinite Spire","Mimic Mod","Minty Spire (QoL Compilation)","Quick Restart","Relic Sorter","Replay The Spire","Shop Mod","Spikes Relics","StSLib","Stuff the Spire","The Cursed","The Necromancer","The Saiyan","The Senshi","Waifu the Spire","egg","slay the spire mod where everything is the same but ironclad has a cowboy hat","vexMod"],"gold_per_floor":[117,117,46,58,69,69,100,100,100,118,37,37,63,81,81,179,179,198,198,198,217,217,243,243,243,282,282,136,149,64,82,82,187,187,202,202,219,236,253,253,279,144,181,181,181,199,214,233,233,233],"floor_reached":51,"playtime":1990,"items_purged":["RefreshScreen"],"score":1007,"play_id":"ee6347a7-9eb8-4b4e-bdb7-311221ce2b2d","local_time":"20201228181824","is_ascension_mode":false,"campfire_choices":[{"data":"hubris:EnhanceAbility","floor":6,"key":"SMITH"},{"data":"Crystallizer","floor":8,"key":"SMITH"},{"data":"ReplayTheSpireMod:Calculation Training","floor":15,"key":"SMITH"},{"data":"Capacitor","floor":24,"key":"SMITH"},{"data":"Self Repair","floor":27,"key":"SMITH"},{"data":"Consume","floor":32,"key":"SMITH"},{"data":"Chaos","floor":40,"key":"SMITH"},{"data":"BasicCrystalCard","floor":44,"key":"SMITH"},{"data":"Seek","floor":49,"key":"SMITH"}],"circlet_count":0,"master_deck":["Strike_B","Strike_B","Strike_B","Strike_B","Defend_B","Defend_B","Defend_B","Defend_B","Zap","Dualcast+1","Redo","hubris:EnhanceAbility+1","Jack Of All Trades","Self Repair+1","Chaos+1","Cold Snap","ReplayTheSpireMod:Calculation Training+1","Crystallizer+1","Chill+1","Capacitor+1","Consume+1","Electrodynamics+1","Ball Lightning","Ball Lightning+1","Blur","FIFO Queue+1","Loop+1","Leap","Seek+1","CurseOfTheBell","Conserve Battery+1","StuffTheSpire:CelestialWarden+1","StuffTheSpire:Synthwave+1","Go for the Eyes","BasicCrystalCard+1","Defragment+1","Defragment+1","conspire:SharedLibrary+1","Echo Form+1","Parasite","Glacier+1"],"relics":["Cracked Core","Oddly Smooth Stone","StuffTheSpire:MayFlowers","Replay:Wax Seal","halation:AfternoonTea","Thread and Needle","Frozen Egg 2","Velvet Choker","halation:EternalFortune","hubris:BallOfYels","BicycleWheel","MerchantsRug","infinitespire:Lucky Rock","Calling Bell","RollingBoulder","Replay:Accelerometer","Mango","War Paint","Blood Vial"],"acts_visited":["Exordium","TheCity","TheBeyond"],"potions_floor_usage":[33,50,50],"damage_taken":[{"damage":0,"enemies":"2 Louse","floor":1,"turns":3},{"damage":6,"enemies":"Cultist","floor":4,"turns":3},{"damage":7,"enemies":"Small Slimes","floor":5,"turns":3},{"damage":4,"enemies":"Lagavulin","floor":7,"turns":6},{"damage":5,"enemies":"3 Louse","floor":10,"turns":3},{"damage":21,"enemies":"Gremlin Nob","floor":13,"turns":5},{"damage":3,"enemies":"conspire:2 RoseBushes","floor":14,"turns":6},{"damage":46,"enemies":"Slime Boss","floor":16,"turns":9},{"damage":0,"enemies":"2 Thieves","floor":18,"turns":4},{"damage":2,"enemies":"Chosen","floor":21,"turns":4},{"damage":17,"enemies":"Book of Stabbing","floor":23,"turns":6},{"damage":7,"enemies":"Snecko","floor":26,"turns":7},{"damage":10,"enemies":"Snecko","floor":29,"turns":5},{"damage":0,"enemies":"conspire:HollyBat","floor":31,"turns":7},{"damage":6,"enemies":"Automaton","floor":33,"turns":7},{"damage":19,"enemies":"3 Darklings","floor":35,"turns":4},{"damage":0,"enemies":"Orb Walker","floor":37,"turns":4},{"damage":0,"enemies":"Maw","floor":38,"turns":6},{"damage":0,"enemies":"3 Darklings","floor":39,"turns":5},{"damage":2,"enemies":"Nemesis","floor":41,"turns":5},{"damage":0,"enemies":"4 Shapes","floor":43,"turns":5},{"damage":31,"enemies":"4 Shapes","floor":46,"turns":4},{"damage":6,"enemies":"Maw","floor":47,"turns":6},{"damage":0,"enemies":"Writhing Mass","floor":48,"turns":5},{"damage":49,"enemies":"Awakened One","floor":50,"turns":10}],"seed_played":"-5664434880857525171","potions_obtained":[{"floor":5,"key":"PowerPotion"},{"floor":13,"key":"PotionOfCapacity"},{"floor":14,"key":"FocusPotion"},{"floor":21,"key":"LifebloodPotion"},{"floor":23,"key":"SmokeBomb"},{"floor":37,"key":"PowerPotion"}],"is_trial":false,"path_per_floor":["M","?","$","M","M","R","E","R","T","M","$","?","E","M","R","B",null,"M","?","?","M","?","E","R","AVR","MIM","R","$","M","?","M","R","B",null,"M","?","M","M","M","R","E","$","MIM","R","?","M","M","M","R","B",null],"character_chosen":"DEFECT","items_purchased":["Oddly Smooth Stone","Redo","ReplayTheSpireMod:ShopPack","Self Repair","Chaos","Capacitor","Loop+1","MerchantsRug","Defragment+1"],"campfire_rested":0,"item_purchase_floors":[0,0,0,0,3,11,28,28,42],"current_hp_per_floor":[50,85,85,85,85,85,85,85,85,85,85,85,71,78,78,45,85,85,88,88,88,88,81,81,81,86,86,86,86,86,88,88,91,105,96,96,99,108,108,108,108,108,108,108,108,87,96,108,108,65],"gold":233,"neow_bonus":"","is_daily":false,"chose_seed":false,"campfire_upgraded":9,"win_rate":0.0,"timestamp":1609204704,"path_taken":["M","?","?","M","?","R","E","R","T","M","$","?","E","M","R","BOSS","M","?","?","?","?","E","R","AVR","MIM","R","$","?","?","M","R","BOSS","M","?","?","M","?","R","E","$","MIM","R","?","?","M","M","R","BOSS"],"items_purchased_type":["Relic","Card","Relic","Card","Card","Card","Card","Relic","Card"],"build_version":"2020-12-22","purchased_purges":1,"victory":true,"max_hp_per_floor":[75,85,85,85,85,85,85,85,85,85,85,85,85,85,85,85,85,85,88,88,88,88,88,88,88,88,88,88,88,88,88,88,91,105,105,105,108,108,108,108,108,108,108,108,108,108,108,108,108,108],"card_choices":[{"not_picked":["Crow Ritual","vexMod:StairwayStrike"],"picked":"Thinking Ahead","floor":0},{"not_picked":["Panache","Enlightenment"],"picked":"hubris:EnhanceAbility","floor":0},{"not_picked":["Madness","PanicButton"],"picked":"Jack Of All Trades","floor":0},{"not_picked":["Beam Cell","ReplayTheSpireMod:System Scan"],"picked":"RefreshScreen","floor":1},{"not_picked":["Leap","Streamline"],"picked":"Cold Snap","floor":4},{"not_picked":["Redo","Turbo"],"picked":"ReplayTheSpireMod:Calculation Training","floor":5},{"not_picked":["hubris:SpecializedCircuitry","Stack"],"picked":"Crystallizer","floor":7},{"not_picked":["StuffTheSpire:Plugnplay","DiskWipe"],"picked":"Chill","floor":10},{"not_picked":["Seek","Leap"],"picked":"Consume","floor":13},{"not_picked":["Steam","Panic Button","Compile Driver"],"picked":"SKIP","floor":14},{"not_picked":["Machine Learning+1","ReplayTheSpireMod:Fabricate Wheel"],"picked":"Electrodynamics+1","floor":16},{"not_picked":["Stack+1","Beam Cell"],"picked":"Ball Lightning","floor":18},{"not_picked":["Stack+1","BootSequence"],"picked":"Ball Lightning+1","floor":21},{"not_picked":["Multi-Cast","Coolheaded","ReplayTheSpireMod:Repulse"],"picked":"SKIP","floor":23},{"not_picked":["StuffTheSpire:GlassShard+1","Leap"],"picked":"FIFO Queue+1","floor":26},{"not_picked":["Reinforced Body","Go for the Eyes","FTL"],"picked":"SKIP","floor":29},{"not_picked":["Sweeping Beam","Gash"],"picked":"Leap","floor":31},{"not_picked":["StuffTheSpire:ForEach","Multi-Cast"],"picked":"Seek","floor":33},{"not_picked":["Stack+1","Cold Snap+1"],"picked":"Conserve Battery+1","floor":35},{"not_picked":["Go for the Eyes","Sweeping Beam+1"],"picked":"StuffTheSpire:Synthwave+1","floor":37},{"not_picked":["ReplayTheSpireMod:Repulse","Barrage"],"picked":"Go for the Eyes","floor":38},{"not_picked":["Streamline","Stack"],"picked":"BasicCrystalCard","floor":39},{"not_picked":["StuffTheSpire:Plugnplay+1","Compile Driver+1","Panic Button"],"picked":"SKIP","floor":41},{"not_picked":["StuffTheSpire:NuclearReactor+1","StuffTheSpire:Coldhearted"],"picked":"conspire:SharedLibrary+1","floor":43},{"not_picked":["Conserve Battery","StuffTheSpire:Plugnplay+1","Stack+1"],"picked":"SKIP","floor":46},{"not_picked":["Doom and Gloom+1","Streamline"],"picked":"Echo Form+1","floor":47},{"not_picked":["StuffTheSpire:LoadUp+1","Steam Power"],"picked":"Glacier+1","floor":48}],"player_experience":1756431,"relics_obtained":[{"floor":7,"key":"halation:AfternoonTea"},{"floor":9,"key":"Thread and Needle"},{"floor":13,"key":"infinitespire:PuzzleCube"},{"floor":23,"key":"hubris:BallOfYels"},{"floor":26,"key":"BicycleWheel"},{"floor":33,"key":"halation:EternalFortune"},{"floor":34,"key":"RollingBoulder"},{"floor":34,"key":"Replay:Accelerometer"},{"floor":34,"key":"Mango"},{"floor":37,"key":"halation:EternalFortune"},{"floor":41,"key":"War Paint"},{"floor":43,"key":"Blood Vial"}],"event_choices":[{"cards_removed":["Thinking Ahead"],"damage_healed":25,"gold_gain":0,"player_choice":"Offered Rare","damage_taken":0,"max_hp_gain":10,"max_hp_loss":0,"event_name":"Bonfire Elementals","floor":2,"gold_loss":0},{"damage_healed":0,"gold_gain":0,"player_choice":"Ignored","damage_taken":0,"max_hp_gain":0,"max_hp_loss":0,"event_name":"N\u0027loth","floor":20,"gold_loss":0},{"damage_healed":0,"gold_gain":0,"player_choice":"Read","damage_taken":0,"max_hp_gain":0,"max_hp_loss":0,"event_name":"The Library","floor":22,"gold_loss":0,"cards_obtained":["Blur"]},{"damage_healed":0,"gold_gain":0,"player_choice":"Obtained Relic","damage_taken":0,"relics_obtained":["infinitespire:Lucky Rock"],"max_hp_gain":0,"max_hp_loss":0,"event_name":"Addict","floor":30,"gold_loss":85},{"damage_healed":0,"gold_gain":0,"player_choice":"Random: Yellow","damage_taken":0,"max_hp_gain":0,"max_hp_loss":0,"event_name":"betterThird:BetterPortal","floor":36,"gold_loss":0},{"cards_removed":["Injury"],"damage_healed":0,"gold_gain":0,"player_choice":"Took Card","damage_taken":0,"max_hp_gain":0,"max_hp_loss":0,"event_name":"NoteForYourself","floor":36,"gold_loss":0,"cards_obtained":["StuffTheSpire:CelestialWarden"]},{"damage_healed":0,"gold_gain":0,"player_choice":"Ignored","damage_taken":0,"max_hp_gain":0,"max_hp_loss":0,"event_name":"Transmorgrifier","floor":45,"gold_loss":0}],"is_beta":false,"boss_relics":[{"not_picked":["vexMod:RockOfEvil","Painkiller Herb"],"picked":"Velvet Choker"},{"not_picked":["hubris:TerracottaHorce","Philosopher\u0027s Stone"],"picked":"Calling Bell"}],"items_purged_floors":[42],"is_endless":false,"potions_floor_spawned":[5,13,14,18,21,23,37,46,47,48],"ascension_level":0}}