{"host":"2xqcnyceei4ojw3j","time":1609272852,"event":{"mods":["2.2 Compatiblity","AchievementEnabler","AlwaysNeverKeys","BaseMod","Better Note","BetterRewards","Custom Start","Energized Spire","Hubris","Jedi Mod","Minty Spire (QoL Compilation)","Quick Restart","Rare Cards Sparkle","Spicy Shops","StSLib","The Alterego"],"gold_per_floor":[114,76,76,92,102,102,122,19,19,19,19,19,51,51,51,51],"floor_reached":16,"playtime":802,"items_purged":[],"score":98,"play_id":"e33f12ce-aea6-4fec-9b3b-806ca9dcde7b","local_time":"20201229181412","is_ascension_mode":false,"campfire_choices":[{"floor":6,"key":"REST"},{"data":"alterego_mod:BigMeatyClaws","floor":10,"key":"SMITH"},{"floor":12,"key":"REST"},{"floor":15,"key":"REST"}],"circlet_count":0,"master_deck":["alterego_mod:Strike","alterego_mod:Strike","alterego_mod:Strike","alterego_mod:Strike","alterego_mod:Defend","alterego_mod:Defend","alterego_mod:Defend","alterego_mod:Defend","alterego_mod:Impale","alterego_mod:BigMeatyClaws+1","alterego_mod:BrynhildrsRune","alterego_mod:TrashNCrash","alterego_mod:Pet","alterego_mod:SuperDuperMasochism","alterego_mod:GoddessCore","alterego_mod:Bounce","alterego_mod:Smother","alterego_mod:BiFurious","alterego_mod:BoobPocket"],"relics":["alterego_mod:MasochisticConstitution","Membership Card","Question Card","Tiny Chest","White Beast Statue","hubris:BottledRain","hubris:TenFootPole","hubris:Teleporter","Pocketwatch","Gremlin Horn"],"acts_visited":["Exordium"],"potions_floor_usage":[4,7,7,13,16],"damage_taken":[{"damage":4,"enemies":"Small Slimes","floor":1,"turns":4},{"damage":21,"enemies":"Jaw Worm","floor":4,"turns":4},{"damage":21,"enemies":"Cultist","floor":5,"turns":6},{"damage":4,"enemies":"2 Fungi Beasts","floor":7,"turns":3},{"damage":49,"enemies":"Lagavulin","floor":13,"turns":8},{"damage":43,"enemies":"The Guardian","floor":16,"turns":5}],"seed_played":"7677718494110458153","potions_obtained":[{"floor":1,"key":"FearPotion"},{"floor":4,"key":"Explosive Potion"},{"floor":5,"key":"jedi:StrikingPotion"},{"floor":7,"key":"Strength Potion"},{"floor":13,"key":"Ancient Potion"}],"is_trial":false,"path_per_floor":["M","?","T","M","M","R","M","$","T","R","T","R","E","R","B"],"character_chosen":"The_Alterego","items_purchased":["Membership Card","alterego_mod:TrashNCrash","alterego_mod:Pet","Question Card","Tiny Chest","White Beast Statue","alterego_mod:BiFurious","hubris:TenFootPole"],"campfire_rested":3,"item_purchase_floors":[0,0,0,0,0,0,8,8],"current_hp_per_floor":[67,67,67,47,27,48,45,45,45,45,45,67,19,41,0,0],"gold":51,"neow_bonus":"","is_daily":false,"chose_seed":false,"campfire_upgraded":1,"win_rate":0.0,"timestamp":1609272852,"path_taken":["M","?","?","M","M","R","?","$","T","R","?","R","E","R","BOSS"],"items_purchased_type":["Relic","Card","Card","Relic","Relic","Relic","Card","Relic"],"build_version":"2020-12-22","purchased_purges":0,"victory":false,"max_hp_per_floor":[71,71,71,72,73,73,74,74,74,74,74,74,75,75,75,75],"card_choices":[{"not_picked":["alterego_mod:Belle","alterego_mod:GoddessCore","alterego_mod:DiscoLights"],"picked":"alterego_mod:SuperDuperMasochism","floor":1},{"not_picked":["alterego_mod:IndependentAction","alterego_mod:SakuraFive","alterego_mod:PresenceConcealment"],"picked":"alterego_mod:GoddessCore","floor":4},{"not_picked":["alterego_mod:HighServant","alterego_mod:Rip","alterego_mod:DustData"],"picked":"alterego_mod:Bounce","floor":5},{"not_picked":["alterego_mod:HighServant","alterego_mod:Punishment","alterego_mod:BoobPocket"],"picked":"alterego_mod:Smother","floor":7},{"not_picked":["alterego_mod:Cooking","alterego_mod:Skirt","alterego_mod:HighServant"],"picked":"alterego_mod:BoobPocket","floor":13}],"player_experience":95464,"relics_obtained":[{"floor":3,"key":"hubris:BottledRain"},{"floor":9,"key":"hubris:Teleporter"},{"floor":11,"key":"Pocketwatch"},{"floor":13,"key":"Gremlin Horn"}],"event_choices":[{"damage_healed":0,"gold_gain":0,"player_choice":"Left Gold","damage_taken":0,"max_hp_gain":0,"max_hp_loss":0,"event_name":"World of Goop","floor":2,"gold_loss":38}],"is_beta":false,"boss_relics":[],"items_purged_floors":[],"is_endless":false,"potions_floor_spawned":[1,4,5,7,13],"killed_by":"The Guardian","ascension_level":0}}