{"host":"Krakhan","time":1609239944,"event":{"mods":["AchievementEnabler","BaseMod","Colored Map","Colored Powertips","Faster Ascension Climbing","Highlight Path","Minty Spire (QoL Compilation)","Rare Cards Sparkle","Relic Stats","StSLib"],"gold_per_floor":[112,123,134,150,150,177,177,198,272,272,272,300,300,314,314,391,391,411,172,87,106,122,156,156,156,156],"floor_reached":25,"playtime":1086,"items_purged":["Strike_B"],"score":662,"play_id":"03d7483f-5ff1-495c-a744-2dd32ea5fd76","local_time":"20201229060544","is_ascension_mode":true,"campfire_choices":[{"floor":7.0,"key":"REST"},{"floor":11.0,"key":"REST"},{"floor":13.0,"key":"REST"},{"data":"Biased Cognition","floor":15.0,"key":"SMITH"},{"floor":24,"key":"REST"}],"circlet_count":0,"master_deck":["AscendersBane","Strike_B","Strike_B","Strike_B","Defend_B","Defend_B","Defend_B","Defend_B","Zap","Dualcast","Conserve Battery","Sweeping Beam","Ball Lightning","Ball Lightning","Biased Cognition","Leap","Biased Cognition+1","Cold Snap","Electrodynamics","Hologram+1","White Noise","Hologram+1","Rainbow"],"relics":["Cracked Core","Bag of Preparation","Du-Vu Doll","Odd Mushroom","StrikeDummy","Vajra","Black Star","Sling","DataDisk","Girya","Tiny Chest"],"acts_visited":["TheCity"],"potions_floor_usage":[23,23],"damage_taken":[{"damage":8.0,"enemies":"Small Slimes","floor":1.0,"turns":4.0},{"damage":5.0,"enemies":"2 Louse","floor":2.0,"turns":3.0},{"damage":2.0,"enemies":"Jaw Worm","floor":3.0,"turns":4.0},{"damage":29.0,"enemies":"Exordium Wildlife","floor":4.0,"turns":6.0},{"damage":10.0,"enemies":"Lagavulin","floor":6.0,"turns":5.0},{"damage":20.0,"enemies":"The Mushroom Lair","floor":8.0,"turns":3.0},{"damage":18.0,"enemies":"3 Sentries","floor":12.0,"turns":6.0},{"damage":2.0,"enemies":"Large Slime","floor":14.0,"turns":3.0},{"damage":16.0,"enemies":"Slime Boss","floor":16.0,"turns":7.0},{"damage":0.0,"enemies":"Chosen","floor":18.0,"turns":3.0},{"damage":11.0,"enemies":"2 Thieves","floor":21.0,"turns":3.0},{"damage":12,"enemies":"3 Cultists","floor":22,"turns":3},{"damage":48,"enemies":"Book of Stabbing","floor":23,"turns":6},{"damage":28,"enemies":"Slavers","floor":25,"turns":2}],"seed_played":"-906599737450091266","potions_obtained":[{"floor":3.0,"key":"Weak Potion"},{"floor":4.0,"key":"EntropicBrew"},{"floor":12.0,"key":"Block Potion"},{"floor":16.0,"key":"Regen Potion"}],"is_trial":false,"path_per_floor":["M","M","M","M","?","E","R","?","T","?","R","E","R","M","R","B",null,"M","$","?","M","M","E","R","E"],"character_chosen":"DEFECT","items_purchased":["Sling"],"campfire_rested":4,"item_purchase_floors":[19],"current_hp_per_floor":[56,51,49,20,20,10,31,11,11,11,32,14,35,33,33,17,58,58,58,58,47,35,1,22,0,0],"gold":156,"neow_bonus":"RANDOM_COMMON_RELIC","is_daily":false,"chose_seed":false,"campfire_upgraded":1,"win_rate":0.0,"timestamp":1609239944,"path_taken":["M","M","M","M","?","E","R","?","T","?","R","E","R","M","R","BOSS","M","$","?","M","M","E","R","E"],"items_purchased_type":["Relic"],"build_version":"2020-12-18","purchased_purges":1,"victory":false,"max_hp_per_floor":[71,71,71,71,71,71,71,71,71,71,71,71,71,71,71,71,71,71,71,71,71,71,71,71,71,71],"relic_stats":{"counters":[14,58],"Tiny Chest":0,"Bag of Preparation":[28],"Black Star":1,"obtain_stats":[{"Du-Vu Doll":6,"Girya":23,"DataDisk":20,"Vajra":12,"Tiny Chest":23,"Bag of Preparation":0,"Black Star":17,"Odd Mushroom":8,"Cracked Core":0,"StrikeDummy":9,"Sling":19},{"Du-Vu Doll":5,"Girya":13,"DataDisk":10,"Vajra":7,"Tiny Chest":13,"Bag of Preparation":0,"Black Star":9,"Odd Mushroom":6,"Cracked Core":0,"StrikeDummy":6,"Sling":10},{"Du-Vu Doll":22,"Girya":56,"DataDisk":44,"Vajra":31,"Tiny Chest":56,"Bag of Preparation":0,"Black Star":41,"Odd Mushroom":25,"Cracked Core":0,"StrikeDummy":25,"Sling":44}]},"card_choices":[{"not_picked":["Chaos","Storm"],"picked":"Conserve Battery","floor":1.0},{"not_picked":["Steam Power","Conserve Battery"],"picked":"Sweeping Beam","floor":2.0},{"not_picked":["Blizzard","Barrage"],"picked":"Ball Lightning","floor":3.0},{"not_picked":["Tempest","Redo"],"picked":"Ball Lightning","floor":4.0},{"not_picked":["Stack","Beam Cell"],"picked":"Biased Cognition","floor":6.0},{"not_picked":["Chaos","Loop"],"picked":"Leap","floor":8.0},{"not_picked":["Hologram","Go for the Eyes"],"picked":"Biased Cognition","floor":12.0},{"not_picked":["Ball Lightning","Turbo"],"picked":"Cold Snap","floor":14.0},{"not_picked":["Hyperbeam","Core Surge"],"picked":"Electrodynamics","floor":16.0},{"not_picked":["Rebound","Cold Snap+1"],"picked":"Hologram+1","floor":18.0},{"not_picked":["Ball Lightning","Leap+1"],"picked":"White Noise","floor":21.0},{"not_picked":["Sweeping Beam+1","Barrage"],"picked":"Hologram+1","floor":22},{"not_picked":["Go for the Eyes","Hello World"],"picked":"Rainbow","floor":23}],"player_experience":1247968,"relics_obtained":[{"floor":6.0,"key":"Du-Vu Doll"},{"floor":8.0,"key":"Odd Mushroom"},{"floor":9.0,"key":"StrikeDummy"},{"floor":12.0,"key":"Vajra"},{"floor":23,"key":"Girya"},{"floor":23,"key":"Tiny Chest"}],"event_choices":[{"damage_healed":0.0,"max_hp_gain":0.0,"max_hp_loss":0.0,"gold_gain":0.0,"event_name":"Shining Light","player_choice":"Ignored","floor":5.0,"gold_loss":0.0,"damage_taken":0.0},{"damage_healed":0.0,"max_hp_gain":0.0,"max_hp_loss":0.0,"gold_gain":0.0,"event_name":"Mushrooms","player_choice":"Fought Mushrooms","floor":8.0,"gold_loss":0.0,"damage_taken":0.0},{"damage_healed":0.0,"max_hp_gain":0.0,"max_hp_loss":0.0,"gold_gain":0.0,"event_name":"Liars Game","player_choice":"Ignored","floor":10.0,"gold_loss":0.0,"damage_taken":0.0},{"damage_healed":0.0,"max_hp_gain":0.0,"max_hp_loss":0.0,"gold_gain":0.0,"event_name":"Addict","player_choice":"Obtained Relic","floor":20.0,"gold_loss":85.0,"damage_taken":0.0,"relics_obtained":["DataDisk"]}],"is_beta":true,"boss_relics":[{"not_picked":["Astrolabe","Nuclear Battery"],"picked":"Black Star"}],"items_purged_floors":[19],"is_endless":false,"potions_floor_spawned":[3,4,12,16,18,21],"killed_by":"Slavers","ascension_level":20}}