{"host":"opgesw7sb5n0ordz","time":1609225429,"event":{"mods":["BaseMod","Better Note","Colored Powertips","Downfall","Minty Spire (QoL Compilation)","Relic Stats","StSLib","Unceasing Turn Reminder"],"gold_per_floor":[99,11,27,27,42,42,67,94,111,143,162,176,190,210,225,225,225,225],"floor_reached":16,"playtime":855,"items_purged":[],"score":116,"play_id":"208a4015-ad82-4490-8502-603a6b889f24","local_time":"20201229020349","is_ascension_mode":false,"campfire_choices":[{"floor":1,"key":"RECALL"},{"data":"champ:GladiatorStyle","floor":6,"key":"SMITH"}],"circlet_count":0,"master_deck":["champ:Strike","champ:Strike","champ:Strike","champ:Strike","champ:Defend","champ:Defend","champ:Defend","champ:Defend","champ:Execute","champ:Taunt","Writhe","champ:EnragedBash","champ:GladiatorStyle+1","champ:Haymaker","champ:BringItOn","champ:DefensiveStyle","champ:BerserkersShout","champ:Control","champ:AdrenalArmor","champ:IronFortress","champ:FlashCut","champ:ShieldWall","champ:ViciousMockery"],"relics":["champ:ChampionCrown","Gambling Chip","Juzu Bracelet","StrikeDummy","InkBottle"],"acts_visited":["Exordium"],"potions_floor_usage":[16,16,16],"damage_taken":[{"damage":15,"enemies":"downfall:FleeingMerchant","floor":2,"turns":4},{"damage":9,"enemies":"Cultist","floor":3,"turns":4},{"damage":0,"enemies":"Small Slimes","floor":5,"turns":3},{"damage":23,"enemies":"3 Sentries","floor":8,"turns":11},{"damage":5,"enemies":"2 Louse","floor":9,"turns":3},{"damage":41,"enemies":"Lagavulin","floor":10,"turns":5},{"damage":14,"enemies":"Red Slaver","floor":11,"turns":5},{"damage":9,"enemies":"Blue Slaver","floor":12,"turns":4},{"damage":7,"enemies":"3 Louse","floor":13,"turns":3},{"damage":10,"enemies":"2 Fungi Beasts","floor":14,"turns":3},{"damage":10,"enemies":"Blue Slaver","floor":15,"turns":4},{"damage":32,"enemies":"downfall:Defect","floor":16,"turns":5}],"seed_played":"-8342468824153740515","potions_obtained":[{"floor":5,"key":"AttackPotion"},{"floor":9,"key":"champ:TechniquePotion"},{"floor":13,"key":"AttackPotion"},{"floor":14,"key":"Block Potion"}],"is_trial":false,"path_per_floor":["R","$","M","?","M","R","T","E","M","E","M","M","M","M","M","B"],"character_chosen":"THE_CHAMP","items_purchased":["champ:GladiatorStyle"],"campfire_rested":0,"item_purchase_floors":[2],"current_hp_per_floor":[90,90,90,90,90,90,90,78,78,49,39,39,38,38,30,0,0,0],"gold":225,"neow_bonus":"ONE_RARE_RELIC","is_daily":false,"chose_seed":false,"campfire_upgraded":1,"win_rate":0.0,"timestamp":1609225429,"path_taken":["R","?","M","?","M","R","T","E","M","E","M","M","M","M","M","BOSS"],"items_purchased_type":["Card"],"build_version":"2020-12-22","purchased_purges":0,"victory":false,"max_hp_per_floor":[90,90,90,90,90,90,90,90,90,90,90,90,90,90,90,90,90,90],"relic_stats":{"counters":[12,54],"Gambling Chip":[31],"Juzu Bracelet":0,"obtain_stats":[{"Gambling Chip":0,"champ:ChampionCrown":0,"Juzu Bracelet":7,"StrikeDummy":8,"InkBottle":10},{"Gambling Chip":0,"champ:ChampionCrown":0,"Juzu Bracelet":3,"StrikeDummy":4,"InkBottle":6},{"Gambling Chip":0,"champ:ChampionCrown":0,"Juzu Bracelet":11,"StrikeDummy":22,"InkBottle":30}],"InkBottle":[7]},"card_choices":[{"not_picked":["champ:BladeFlurry","champ:Backstep"],"picked":"champ:EnragedBash","floor":2},{"not_picked":["champ:AdrenalArmor","champ:BerserkersShout"],"picked":"champ:Haymaker","floor":3},{"not_picked":["champ:Backstep","champ:CrookedStrike"],"picked":"champ:BringItOn","floor":5},{"not_picked":["champ:Backstep","champ:GladiatorsShout"],"picked":"champ:DefensiveStyle","floor":8},{"not_picked":["champ:Haymaker","champ:Circumvent"],"picked":"champ:BerserkersShout","floor":9},{"not_picked":["champ:GladiatorsShout","champ:PerfectedStrike"],"picked":"champ:Control","floor":10},{"not_picked":["champ:FocusedDefense","champ:FocusedBerserking"],"picked":"champ:AdrenalArmor","floor":11},{"not_picked":["champ:EnGarde","champ:GutPunch"],"picked":"champ:IronFortress","floor":12},{"not_picked":["champ:Riposte","champ:BerserkersShout"],"picked":"champ:FlashCut","floor":13},{"not_picked":["champ:RisingSlash","champ:Haymaker"],"picked":"champ:ShieldWall","floor":14},{"not_picked":["champ:PerfectedStrike","champ:RapidStrikes"],"picked":"champ:ViciousMockery","floor":15}],"player_experience":733357,"relics_obtained":[{"floor":7,"key":"Juzu Bracelet"},{"floor":8,"key":"StrikeDummy"},{"floor":10,"key":"InkBottle"}],"event_choices":[],"is_beta":false,"boss_relics":[],"items_purged_floors":[],"is_endless":false,"potions_floor_spawned":[5,9,13,14],"killed_by":"downfall:Defect","ascension_level":0}}