{"host":"0cgp910o8339lr91","time":1609202340,"event":{"mods":["BaseMod","Colored Map","Filter the Spire","Minty Spire (QoL Compilation)","Relic Stats","Slay-I","ojb\u0027s Better Paths Mod","ojb\u0027s Info Mod"],"gold_per_floor":[118,136,150,150,164,190,207,207,231,246,278,297,95,130,130,231,231,245,245,258,36,136,136,165,175,246,246,12,26,51,71,71,173,173,190,208,224,274,200,227,227,259,259,259,272,285,301,353,353,353,353,353,36,67,67],"floor_reached":56,"playtime":9602,"items_purged":["FollowUp","Collect+1"],"score":2032,"play_id":"403fe9b0-ce37-4172-ba8b-9d9fd4ab86de","local_time":"20201229013900","is_ascension_mode":true,"campfire_choices":[{"data":"Eruption","floor":15,"key":"SMITH"},{"data":"Worship","floor":23,"key":"SMITH"},{"data":"Establishment","floor":27,"key":"SMITH"},{"data":"WindmillStrike","floor":32,"key":"SMITH"},{"data":"BattleHymn","floor":41,"key":"SMITH"},{"floor":44,"key":"RECALL"},{"data":"Devotion","floor":49,"key":"SMITH"},{"data":"Wallop","floor":52,"key":"SMITH"}],"circlet_count":0,"master_deck":["AscendersBane","Eruption+1","Vigilance+1","Establishment+1","Scrawl+1","Crescendo+1","Sanctity+1","Worship+1","Prostrate+1","BattleHymn+1","FlurryOfBlows+1","Brilliance+1","DeceiveReality+1","Adaptation+1","WindmillStrike+1","LessonLearned+1","Protect+1","Panache+1","Protect+1","Wallop+1","Devotion+1","Tantrum+1"],"relics":["Pandora\u0027s Box","Anchor","Akabeko","Smiling Mask","Dream Catcher","Bag of Preparation","TeardropLocket","Black Star","Lantern","Oddly Smooth Stone","Pen Nib","Gremlin Horn","Membership Card","Strawberry","Potion Belt","Coffee Dripper","Incense Burner","Bag of Marbles","Art of War","Letter Opener","Damaru","Singing Bowl","Prayer Wheel","Ornamental Fan","Nunchaku","ClockworkSouvenir","Du-Vu Doll","Yang"],"acts_visited":["Exordium","TheCity","TheBeyond","TheEnding"],"potions_floor_usage":[14,20,24,24,37,54,55,55,55,55,55],"damage_taken":[{"damage":0.0,"enemies":"2 Louse","floor":1.0,"turns":2.0},{"damage":12.0,"enemies":"Jaw Worm","floor":2.0,"turns":5.0},{"damage":0.0,"enemies":"Cultist","floor":3.0,"turns":3.0},{"damage":0.0,"enemies":"Blue Slaver","floor":5.0,"turns":3.0},{"damage":0.0,"enemies":"Lagavulin","floor":6.0,"turns":4.0},{"damage":0,"enemies":"Gremlin Gang","floor":7,"turns":3},{"damage":0,"enemies":"3 Louse","floor":10,"turns":2},{"damage":22,"enemies":"Gremlin Nob","floor":11,"turns":3},{"damage":0,"enemies":"Looter","floor":12,"turns":1},{"damage":2,"enemies":"3 Sentries","floor":14,"turns":4},{"damage":2,"enemies":"The Guardian","floor":16,"turns":5},{"damage":3,"enemies":"Spheric Guardian","floor":18,"turns":3},{"damage":7,"enemies":"2 Thieves","floor":20,"turns":3},{"damage":9,"enemies":"Slavers","floor":24,"turns":3},{"damage":0,"enemies":"Snecko","floor":25,"turns":4},{"damage":6,"enemies":"3 Cultists","floor":29,"turns":3},{"damage":29,"enemies":"Book of Stabbing","floor":30,"turns":6},{"damage":0,"enemies":"Centurion and Healer","floor":31,"turns":5},{"damage":0,"enemies":"Automaton","floor":33,"turns":7},{"damage":1,"enemies":"Orb Walker","floor":35,"turns":2},{"damage":0,"enemies":"3 Shapes","floor":36,"turns":5},{"damage":0,"enemies":"Transient","floor":37,"turns":5},{"damage":0,"enemies":"Mind Bloom Boss Battle","floor":38,"turns":3},{"damage":0,"enemies":"Reptomancer","floor":40,"turns":6},{"damage":8,"enemies":"Nemesis","floor":42,"turns":5},{"damage":0,"enemies":"4 Shapes","floor":45,"turns":2},{"damage":3,"enemies":"Sphere and 2 Shapes","floor":46,"turns":2},{"damage":0,"enemies":"Writhing Mass","floor":47,"turns":3},{"damage":24,"enemies":"2 Orb Walkers","floor":48,"turns":4},{"damage":0,"enemies":"Awakened One","floor":50,"turns":7},{"damage":2,"enemies":"Shield and Spear","floor":54,"turns":6},{"damage":68,"enemies":"The Heart","floor":55,"turns":5}],"seed_played":"4407383719714932958","potions_obtained":[{"floor":3.0,"key":"Fire Potion"},{"floor":5.0,"key":"Strength Potion"},{"floor":6.0,"key":"Swift Potion"},{"floor":11,"key":"Fruit Juice"},{"floor":14,"key":"AttackPotion"},{"floor":25,"key":"FearPotion"},{"floor":30,"key":"PowerPotion"},{"floor":33,"key":"SkillPotion"},{"floor":35,"key":"PowerPotion"},{"floor":36,"key":"Swift Potion"},{"floor":38,"key":"Block Potion"},{"floor":54,"key":"FearPotion"}],"is_trial":false,"path_per_floor":["M","M","M","?","M","E","M","T","T","M","E","M","$","E","R","B",null,"M","?","M","$","?","R","E","M","T","R","$","M","E","M","R","B",null,"M","M","M","?","$","E","R","E","T","R","M","M","M","?","R","B",null,"R","$","E","B",null],"character_chosen":"WATCHER","items_purchased":["Bag of Preparation","WindmillStrike","Lantern","Membership Card","Panache","Bag of Marbles","Ornamental Fan","Nunchaku","ClockworkSouvenir"],"campfire_rested":0,"item_purchase_floors":[13,21,21,28,28,39,53,53,53],"current_hp_per_floor":[65,53,53,46,46,46,46,46,46,46,24,24,24,27,27,25,64,61,61,54,54,54,54,45,45,45,45,45,39,17,17,17,17,67,66,66,66,66,66,66,66,60,60,60,62,59,61,37,37,37,77,77,77,75,7],"gold":67,"neow_bonus":"BOSS_RELIC","is_daily":false,"chose_seed":false,"campfire_upgraded":7,"win_rate":0.0,"timestamp":1609202340,"path_taken":["M","M","M","?","M","E","M","?","T","M","E","M","$","E","R","BOSS","M","?","M","$","?","R","E","M","T","R","$","M","E","M","R","BOSS","M","?","M","?","$","E","R","E","T","R","M","M","M","?","R","BOSS","R","$","E","BOSS"],"items_purchased_type":["Relic","Card","Relic","Relic","Card","Relic","Relic","Relic","Relic"],"build_version":"2020-12-22","purchased_purges":2,"victory":true,"max_hp_per_floor":[72,72,72,72,72,72,72,72,72,72,72,72,72,77,77,77,77,77,77,77,77,77,77,77,77,77,77,77,77,84,84,84,84,84,84,84,84,84,84,84,84,86,86,86,88,88,90,90,90,90,90,90,90,90,90],"relic_stats":{"Gremlin Horn":[22,22],"Singing Bowl":6,"counters":[32,124],"Yang":[13],"Pen Nib":[15],"Bag of Preparation":[46],"Letter Opener":[90],"Smiling Mask":25,"Dream Catcher":0,"Nunchaku":[2],"Ornamental Fan":[12],"Pandora\u0027s Box":["Establishment","Scrawl","Collect","Crescendo","Sanctity","Worship","Weave","FollowUp"],"Prayer Wheel":0,"Black Star":5,"Art of War":[7],"obtain_stats":[{"Lantern":21,"Gremlin Horn":26,"Singing Bowl":42,"Yang":54,"Bag of Preparation":13,"Incense Burner":38,"TeardropLocket":14,"Smiling Mask":9,"ClockworkSouvenir":53,"Dream Catcher":11,"Nunchaku":53,"Strawberry":30,"Prayer Wheel":48,"Potion Belt":30,"Oddly Smooth Stone":24,"Damaru":42,"Pen Nib":24,"Letter Opener":40,"Akabeko":8,"Du-Vu Doll":54,"Anchor":6,"Ornamental Fan":53,"Pandora\u0027s Box":0,"Black Star":17,"Coffee Dripper":34,"Bag of Marbles":39,"Art of War":40,"Membership Card":28,"PureWater":0},{"Lantern":13,"Gremlin Horn":15,"Singing Bowl":25,"Yang":31,"Bag of Preparation":9,"Incense Burner":23,"TeardropLocket":10,"Smiling Mask":6,"ClockworkSouvenir":30,"Dream Catcher":8,"Nunchaku":30,"Strawberry":17,"Prayer Wheel":29,"Potion Belt":17,"Oddly Smooth Stone":14,"Damaru":25,"Pen Nib":14,"Letter Opener":24,"Akabeko":6,"Du-Vu Doll":31,"Anchor":5,"Ornamental Fan":30,"Pandora\u0027s Box":0,"Black Star":11,"Coffee Dripper":19,"Bag of Marbles":23,"Art of War":24,"Membership Card":15,"PureWater":0},{"Lantern":41,"Gremlin Horn":48,"Singing Bowl":95,"Yang":119,"Bag of Preparation":26,"Incense Burner":84,"TeardropLocket":30,"Smiling Mask":20,"ClockworkSouvenir":113,"Dream Catcher":25,"Nunchaku":113,"Strawberry":57,"Prayer Wheel":106,"Potion Belt":57,"Oddly Smooth Stone":44,"Damaru":95,"Pen Nib":44,"Letter Opener":90,"Akabeko":20,"Du-Vu Doll":119,"Anchor":17,"Ornamental Fan":113,"Pandora\u0027s Box":0,"Black Star":35,"Coffee Dripper":69,"Bag of Marbles":84,"Art of War":90,"Membership Card":48,"PureWater":0}]},"card_choices":[{"not_picked":["BowlingBash","Consecrate"],"picked":"Prostrate","floor":1.0},{"not_picked":["Fasting2","Evaluate"],"picked":"BattleHymn","floor":2.0},{"not_picked":["ThirdEye","Wireheading","WreathOfFlame"],"picked":"SKIP","floor":3.0},{"not_picked":["SashWhip","JustLucky"],"picked":"FlurryOfBlows","floor":5.0},{"not_picked":["PathToVictory","Weave"],"picked":"Brilliance","floor":6.0},{"not_picked":["Evaluate","Study"],"picked":"DeceiveReality","floor":7},{"not_picked":["CarveReality","LikeWater","Pray"],"picked":"SKIP","floor":10},{"not_picked":["EmptyBody","FollowUp","SashWhip"],"picked":"SKIP","floor":11},{"not_picked":["SashWhip","CutThroughFate","Indignation"],"picked":"SKIP","floor":12},{"not_picked":["Collect","Indignation"],"picked":"Adaptation","floor":14},{"not_picked":["Protect","Halt","Weave"],"picked":"SKIP","floor":18},{"not_picked":["WaveOfTheHand+1","FlurryOfBlows","PathToVictory"],"picked":"SKIP","floor":20},{"not_picked":["ClearTheMind+1","JustLucky+1"],"picked":"LessonLearned","floor":24},{"not_picked":["BattleHymn","Fasting2+1"],"picked":"Protect+1","floor":25},{"not_picked":["WreathOfFlame","Wireheading","FlyingSleeves"],"picked":"SKIP","floor":29},{"not_picked":["Consecrate","ClearTheMind","ThirdEye"],"picked":"SKIP","floor":30},{"not_picked":["Consecrate+1","SashWhip"],"picked":"Protect+1","floor":31},{"not_picked":["FlyingSleeves+1","Evaluate","JustLucky+1"],"picked":"SKIP","floor":35},{"not_picked":["Prostrate","FlurryOfBlows","Protect"],"picked":"SKIP","floor":36},{"not_picked":["CrushJoints","SashWhip","DeusExMachina"],"picked":"SKIP","floor":37},{"not_picked":["Consecrate+1","InnerPeace","MentalFortress"],"picked":"SKIP","floor":40},{"not_picked":["Swivel+1","JustLucky","EmptyBody"],"picked":"Singing Bowl","floor":42},{"not_picked":["Protect+1","Sanctity","EmptyFist+1"],"picked":"Singing Bowl","floor":45},{"not_picked":["FollowUp","Swivel+1"],"picked":"Wallop","floor":46},{"not_picked":["PathToVictory+1","Nirvana+1","EmptyBody+1"],"picked":"Singing Bowl","floor":47},{"not_picked":["Meditate+1","FearNoEvil"],"picked":"Devotion","floor":48},{"not_picked":["ThirdEye+1","SashWhip+1"],"picked":"Tantrum+1","floor":54}],"player_experience":1098576,"relics_obtained":[{"floor":6.0,"key":"Anchor"},{"floor":8,"key":"Akabeko"},{"floor":9,"key":"Smiling Mask"},{"floor":11,"key":"Dream Catcher"},{"floor":14,"key":"TeardropLocket"},{"floor":24,"key":"Oddly Smooth Stone"},{"floor":24,"key":"Pen Nib"},{"floor":26,"key":"Gremlin Horn"},{"floor":30,"key":"Strawberry"},{"floor":30,"key":"Potion Belt"},{"floor":38,"key":"Incense Burner"},{"floor":40,"key":"Art of War"},{"floor":40,"key":"Letter Opener"},{"floor":42,"key":"Damaru"},{"floor":42,"key":"Singing Bowl"},{"floor":48,"key":"Prayer Wheel"},{"floor":54,"key":"Du-Vu Doll"},{"floor":54,"key":"Yang"}],"event_choices":[{"cards_removed":["Weave"],"damage_healed":0.0,"max_hp_gain":0.0,"max_hp_loss":0.0,"gold_gain":0.0,"event_name":"Golden Wing","player_choice":"Card Removal","floor":4.0,"gold_loss":0.0,"damage_taken":7.0},{"damage_healed":0,"gold_gain":0,"player_choice":"Ignored","damage_taken":0,"max_hp_gain":0,"max_hp_loss":0,"event_name":"Beggar","floor":19,"gold_loss":0},{"damage_healed":0,"gold_gain":100,"player_choice":"Pray","damage_taken":0,"max_hp_gain":0,"max_hp_loss":0,"event_name":"Golden Shrine","floor":22,"gold_loss":0},{"damage_healed":0,"gold_gain":0,"player_choice":"Fight","damage_taken":0,"max_hp_gain":0,"max_hp_loss":0,"event_name":"MindBloom","floor":38,"gold_loss":0},{"damage_healed":0,"gold_gain":0,"player_choice":"Fight","damage_taken":0,"max_hp_gain":0,"max_hp_loss":0,"event_name":"Mysterious Sphere","floor":48,"gold_loss":0}],"is_beta":false,"boss_relics":[{"not_picked":["Empty Cage","Fusion Hammer"],"picked":"Black Star"},{"not_picked":["VioletLotus","Calling Bell"],"picked":"Coffee Dripper"}],"items_purged_floors":[13,53],"is_endless":false,"potions_floor_spawned":[3,5,6,7,11,14,18,25,30,33,35,36,38,45,47,54],"ascension_level":10}}