{"host":"h4lp0eeso8a0ssq0","time":1609275552,"event":{"mods":["2.2 Compatiblity","AchievementEnabler","Astrologer","BaseMod","CapriCore","Colored Map","Downfall","Hermit","Lobotomy","Marisa£¨Ùöéë¡¡Øª×âÞÞ£©","Minty Spire (QoL Compilation)","StSLib","SuperFastMode","The Cursed","The Hierophant","The Immortal"],"gold_per_floor":[113,113,127,139,109,109,109,109],"floor_reached":6,"playtime":3032,"items_purged":[],"score":36,"play_id":"dab51346-baa1-4d32-876b-1b474137d1e4","local_time":"20201230055912","is_ascension_mode":false,"campfire_choices":[],"circlet_count":0,"master_deck":["MokouMod:Strike","MokouMod:Strike","MokouMod:Strike","MokouMod:Strike","MokouMod:Defend","MokouMod:Defend","MokouMod:Defend","MokouMod:Defend","MokouMod:HeatSpark","MokouMod:SearingBlow","MokouMod:TemporalFireSeal","MokouMod:HeatTransfer","MokouMod:Geothermal","MokouMod:FlareStarter"],"relics":["MokouMod:PhoenixFeather"],"acts_visited":["Exordium"],"potions_floor_usage":[6],"damage_taken":[{"damage":3.0,"enemies":"Small Slimes","floor":1.0,"turns":4.0},{"damage":0.0,"enemies":"Cultist","floor":3.0,"turns":3.0},{"damage":15,"enemies":"Jaw Worm","floor":4,"turns":4},{"damage":0,"enemies":"Looter","floor":5,"turns":4},{"damage":1,"enemies":"3 Sentries","floor":6,"turns":2}],"seed_played":"2200895284451431789","potions_obtained":[{"floor":1.0,"key":"LiquidBronze"},{"floor":3.0,"key":"Energy Potion"}],"is_trial":false,"path_per_floor":["M","?","M","M","M","E"],"character_chosen":"MKU","items_purchased":[],"campfire_rested":0,"item_purchase_floors":[],"current_hp_per_floor":[72,72,72,57,57,56,56,56],"gold":109,"neow_bonus":"ONE_RANDOM_RARE_CARD","is_daily":false,"chose_seed":false,"campfire_upgraded":0,"win_rate":0.0,"timestamp":1609275552,"path_taken":["M","?","?","M","?","E"],"items_purchased_type":[],"build_version":"2020-12-22","purchased_purges":0,"victory":false,"max_hp_per_floor":[75,75,75,75,75,75,75,75],"card_choices":[{"not_picked":["MokouMod:FlamingFireTalons","MokouMod:FlickeringFlame"],"picked":"MokouMod:TemporalFireSeal","floor":1.0},{"not_picked":["MokouMod:TemporalFireSeal","MokouMod:SearingShot"],"picked":"MokouMod:HeatTransfer","floor":3.0},{"not_picked":["MokouMod:EternalBurstReactor","MokouMod:Stoke"],"picked":"MokouMod:Geothermal","floor":4},{"not_picked":["MokouMod:HeatTransfer","MokouMod:Cataclysm"],"picked":"MokouMod:FlareStarter","floor":5}],"player_experience":32375,"relics_obtained":[],"event_choices":[{"cards_removed":["MokouMod:Strike"],"damage_healed":0.0,"max_hp_gain":0.0,"max_hp_loss":0.0,"gold_gain":0.0,"event_name":"Bonfire Elementals","player_choice":"Offered Basic","floor":2.0,"gold_loss":0.0,"damage_taken":0.0}],"is_beta":false,"boss_relics":[],"items_purged_floors":[],"is_endless":false,"potions_floor_spawned":[1,3],"killed_by":"3 Sentries","ascension_level":0}}