{"host":"ktoxvvst1mwxww91","time":1609257122,"event":{"mods":["BaseMod","Hermit","Minty Spire (QoL Compilation)","StSLib","The Hierophant","The Mystic","The Necromancer"],"gold_per_floor":[116,36,53,53,128,155,155,0,0,19,32,43,43,43,43,141,141,157,82,82,5,22,57,37,37,37,68,68,68,68,68],"floor_reached":30,"playtime":928,"items_purged":["Strike_G"],"score":422,"play_id":"7f14dfea-7906-4cd1-9452-95fd1c7b4a4f","local_time":"20201229165202","is_ascension_mode":true,"campfire_choices":[{"data":"Noxious Fumes","floor":7.0,"key":"SMITH"},{"data":"Footwork","floor":13.0,"key":"SMITH"},{"data":"Neutralize","floor":15.0,"key":"SMITH"},{"data":"Deadly Poison","floor":25,"key":"SMITH"},{"data":"Catalyst","floor":28,"key":"SMITH"}],"circlet_count":0,"master_deck":["AscendersBane","Strike_G","Defend_G","Defend_G","Defend_G","Defend_G","Defend_G","Survivor","Neutralize","Calculated Gamble","Noxious Fumes+1","Poisoned Stab","Dash","Neutralize+1","Blade Dance","Caltrops","Footwork+1","Malaise","Crippling Poison","Burst","Deadly Poison+1","Dash","Dagger Spray","Caltrops","Calculated Gamble","Bouncing Flask+1","Catalyst+1"],"relics":["Ring of the Serpent","Juzu Bracelet","Ice Cream","HornCleat","Meat on the Bone","Tiny Chest","Molten Egg 2","Ancient Tea Set"],"acts_visited":["Exordium","TheCity"],"potions_floor_usage":[23,27,27,30],"damage_taken":[{"damage":7.0,"enemies":"Cultist","floor":1.0,"turns":5.0},{"damage":0.0,"enemies":"2 Louse","floor":3.0,"turns":4.0},{"damage":9.0,"enemies":"3 Sentries","floor":6.0,"turns":9.0},{"damage":5.0,"enemies":"Small Slimes","floor":10.0,"turns":3.0},{"damage":0.0,"enemies":"Blue Slaver","floor":11.0,"turns":4.0},{"damage":0.0,"enemies":"Exordium Thugs","floor":12.0,"turns":5.0},{"damage":23.0,"enemies":"Slime Boss","floor":16.0,"turns":9.0},{"damage":9.0,"enemies":"Spheric Guardian","floor":18.0,"turns":7.0},{"damage":5.0,"enemies":"Chosen","floor":22.0,"turns":6.0},{"damage":21,"enemies":"Slavers","floor":23,"turns":8},{"damage":17,"enemies":"Book of Stabbing","floor":27,"turns":5},{"damage":46,"enemies":"Slavers","floor":30,"turns":4}],"seed_played":"7284654053088231167","potions_obtained":[{"floor":1.0,"key":"PowerPotion"},{"floor":3.0,"key":"SteroidPotion"},{"floor":10.0,"key":"SteroidPotion"},{"floor":11.0,"key":"PowerPotion"},{"floor":12.0,"key":"CultistPotion"},{"floor":22.0,"key":"ColorlessPotion"},{"floor":23,"key":"SkillPotion"},{"floor":24,"key":"Regen Potion"},{"floor":27,"key":"Weak Potion"}],"is_trial":false,"path_per_floor":["M","$","M","?","?","E","R","$","T","M","M","M","R","?","R","B",null,"M","?","?","$","M","E","?","R","T","E","R","$","E"],"character_chosen":"THE_SILENT","items_purchased":["Noxious Fumes","Footwork","Caltrops"],"campfire_rested":0,"item_purchase_floors":[2,8,21],"current_hp_per_floor":[56,56,56,56,45,36,36,36,36,31,31,31,31,31,31,20,58,49,49,49,49,44,35,35,35,35,45,45,45,0,0],"gold":68,"neow_bonus":"RANDOM_COMMON_RELIC","is_daily":false,"chose_seed":false,"campfire_upgraded":5,"win_rate":0.0,"timestamp":1609257122,"path_taken":["M","$","M","?","?","E","R","$","T","M","M","M","R","?","R","BOSS","M","?","?","$","M","E","?","R","T","E","R","$","E"],"items_purchased_type":["Card","Card","Card"],"build_version":"2020-12-22","purchased_purges":1,"victory":false,"max_hp_per_floor":[70,70,70,70,70,70,70,70,70,70,70,70,70,70,70,70,70,70,70,70,70,70,70,70,70,70,70,70,70,70,70],"card_choices":[{"not_picked":["Reflex","Outmaneuver"],"picked":"Calculated Gamble","floor":1.0},{"not_picked":["Deflect","Cloak And Dagger"],"picked":"Poisoned Stab","floor":3.0},{"not_picked":["PiercingWail","Underhanded Strike"],"picked":"Caltrops","floor":6.0},{"not_picked":["Underhanded Strike","Dagger Spray","Setup"],"picked":"SKIP","floor":10.0},{"not_picked":["Deflect","Sucker Punch"],"picked":"Malaise","floor":11.0},{"not_picked":["Prepared","Masterful Stab"],"picked":"Crippling Poison","floor":12.0},{"not_picked":["Unload","Storm of Steel"],"picked":"Burst","floor":16.0},{"not_picked":["Quick Slash+1","Skewer"],"picked":"Deadly Poison","floor":18.0},{"not_picked":["Bane","Slice"],"picked":"Calculated Gamble","floor":22.0},{"not_picked":["PiercingWail+1","Skewer"],"picked":"Bouncing Flask+1","floor":23},{"not_picked":["Poisoned Stab+1","Envenom"],"picked":"Catalyst","floor":27}],"player_experience":941465,"relics_obtained":[{"floor":6.0,"key":"Ice Cream"},{"floor":9.0,"key":"HornCleat"},{"floor":14.0,"key":"Meat on the Bone"},{"floor":23,"key":"Tiny Chest"},{"floor":26,"key":"Molten Egg 2"},{"floor":27,"key":"Ancient Tea Set"}],"event_choices":[{"damage_healed":0.0,"max_hp_gain":0.0,"max_hp_loss":0.0,"gold_gain":0.0,"event_name":"Match and Keep!","player_choice":"3 cards matched","floor":4.0,"gold_loss":0.0,"damage_taken":0.0,"cards_obtained":["Dash","Neutralize","Blade Dance"]},{"damage_healed":0.0,"max_hp_gain":0.0,"max_hp_loss":0.0,"gold_gain":75.0,"event_name":"World of Goop","player_choice":"Gather Gold","floor":5.0,"gold_loss":0.0,"damage_taken":11.0},{"damage_healed":0.0,"max_hp_gain":0.0,"max_hp_loss":0.0,"gold_gain":0.0,"event_name":"Wheel of Change","player_choice":"Relic","floor":14.0,"gold_loss":0.0,"damage_taken":0.0},{"cards_removed":["Strike_G"],"damage_healed":0.0,"max_hp_gain":0.0,"max_hp_loss":0.0,"gold_gain":0.0,"event_name":"Beggar","player_choice":"Gave Gold","floor":19.0,"gold_loss":75.0,"damage_taken":0.0},{"damage_healed":0.0,"max_hp_gain":0.0,"max_hp_loss":0.0,"gold_gain":0.0,"cards_transformed":["Strike_G","Strike_G"],"event_name":"Drug Dealer","player_choice":"Became Test Subject","floor":20.0,"gold_loss":0.0,"damage_taken":0.0,"cards_obtained":["Dash","Dagger Spray"]},{"damage_healed":0,"gold_gain":0,"player_choice":"Bought 1 Potion","damage_taken":0,"max_hp_gain":0,"max_hp_loss":0,"event_name":"The Woman in Blue","floor":24,"gold_loss":0}],"is_beta":false,"boss_relics":[{"not_picked":["Ectoplasm","Calling Bell"],"picked":"Ring of the Serpent"}],"items_purged_floors":[8],"is_endless":false,"potions_floor_spawned":[1,3,10,11,12,22,23,27],"killed_by":"Slavers","ascension_level":12}}