{"host":"2461dio7vetlq1z3","time":1609273324,"event":{"mods":["2.2 Compatiblity","AchievementEnabler","Aspiration","BaseMod","Better Third Choice","Friendly Minions","Hermit","Minty Spire (QoL Compilation)","Relic Stats","Spicy Shops","StSLib","Waifu the Spire"],"gold_per_floor":[115,115,135,135,153,153,165,165,189,205,205,238,238,271,271,343,343,355,373,389,389,32,32,59,70,97,112,112,125,151,151,151,228,228,246,246,265,279,73,73,110,135,135,15,49,49,79,97,97,97,97,97,97,25,25,25],"floor_reached":55,"playtime":3370,"items_purged":["Slice"],"score":2039,"play_id":"03b4494f-18f3-4c3b-bace-17746e12e579","local_time":"20201229212204","is_ascension_mode":true,"campfire_choices":[{"data":"Corpse Explosion","floor":6,"key":"SMITH"},{"data":"Quick Slash","floor":8,"key":"SMITH"},{"floor":13,"key":"REST"},{"data":"Well Laid Plans","floor":15,"key":"SMITH"},{"data":"Wraith Form v2","floor":23,"key":"SMITH"},{"data":"Bullet Time","floor":28,"key":"SMITH"},{"data":"Footwork","floor":32,"key":"SMITH"},{"data":"Apotheosis","floor":40,"key":"SMITH"},{"floor":49,"key":"RECALL"},{"data":"After Image","floor":53,"key":"SMITH"}],"circlet_count":0,"master_deck":["AscendersBane","Defend_G","Defend_G","Defend_G","Defend_G","Defend_G","Survivor","Neutralize+1","Corpse Explosion+1","Footwork+1","Quick Slash+1","PiercingWail","Bouncing Flask","Bullet Time+1","Well Laid Plans+1","Wraith Form v2+1","Acrobatics","Backflip+1","Bite","Bite","Bite","Bite","Bite","Deflect","Grand Finale","Backflip","Prepared","Outmaneuver+1","Apotheosis+1","Die Die Die","Acrobatics+1","Grand Finale","After Image+1","Catalyst"],"relics":["Ring of the Snake","Juzu Bracelet","PreservedInsect","Tingsha","Whetstone","Runic Pyramid","Art of War","MealTicket","Lantern","Anchor","aspiration:RitualStick","Sozu","CeramicFish","Regal Pillow","Ancient Tea Set"],"acts_visited":["Exordium","TheCity","TheBeyond","TheEnding"],"potions_floor_usage":[7,14,16,42],"damage_taken":[{"damage":3,"enemies":"2 Louse","floor":1,"turns":4},{"damage":0,"enemies":"Small Slimes","floor":3,"turns":4},{"damage":1,"enemies":"Cultist","floor":5,"turns":5},{"damage":2,"enemies":"3 Louse","floor":7,"turns":3},{"damage":0,"enemies":"2 Fungi Beasts","floor":10,"turns":2},{"damage":14,"enemies":"3 Sentries","floor":12,"turns":7},{"damage":16,"enemies":"Lagavulin","floor":14,"turns":4},{"damage":12,"enemies":"Hexaghost","floor":16,"turns":8},{"damage":2,"enemies":"Spheric Guardian","floor":18,"turns":6},{"damage":10,"enemies":"2 Thieves","floor":19,"turns":4},{"damage":11,"enemies":"Snake Plant","floor":20,"turns":5},{"damage":2,"enemies":"Gremlin Leader","floor":24,"turns":7},{"damage":3,"enemies":"Sentry and Sphere","floor":25,"turns":7},{"damage":0,"enemies":"Snecko","floor":27,"turns":5},{"damage":3,"enemies":"Snake Plant","floor":29,"turns":5},{"damage":5,"enemies":"Slavers","floor":30,"turns":5},{"damage":7,"enemies":"Champ","floor":33,"turns":16},{"damage":13,"enemies":"3 Darklings","floor":35,"turns":4},{"damage":0,"enemies":"3 Shapes","floor":37,"turns":6},{"damage":3,"enemies":"Transient","floor":38,"turns":6},{"damage":3,"enemies":"Giant Head","floor":41,"turns":10},{"damage":0,"enemies":"4 Shapes","floor":42,"turns":5},{"damage":19,"enemies":"Nemesis","floor":45,"turns":5},{"damage":0,"enemies":"Giant Head","floor":47,"turns":7},{"damage":1,"enemies":"Writhing Mass","floor":48,"turns":5},{"damage":58,"enemies":"Awakened One","floor":50,"turns":16},{"damage":7,"enemies":"Donu and Deca","floor":51,"turns":9},{"damage":66,"enemies":"Shield and Spear","floor":55,"turns":3}],"seed_played":"1380633003351611209","potions_obtained":[{"floor":1,"key":"PowerPotion"},{"floor":3,"key":"Strength Potion"},{"floor":12,"key":"PowerPotion"},{"floor":18,"key":"Explosive Potion"},{"floor":25,"key":"Fire Potion"}],"is_trial":false,"path_per_floor":["M","?","M","?","M","R","M","R","T","M","?","E","R","E","R","B",null,"M","M","M","?","$","R","E","M","T","M","R","M","E","?","R","B",null,"M","?","M","M","$","R","E","M","T","$","E","?","E","M","R","B","B",null,"R","$","E"],"character_chosen":"THE_SILENT","items_purchased":["Art of War","Deflect","Apotheosis","Grand Finale","Catalyst"],"campfire_rested":1,"item_purchase_floors":[22,22,39,44,54],"current_hp_per_floor":[56,51,51,56,55,55,53,53,53,53,53,39,60,44,44,32,61,59,49,38,38,38,38,49,48,48,49,49,49,48,36,36,49,49,46,46,49,49,49,49,49,49,49,49,30,30,47,47,47,29,47,47,47,47,0,0],"gold":25,"neow_bonus":"ONE_RANDOM_RARE_CARD","is_daily":false,"chose_seed":false,"campfire_upgraded":8,"win_rate":0.0,"timestamp":1609273324,"path_taken":["M","?","M","?","M","R","M","R","T","M","?","E","R","E","R","BOSS","M","M","M","?","$","R","E","M","T","M","R","M","E","?","R","BOSS","M","?","M","M","$","R","E","M","T","?","E","?","E","M","R","BOSS","BOSS","R","$","E"],"items_purchased_type":["Relic","Card","Card","Card","Card"],"build_version":"2020-12-22","purchased_purges":1,"victory":false,"max_hp_per_floor":[66,66,66,71,71,71,71,71,71,71,71,71,71,71,71,71,71,71,71,71,49,49,49,49,49,49,49,49,49,49,49,49,49,49,49,49,49,49,49,49,49,49,49,49,49,47,47,47,47,47,47,47,47,47,47,47],"relic_stats":{"Regal Pillow":0,"counters":[28,173],"CeramicFish":45,"Tingsha":[149],"PreservedInsect":536,"Juzu Bracelet":0,"Whetstone":["Neutralize","Strike_G"],"aspiration:RitualStick":[0],"Sozu":6,"MealTicket":0,"Art of War":[28],"obtain_stats":[{"Lantern":26,"Regal Pillow":45,"CeramicFish":41,"Tingsha":12,"PreservedInsect":9,"Juzu Bracelet":2,"Whetstone":14,"Ancient Tea Set":47,"aspiration:RitualStick":31,"Sozu":34,"Anchor":30,"MealTicket":24,"Art of War":22,"Ring of the Snake":0,"Runic Pyramid":17},{"Lantern":13,"Regal Pillow":23,"CeramicFish":21,"Tingsha":6,"PreservedInsect":4,"Juzu Bracelet":1,"Whetstone":7,"Ancient Tea Set":24,"aspiration:RitualStick":16,"Sozu":17,"Anchor":16,"MealTicket":12,"Art of War":11,"Ring of the Snake":0,"Runic Pyramid":8},{"Lantern":66,"Regal Pillow":133,"CeramicFish":123,"Tingsha":25,"PreservedInsect":16,"Juzu Bracelet":4,"Whetstone":29,"Ancient Tea Set":140,"aspiration:RitualStick":81,"Sozu":97,"Anchor":81,"MealTicket":59,"Art of War":52,"Ring of the Snake":0,"Runic Pyramid":37}],"Ring of the Snake":[56]},"card_choices":[{"not_picked":["Blade Dance","Acrobatics"],"picked":"Footwork","floor":1},{"not_picked":["Tactician","Escape Plan"],"picked":"Quick Slash","floor":3},{"not_picked":["Outmaneuver","Eviscerate"],"picked":"Slice","floor":5},{"not_picked":["Acrobatics","Deflect"],"picked":"PiercingWail","floor":7},{"not_picked":["Reflex","Crippling Poison"],"picked":"Bouncing Flask","floor":10},{"not_picked":["Sucker Punch","Bane"],"picked":"Bullet Time","floor":12},{"not_picked":["Blur","Tactician"],"picked":"Well Laid Plans","floor":14},{"not_picked":["aspiration:Lunge","Phantasmal Killer"],"picked":"Wraith Form v2","floor":16},{"not_picked":["Blade Dance","Sucker Punch"],"picked":"Acrobatics","floor":18},{"not_picked":["Finisher","Deflect"],"picked":"Backflip+1","floor":19},{"not_picked":["Riddle With Holes+1","Finisher","Sucker Punch+1"],"picked":"SKIP","floor":20},{"not_picked":["Sucker Punch","Quick Slash","Doppelganger"],"picked":"SKIP","floor":24},{"not_picked":["Cloak And Dagger","Slice+1","Terror"],"picked":"SKIP","floor":25},{"not_picked":["Skewer","Terror","Dagger Spray"],"picked":"SKIP","floor":27},{"not_picked":["Poisoned Stab","Underhanded Strike","Slice"],"picked":"SKIP","floor":29},{"not_picked":["Dagger Throw","Infinite Blades","Skewer"],"picked":"SKIP","floor":30},{"not_picked":["Unload","Envenom"],"picked":"Grand Finale","floor":33},{"not_picked":["Blade Dance","Sucker Punch"],"picked":"Backflip","floor":35},{"not_picked":["Dodge and Roll","Deflect+1"],"picked":"Prepared","floor":37},{"not_picked":["Choke","Flying Knee+1"],"picked":"Outmaneuver+1","floor":38},{"not_picked":["Poisoned Stab+1","Reflex"],"picked":"Die Die Die","floor":41},{"not_picked":["Sucker Punch","Reflex"],"picked":"Acrobatics+1","floor":42},{"not_picked":["Well Laid Plans","Caltrops"],"picked":"After Image","floor":45},{"not_picked":["Masterful Stab+1","Blade Dance+1","Cloak And Dagger+1"],"picked":"SKIP","floor":47},{"not_picked":["Dodge and Roll","Deflect","Underhanded Strike"],"picked":"SKIP","floor":48}],"player_experience":983414,"relics_obtained":[{"floor":9,"key":"PreservedInsect"},{"floor":12,"key":"Tingsha"},{"floor":14,"key":"Whetstone"},{"floor":24,"key":"MealTicket"},{"floor":26,"key":"Lantern"},{"floor":30,"key":"Anchor"},{"floor":41,"key":"CeramicFish"},{"floor":45,"key":"Regal Pillow"},{"floor":47,"key":"Ancient Tea Set"}],"event_choices":[{"damage_healed":0,"gold_gain":0,"player_choice":"Relic ","damage_taken":5,"max_hp_gain":0,"max_hp_loss":0,"event_name":"betterThird:BetterScrap","floor":2,"gold_loss":0,"cards_obtained":["Infernal Blade"]},{"damage_healed":0,"gold_gain":0,"player_choice":"Donut","damage_taken":0,"max_hp_gain":5,"max_hp_loss":0,"event_name":"Big Fish","floor":4,"gold_loss":0},{"damage_healed":0,"gold_gain":0,"player_choice":"Ignored","damage_taken":205,"max_hp_gain":0,"max_hp_loss":0,"event_name":"betterThird:BetterSerpent","floor":11,"gold_loss":0},{"damage_healed":0,"gold_gain":0,"player_choice":"Became a vampire","damage_taken":0,"max_hp_gain":0,"max_hp_loss":22,"event_name":"Vampires","floor":21,"gold_loss":0,"cards_obtained":["Bite","Bite","Bite","Bite","Bite"]},{"damage_healed":0,"gold_gain":0,"player_choice":"Got Potions","damage_taken":0,"max_hp_gain":0,"max_hp_loss":0,"event_name":"Lab","floor":36,"gold_loss":0},{"damage_healed":0,"gold_gain":0,"player_choice":"Max HP","damage_taken":0,"max_hp_gain":0,"max_hp_loss":2,"event_name":"Winding Halls","floor":46,"gold_loss":0}],"is_beta":false,"boss_relics":[{"not_picked":["Empty Cage","Snecko Eye"],"picked":"Runic Pyramid"},{"not_picked":["Velvet Choker","SlaversCollar"],"picked":"Sozu"}],"items_purged_floors":[22],"is_endless":false,"potions_floor_spawned":[1,3,5,12,18,25,33,37,41,47,48],"killed_by":"Shield and Spear","ascension_level":20}}