{"host":"wshh0nphwn6jv7vj","time":1609229833,"event":{"mods":["BaseMod","Bestiary","Minty Spire (QoL Compilation)"],"gold_per_floor":[114,126,146,221,25,56,56,56,56,70,97,97,97,97],"floor_reached":13,"playtime":803,"items_purged":[],"score":172,"play_id":"9ebd9db1-63be-436e-8f10-71b8bfa14cfc","local_time":"20201229031713","is_ascension_mode":true,"campfire_choices":[{"data":"Metamorphosis","floor":7,"key":"SMITH"},{"data":"True Grit","floor":12,"key":"SMITH"}],"circlet_count":0,"master_deck":["AscendersBane","Strike_R","Strike_R","Strike_R","Strike_R","Strike_R","Defend_R","Defend_R","Defend_R","Defend_R","Bash","Metamorphosis+1","Shrug It Off","Anger","Parasite","True Grit+1"],"relics":["Burning Blood","Anchor","Self Forming Clay","Paper Frog","Omamori"],"acts_visited":["Exordium"],"potions_floor_usage":[6,11,13],"damage_taken":[{"damage":7,"enemies":"Jaw Worm","floor":1,"turns":3},{"damage":14,"enemies":"Small Slimes","floor":2,"turns":3},{"damage":0,"enemies":"Cultist","floor":3,"turns":3},{"damage":42,"enemies":"3 Sentries","floor":6,"turns":9},{"damage":12,"enemies":"2 Fungi Beasts","floor":10,"turns":4},{"damage":8,"enemies":"Lagavulin","floor":11,"turns":6},{"damage":44,"enemies":"Gremlin Nob","floor":13,"turns":4}],"seed_played":"-486731383063085795","potions_obtained":[{"floor":1,"key":"Weak Potion"},{"floor":3,"key":"DuplicationPotion"},{"floor":11,"key":"ElixirPotion"}],"is_trial":false,"path_per_floor":["M","M","M","?","$","E","R","?","T","M","E","R","E"],"character_chosen":"IRONCLAD","items_purchased":["Anchor","Anger"],"campfire_rested":0,"item_purchase_floors":[5,5],"current_hp_per_floor":[67,59,65,54,54,18,18,35,35,29,27,27,0,0],"gold":97,"neow_bonus":"RANDOM_COLORLESS_2","is_daily":false,"chose_seed":false,"campfire_upgraded":2,"win_rate":0.0,"timestamp":1609229833,"path_taken":["M","M","M","?","?","E","R","?","T","?","E","R","E"],"items_purchased_type":["Relic","Card"],"build_version":"2020-12-22","purchased_purges":0,"victory":false,"max_hp_per_floor":[68,68,68,68,68,68,68,68,68,68,68,68,68,68],"card_choices":[{"not_picked":["Secret Weapon","Chrysalis"],"picked":"Metamorphosis","floor":0},{"not_picked":["Sword Boomerang","Sever Soul","Flex"],"picked":"SKIP","floor":1},{"not_picked":["Power Through","Perfected Strike"],"picked":"Shrug It Off","floor":2},{"not_picked":["Clothesline","Heavy Blade","Thunderclap"],"picked":"SKIP","floor":3},{"not_picked":["Dropkick","Thunderclap","Heavy Blade"],"picked":"SKIP","floor":6},{"not_picked":["Body Slam","Clothesline"],"picked":"True Grit","floor":10},{"not_picked":["Fiend Fire","Warcry","Body Slam"],"picked":"SKIP","floor":11}],"player_experience":1522327,"relics_obtained":[{"floor":6,"key":"Self Forming Clay"},{"floor":9,"key":"Paper Frog"},{"floor":11,"key":"Omamori"}],"event_choices":[{"damage_healed":0,"gold_gain":75,"player_choice":"Gather Gold","damage_taken":11,"max_hp_gain":0,"max_hp_loss":0,"event_name":"World of Goop","floor":4,"gold_loss":0},{"damage_healed":17,"gold_gain":0,"player_choice":"Healed and dodged fight","damage_taken":0,"max_hp_gain":0,"max_hp_loss":0,"event_name":"Mushrooms","floor":8,"gold_loss":0,"cards_obtained":["Parasite"]}],"is_beta":false,"boss_relics":[],"items_purged_floors":[],"is_endless":false,"potions_floor_spawned":[1,3,11],"killed_by":"Gremlin Nob","ascension_level":17}}