{"host":"2se5dq1do2gp0x9k","time":1609214379,"event":{"mods":["AchievementEnabler","BaseMod","Block Reminder","Colored Map","Colored Powertips","Minty Spire (QoL Compilation)","Relic Stats","StSLib","SuperFastMode"],"gold_per_floor":[112,37,37,55,55,55,86,106,106,123,148,148,164,164,164,164,164],"floor_reached":16,"playtime":420,"items_purged":["Strike_R"],"score":270,"play_id":"829e4aff-129f-47f2-aa8b-0fec5de7c655","local_time":"20201228195939","is_ascension_mode":true,"campfire_choices":[{"data":"Bash","floor":6.0,"key":"SMITH"},{"floor":15,"key":"REST"}],"circlet_count":0,"master_deck":["AscendersBane","Strike_R","Strike_R","Strike_R","Defend_R","Defend_R","Defend_R","Defend_R","Bash+1","Cleave","Pain","Clothesline","True Grit","Burning Pact","Double Tap","Corruption","Sentinel","Twin Strike"],"relics":["Burning Blood","NeowsBlessing","WarpedTongs","Pear","Juzu Bracelet","Regal Pillow"],"acts_visited":["Exordium"],"potions_floor_usage":[16,16],"damage_taken":[{"damage":0.0,"enemies":"2 Louse","floor":1.0,"turns":1.0},{"damage":0.0,"enemies":"Cultist","floor":4.0,"turns":1.0},{"damage":0.0,"enemies":"Lagavulin","floor":7.0,"turns":1.0},{"damage":14.0,"enemies":"Small Slimes","floor":8.0,"turns":3.0},{"damage":19.0,"enemies":"3 Louse","floor":10.0,"turns":3.0},{"damage":56.0,"enemies":"3 Sentries","floor":11.0,"turns":13.0},{"damage":5.0,"enemies":"Exordium Wildlife","floor":13.0,"turns":4.0},{"damage":60,"enemies":"Hexaghost","floor":16,"turns":9}],"seed_played":"3008499475488749267","potions_obtained":[{"floor":1.0,"key":"Fruit Juice"},{"floor":4.0,"key":"Swift Potion"},{"floor":11.0,"key":"SkillPotion"}],"is_trial":false,"path_per_floor":["M","$","?","M","$","R","E","M","T","M","E","?","M","?","R","B"],"character_chosen":"IRONCLAD","items_purchased":[],"campfire_rested":1,"item_purchase_floors":[],"current_hp_per_floor":[74,74,74,75,75,75,85,77,77,64,14,14,15,15,55,0,0],"gold":164,"neow_bonus":"THREE_ENEMY_KILL","is_daily":false,"chose_seed":false,"campfire_upgraded":1,"win_rate":0.0,"timestamp":1609214379,"path_taken":["M","$","?","M","$","R","E","?","T","M","E","?","M","?","R","BOSS"],"items_purchased_type":[],"build_version":"2020-12-22","purchased_purges":1,"victory":false,"max_hp_per_floor":[75,75,75,75,75,75,85,85,85,85,85,85,85,85,85,90,90],"relic_stats":{"Regal Pillow":15,"counters":[8,35],"Juzu Bracelet":0,"obtain_stats":[{"Regal Pillow":11,"Pear":7,"NeowsBlessing":0,"Juzu Bracelet":9,"Burning Blood":0,"WarpedTongs":3},{"Regal Pillow":6,"Pear":3,"NeowsBlessing":0,"Juzu Bracelet":4,"Burning Blood":0,"WarpedTongs":1},{"Regal Pillow":22,"Pear":3,"NeowsBlessing":0,"Juzu Bracelet":6,"Burning Blood":0,"WarpedTongs":1}],"Burning Blood":31,"WarpedTongs":[32]},"card_choices":[{"not_picked":["Entrench","Evolve"],"picked":"Cleave","floor":1.0},{"not_picked":["True Grit","Armaments"],"picked":"Clothesline","floor":4.0},{"not_picked":["Heavy Blade","Entrench"],"picked":"True Grit","floor":7.0},{"not_picked":["Sword Boomerang","Rage"],"picked":"Burning Pact","floor":8.0},{"not_picked":["Evolve","Thunderclap"],"picked":"Double Tap","floor":10.0},{"not_picked":["Entrench","Fiend Fire"],"picked":"Corruption","floor":11.0},{"not_picked":["Entrench","Carnage"],"picked":"Sentinel","floor":13.0}],"player_experience":3646997,"relics_obtained":[{"floor":7.0,"key":"Pear"},{"floor":9.0,"key":"Juzu Bracelet"},{"floor":11.0,"key":"Regal Pillow"}],"event_choices":[{"damage_healed":0.0,"max_hp_gain":0.0,"max_hp_loss":0.0,"gold_gain":0.0,"event_name":"Accursed Blacksmith","player_choice":"Rummage","floor":3.0,"gold_loss":0.0,"damage_taken":0.0,"relics_obtained":["WarpedTongs"],"cards_obtained":["Pain"]},{"damage_healed":0.0,"max_hp_gain":0.0,"max_hp_loss":0.0,"gold_gain":0.0,"event_name":"Shining Light","player_choice":"Ignored","floor":12.0,"gold_loss":0.0,"damage_taken":0.0},{"damage_healed":0,"gold_gain":0,"cards_transformed":["Strike_R"],"player_choice":"Change","damage_taken":0,"max_hp_gain":0,"max_hp_loss":0,"event_name":"Living Wall","floor":14,"gold_loss":0,"cards_obtained":["Twin Strike"]}],"is_beta":false,"boss_relics":[],"items_purged_floors":[2],"is_endless":false,"potions_floor_spawned":[1,4,11],"killed_by":"Hexaghost","ascension_level":20}}