{"host":"kh6fvhxn285ncg0o","time":1609202731,"event":{"mods":["Act Like it!","BaseMod","Colored Map","Friendly Minions","Keyboard Shortcuts","Minty Spire (QoL Compilation)","Quick Restart","Relic Stats","StSLib","SuperFastMode"],"gold_per_floor":[109,30,49,49,63,63,91,91,91,121,121,154,154,166,178,190,190],"floor_reached":16,"playtime":224,"items_purged":[],"score":232,"play_id":"14f08a01-777d-47da-9975-d69307b61d55","local_time":"20201229094531","is_ascension_mode":true,"campfire_choices":[{"data":"Bash","floor":6,"key":"SMITH"},{"floor":8,"key":"REST"},{"data":"Fire Breathing","floor":11,"key":"SMITH"},{"data":"Shockwave","floor":15,"key":"SMITH"}],"circlet_count":0,"master_deck":["AscendersBane","Strike_R","Strike_R","Strike_R","Strike_R","Defend_R","Defend_R","Defend_R","Defend_R","Bash+1","Rampage","Fire Breathing+1","Feel No Pain","Shockwave+1","Regret"],"relics":["Burning Blood","Meat on the Bone","Mercury Hourglass","Self Forming Clay","WingedGreaves","MawBank","SsserpentHead"],"acts_visited":[],"potions_floor_usage":[10],"damage_taken":[{"damage":10.0,"enemies":"Small Slimes","floor":1.0,"turns":4.0},{"damage":7,"enemies":"2 Louse","floor":3,"turns":3},{"damage":1,"enemies":"Cultist","floor":5,"turns":3},{"damage":50,"enemies":"Lagavulin","floor":7,"turns":7},{"damage":32,"enemies":"Gremlin Nob","floor":10,"turns":4},{"damage":15,"enemies":"3 Sentries","floor":12,"turns":4},{"damage":34,"enemies":"Hexaghost","floor":16,"turns":8}],"seed_played":"-1880022510707356105","potions_obtained":[{"floor":7,"key":"SteroidPotion"},{"floor":10,"key":"FearPotion"}],"is_trial":false,"path_per_floor":["M","$","M","?","M","R","E","R","T","E","R","E","?","?","R","B"],"character_chosen":"IRONCLAD","items_purchased":["Fire Breathing"],"campfire_rested":1,"item_purchase_floors":[2],"current_hp_per_floor":[64,64,63,63,68,68,24,46,46,32,32,35,35,35,35,1,1],"gold":190,"neow_bonus":"TRANSFORM_CARD","is_daily":false,"chose_seed":false,"campfire_upgraded":3,"win_rate":0.0,"timestamp":1609202731,"path_taken":["M","$","M","?","M","R","E","R","T","E","R","E","?","?","R","BOSS"],"items_purchased_type":["Card"],"build_version":"2020-12-22","purchased_purges":0,"victory":false,"max_hp_per_floor":[75,75,75,75,75,75,75,75,75,75,75,75,75,75,75,75,75],"relic_stats":{"SsserpentHead":0,"counters":[7,33],"Self Forming Clay":[39],"MawBank":36,"obtain_stats":[{"SsserpentHead":14,"Self Forming Clay":10,"WingedGreaves":12,"MawBank":13,"Burning Blood":0,"Meat on the Bone":7,"Mercury Hourglass":9},{"SsserpentHead":6,"Self Forming Clay":5,"WingedGreaves":6,"MawBank":6,"Burning Blood":0,"Meat on the Bone":4,"Mercury Hourglass":4},{"SsserpentHead":25,"Self Forming Clay":21,"WingedGreaves":25,"MawBank":25,"Burning Blood":0,"Meat on the Bone":17,"Mercury Hourglass":17}],"Burning Blood":36,"Meat on the Bone":24,"Mercury Hourglass":[69]},"card_choices":[{"not_picked":["Clash","Infernal Blade"],"picked":"Feel No Pain","floor":7},{"not_picked":["Flex","Havoc"],"picked":"Shockwave","floor":12}],"player_experience":3294519,"relics_obtained":[{"floor":7,"key":"Meat on the Bone"},{"floor":9,"key":"Mercury Hourglass"},{"floor":10,"key":"Self Forming Clay"},{"floor":12,"key":"WingedGreaves"}],"event_choices":[{"damage_healed":0,"gold_gain":0,"player_choice":"Leave","damage_taken":0,"max_hp_gain":0,"max_hp_loss":0,"event_name":"The Cleric","floor":4,"gold_loss":0},{"damage_healed":0,"gold_gain":0,"player_choice":"Box","damage_taken":0,"relics_obtained":["MawBank"],"max_hp_gain":0,"max_hp_loss":0,"event_name":"Big Fish","floor":13,"gold_loss":0,"cards_obtained":["Regret"]},{"damage_healed":0,"gold_gain":0,"player_choice":"Trade","damage_taken":0,"relics_obtained":["SsserpentHead"],"max_hp_gain":0,"max_hp_loss":0,"event_name":"FaceTrader","floor":14,"gold_loss":0}],"is_beta":false,"boss_relics":[],"items_purged_floors":[],"is_endless":false,"potions_floor_spawned":[7,10],"killed_by":"Hexaghost","ascension_level":20}}