{"host":"anox4050deqdcqoh","time":1609273713,"event":{"mods":["BaseMod","Colored Map","Minty Spire (QoL Compilation)","Quick Restart"],"gold_per_floor":[112,112,132,132,132,132,145,158,181,181,191,224,239,40,40,40,40],"floor_reached":16,"playtime":1379,"items_purged":[],"score":102,"play_id":"1d80bdc7-43ac-4974-9799-09a083a70c26","local_time":"20201229152833","is_ascension_mode":false,"campfire_choices":[{"data":"Entrench","floor":6,"key":"SMITH"},{"floor":10,"key":"REST"},{"floor":15,"key":"REST"}],"circlet_count":0,"master_deck":["Strike_R","Strike_R","Strike_R","Strike_R","Defend_R","Defend_R","Defend_R","Defend_R","Bash+1","Power Through","Entrench+1","Wild Strike","Seeing Red","Iron Wave"],"relics":["Burning Blood","Bronze Scales","Blood Vial","Toolbox"],"acts_visited":["Exordium"],"potions_floor_usage":[12],"damage_taken":[{"damage":14,"enemies":"Jaw Worm","floor":1,"turns":4},{"damage":9,"enemies":"2 Louse","floor":3,"turns":2},{"damage":1,"enemies":"Cultist","floor":7,"turns":3},{"damage":6,"enemies":"2 Fungi Beasts","floor":8,"turns":4},{"damage":3,"enemies":"Red Slaver","floor":11,"turns":4},{"damage":41,"enemies":"Lagavulin","floor":12,"turns":7},{"damage":6,"enemies":"Exordium Thugs","floor":13,"turns":5},{"damage":80,"enemies":"The Guardian","floor":16,"turns":13}],"seed_played":"-2630774430011243457","potions_obtained":[{"floor":7,"key":"SpeedPotion"},{"floor":8,"key":"Strength Potion"}],"is_trial":false,"path_per_floor":["M","?","M","?","?","R","M","M","T","R","M","E","M","$","R","B"],"character_chosen":"IRONCLAD","items_purchased":["Toolbox","Iron Wave"],"campfire_rested":2,"item_purchase_floors":[14,14],"current_hp_per_floor":[72,72,69,62,62,62,67,67,67,80,80,45,47,47,71,0,0],"gold":40,"neow_bonus":"UPGRADE_CARD","is_daily":false,"chose_seed":false,"campfire_upgraded":1,"win_rate":0.0,"timestamp":1609273713,"path_taken":["M","?","M","?","?","R","M","M","T","R","M","E","M","?","R","BOSS"],"items_purchased_type":["Relic","Card"],"build_version":"2020-12-22","purchased_purges":0,"victory":false,"max_hp_per_floor":[80,80,80,80,80,80,80,80,80,80,80,80,80,80,80,80,80],"card_choices":[{"not_picked":["Armaments","Searing Blow"],"picked":"Power Through","floor":1},{"not_picked":["Perfected Strike","Flex","Pommel Strike"],"picked":"SKIP","floor":3},{"not_picked":["Warcry","Clash"],"picked":"Wild Strike","floor":7},{"not_picked":["Clothesline","Cleave","Bloodletting"],"picked":"SKIP","floor":8},{"not_picked":["Whirlwind","Sentinel"],"picked":"Seeing Red","floor":11},{"not_picked":["Body Slam","Dark Embrace","Shrug It Off"],"picked":"SKIP","floor":12},{"not_picked":["Havoc","Evolve","Whirlwind"],"picked":"SKIP","floor":13}],"player_experience":225737,"relics_obtained":[{"floor":12,"key":"Blood Vial"}],"event_choices":[{"damage_healed":0,"gold_gain":0,"player_choice":"Ignored","damage_taken":0,"max_hp_gain":0,"max_hp_loss":0,"event_name":"Liars Game","floor":2,"gold_loss":0},{"damage_healed":0,"gold_gain":0,"player_choice":"Success","damage_taken":7,"relics_obtained":["Bronze Scales"],"max_hp_gain":0,"max_hp_loss":0,"event_name":"Scrap Ooze","floor":4,"gold_loss":0},{"damage_healed":0,"gold_gain":0,"cards_transformed":["Strike_R"],"player_choice":"Change","damage_taken":0,"max_hp_gain":0,"max_hp_loss":0,"event_name":"Living Wall","floor":5,"gold_loss":0,"cards_obtained":["Entrench"]}],"is_beta":false,"boss_relics":[],"items_purged_floors":[],"is_endless":false,"potions_floor_spawned":[7,8],"killed_by":"The Guardian","ascension_level":0}}