{"host":"3ux13vxfs7bn2c1p","time":1609214428,"event":{"mods":["2.2 Compatiblity","Ascension Reborn","BaseMod","Colored Map","Hermit","Hubris","Marisa????????","Minty Spire (QoL Compilation)","Rare Cards Sparkle","Replay The Spire","Shop Mod","StSLib","The Cursed","The Elementalist","The Runesmith","The Servant 0.9.4"],"gold_per_floor":[115,115,290,290,290,290,322,322,322,322,353,99,113,133,133,236,236,247,266,4,18,18,18],"floor_reached":22,"playtime":1277,"items_purged":["Doubt"],"score":242,"play_id":"9ccf7483-7ee5-450d-a055-d1d75e6fe700","local_time":"20201228230028","is_ascension_mode":true,"campfire_choices":[{"data":"Massacre","floor":6,"key":"SMITH"},{"data":"Flex","floor":8,"key":"SMITH"},{"data":"Pommel Strike","floor":10,"key":"SMITH"},{"data":"Strike_R","floor":15,"key":"PURGE"}],"circlet_count":0,"master_deck":["Strike_R","Strike_R","Strike_R","Strike_R","Defend_R","Defend_R","Defend_R","Defend_R","Bash","Pommel Strike+1","Massacre+1","Flex+1","Battle Trance","Secret Weapon","Inflame","Metallicize","Juggernaut","Pummel+1","Dual Wield+1","Headbutt"],"relics":["Burning Blood","NeowsBlessing","hubris:Towel","Bottled Flame","hubris:BottledRain","ReplayFunnel","hubris:Backtick","Ornamental Fan","Mummified Hand"],"acts_visited":["Exordium","TheCity"],"potions_floor_usage":[],"damage_taken":[{"damage":0,"enemies":"Jaw Worm","floor":1,"turns":1},{"damage":0,"enemies":"Gremlin Nob","floor":7,"turns":1},{"damage":0,"enemies":"3 Sentries","floor":11,"turns":1},{"damage":10,"enemies":"Small Slimes","floor":13,"turns":2},{"damage":6,"enemies":"2 Louse","floor":14,"turns":3},{"damage":60,"enemies":"The Guardian","floor":16,"turns":11},{"damage":32,"enemies":"2 Thieves","floor":18,"turns":3},{"damage":21,"enemies":"Spheric Guardian","floor":19,"turns":5},{"damage":25,"enemies":"Shelled Parasite and Fungi","floor":21,"turns":4},{"damage":46,"enemies":"Cultist and Chosen","floor":22,"turns":4}],"seed_played":"4662432603821992570","potions_obtained":[{"floor":16,"key":"Ancient Potion"}],"is_trial":false,"path_per_floor":["M","?","?","?","?","R","E","R","T","R","E","$","M","M","R_BF","B",null,"M","M","$","M","M"],"character_chosen":"IRONCLAD","items_purchased":["Secret Weapon","Mummified Hand"],"campfire_rested":0,"item_purchase_floors":[12,20],"current_hp_per_floor":[80,85,85,85,85,85,85,85,85,85,85,85,81,81,81,27,85,59,44,44,25,0,0],"gold":18,"neow_bonus":"THREE_ENEMY_KILL","is_daily":false,"chose_seed":false,"campfire_upgraded":3,"win_rate":0.0,"timestamp":1609214428,"path_taken":["M","?","?","?","?","R","E","R","T","R","E","$","M","?","R_BF","BOSS","M","M","$","M","M"],"items_purchased_type":["Card","Relic"],"build_version":"2020-12-22","purchased_purges":1,"victory":false,"max_hp_per_floor":[80,85,85,85,85,85,85,85,85,85,85,85,85,85,85,85,85,85,85,85,85,85,85],"card_choices":[{"not_picked":["Cleave","ReplayTheSpireMod:Limb From Limb"],"picked":"Pommel Strike","floor":1},{"not_picked":["Warcry","Clash"],"picked":"Flex","floor":7},{"not_picked":["Thunderclap","Infernal Blade"],"picked":"Battle Trance","floor":11},{"not_picked":["hubris:ReadiedAction","Thunderclap"],"picked":"Inflame","floor":13},{"not_picked":["Perfected Strike","Clothesline"],"picked":"Metallicize","floor":14},{"not_picked":["hubris:StunningStrike","Berserk"],"picked":"Juggernaut","floor":16},{"not_picked":["Clash","Sword Boomerang"],"picked":"Pummel+1","floor":18},{"not_picked":["Ghostly Armor+1","hubris:SharpeningStone"],"picked":"Dual Wield+1","floor":19},{"not_picked":["Cleave+1","Power Through+1"],"picked":"Headbutt","floor":21}],"player_experience":75595,"relics_obtained":[{"floor":7,"key":"Bottled Flame"},{"floor":9,"key":"hubris:BottledRain"},{"floor":11,"key":"ReplayFunnel"}],"event_choices":[{"damage_healed":0,"gold_gain":0,"player_choice":"Donut","damage_taken":0,"max_hp_gain":5,"max_hp_loss":0,"event_name":"Big Fish","floor":2,"gold_loss":0},{"damage_healed":0,"gold_gain":175,"player_choice":"AGREE","damage_taken":0,"max_hp_gain":0,"max_hp_loss":0,"event_name":"Liars Game","floor":3,"gold_loss":0,"cards_obtained":["Doubt"]}],"is_beta":false,"boss_relics":[{"not_picked":["hubris:Stopwatch","hubris:GrandSneckoEye"],"picked":"hubris:Backtick"}],"items_purged_floors":[12],"is_endless":false,"potions_floor_spawned":[16],"killed_by":"Cultist and Chosen","ascension_level":0}}