{"host":"mxyu30643x34zc6i","time":1609218011,"event":{"mods":["AchievementEnabler","Astrologer","BaseMod","Better Match","Better Note","Better Third Choice","Block Reminder","Colored Map","Colored Powertips","Hermit","Minty Spire (QoL Compilation)","Rare Cards Sparkle","Relic Stats","Replay The Spire","Shade Mod","Spicy Shops","StSLib","The Blackbeard","The Blue Laboratory","The Cursed","The Hierophant","The Mystic","The Runesmith","The Servant 0.9.4","The Spell Scribe"],"gold_per_floor":[134,209,8,8,283,313,119,119,119,149,164,164,179,194,194,319,319,334,274,28,43,68,68,98,98,98,113,0,15,30,30,30],"floor_reached":31,"playtime":1947,"items_purged":[],"score":288,"play_id":"913cb6a1-aba6-4955-a444-25365a55a34b","local_time":"20201228210011","daily_mods":["Allstar","Blue Cards","Night Terrors"],"is_ascension_mode":false,"campfire_choices":[{"floor":8,"key":"REST"},{"floor":12,"key":"REST"},{"data":"Regret","floor":15,"key":"PURGE"},{"data":"Magnetism","floor":23,"key":"SMITH"},{"floor":25,"key":"REST"}],"circlet_count":0,"master_deck":["Shade:AnimateDead","Shade:CarefulCut","Survey Options","HandOfGreed+1","Discovery","Forethought","Magnetism+1","Shade:WallOfFlesh","Shade:FreshBones","Shade:ExtraLimbs","Shade:SkeletonHug","Shade:StitchTogether","Shade:Premonition","Shade:PotionOfRestlessness","Shade:SoulToxin","Shade:CloudOfShrapnel","Shade:FeralStrike","Shade:GoDigging","Shade:SkeletonHug","Shade:PoundOfFlesh","Shade:FleshToFlesh","Shade:Tombstone","Shade:AblativeArmor","Shade:CommandSoldier","Shade:WallOfFlesh","Shade:MadHubris","Shade:PotionOfRestlessness","Shade:FreshBones","Shade:ClawBack","Shade:SkeletonArmy","Shade:GraveStillness","Shade:Frenzy","Shade:Doomsay","Shade:Doomsay","Shade:Frenzy","Shade:Premonition","Shade:Bonestorm","Shade:GreaterAnimation","Shade:FingerOfDeath","Shade:BoneShards+1","Shade:OpenGraves","Shade:AncientSpear","Shade:FleshLikeOak","Shade:FuneraryArmor","Shade:FleshOffering","Shade:AncientSpear","Shade:LichForm"],"relics":["Shade:YorickSkull","Membership Card","Lee\u0027s Waffle","Runesmith:Locket","Prayer Wheel","Dream Catcher","Lantern","Pandora\u0027s Box","Bottled Flame","Bronze Scales","Smiling Mask","Incense Burner","Snack Pack","Toolbox"],"acts_visited":["Exordium","TheCity"],"potions_floor_usage":[6,16,16,24,30,31],"damage_taken":[{"damage":0,"enemies":"Jaw Worm","floor":1,"turns":3},{"damage":29,"enemies":"Lagavulin","floor":6,"turns":7},{"damage":31,"enemies":"Gremlin Nob","floor":10,"turns":5},{"damage":0,"enemies":"2 Louse","floor":11,"turns":2},{"damage":1,"enemies":"Cultist","floor":13,"turns":3},{"damage":10,"enemies":"Large Slime","floor":14,"turns":4},{"damage":13,"enemies":"Slime Boss","floor":16,"turns":11},{"damage":6,"enemies":"Chosen","floor":18,"turns":4},{"damage":15,"enemies":"Shell Parasite","floor":21,"turns":4},{"damage":17,"enemies":"Replay:Snechameleon","floor":24,"turns":4},{"damage":15,"enemies":"Snake Plant","floor":27,"turns":3},{"damage":5,"enemies":"Snecko","floor":29,"turns":6},{"damage":22,"enemies":"Centurion and Healer","floor":30,"turns":3},{"damage":22,"enemies":"Shelled Parasite and Fungi","floor":31,"turns":2}],"seed_played":"6838610760785432018","potions_obtained":[{"floor":1,"key":"blueLaboratory:FruitPunch"},{"floor":11,"key":"blueLaboratory:PhilterOfMotion"},{"floor":13,"key":"SkillPotion"},{"floor":18,"key":"FearPotion"},{"floor":24,"key":"Fire Potion"},{"floor":30,"key":"blueLaboratory:BottleOfRum"}],"is_trial":false,"path_per_floor":["M","?","$","?","?","E","$","R","T","E","M","R","M","M","R_BF","B",null,"M","?","$","M","T","R","E","R","T","M","$","M","M","M"],"character_chosen":"SHADE","items_purchased":["Membership Card","Lee\u0027s Waffle","Shade:FreshBones","Shade:SkeletonHug","Prayer Wheel","Shade:StitchTogether","Shade:Premonition","Shade:Doomsay","Shade:Frenzy","Shade:Premonition","Bottled Flame","Bronze Scales","Shade:FleshLikeOak","Toolbox"],"campfire_rested":3,"item_purchase_floors":[3,3,3,7,7,7,7,20,20,20,20,20,28,28],"current_hp_per_floor":[65,54,72,72,72,45,45,69,69,38,38,64,63,53,53,40,64,64,64,64,49,49,49,32,59,59,44,44,39,17,0,0],"gold":30,"neow_bonus":"","is_daily":true,"chose_seed":false,"campfire_upgraded":1,"win_rate":0.0,"timestamp":1609218011,"path_taken":["M","?","$","?","?","E","$","R","T","E","?","R","M","M","R_BF","BOSS","M","?","$","M","?","R","E","R","T","?","?","M","M","M"],"items_purchased_type":["Relic","Relic","Card","Card","Relic","Card","Card","Card","Card","Card","Relic","Relic","Card","Relic"],"build_version":"2020-12-22","purchased_purges":0,"victory":false,"max_hp_per_floor":[65,65,72,72,72,74,74,69,69,69,69,64,64,64,64,64,64,64,64,64,64,64,64,64,59,59,59,59,59,59,59,59],"relic_stats":{"Lee\u0027s Waffle":18,"Dream Catcher":2,"counters":[14,61],"Bronze Scales":[75],"Prayer Wheel":8,"Pandora\u0027s Box":["Shade:AblativeArmor","Shade:CommandSoldier","Shade:WallOfFlesh","Shade:MadHubris","Shade:PotionOfRestlessness","Shade:FreshBones","Shade:ClawBack","Shade:SkeletonArmy"],"Smiling Mask":0,"obtain_stats":[{"Lee\u0027s Waffle":3,"Lantern":10,"Shade:YorickSkull":0,"Runesmith:Locket":6,"Incense Burner":24,"Smiling Mask":22,"Dream Catcher":9,"Bottled Flame":20,"Bronze Scales":20,"Toolbox":28,"Prayer Wheel":7,"Pandora\u0027s Box":17,"Snack Pack":26,"Membership Card":3},{"Lee\u0027s Waffle":1,"Lantern":3,"Shade:YorickSkull":0,"Runesmith:Locket":2,"Incense Burner":10,"Smiling Mask":9,"Dream Catcher":2,"Bottled Flame":8,"Bronze Scales":8,"Toolbox":11,"Prayer Wheel":2,"Pandora\u0027s Box":7,"Snack Pack":10,"Membership Card":1},{"Lee\u0027s Waffle":3,"Lantern":15,"Shade:YorickSkull":0,"Runesmith:Locket":10,"Incense Burner":47,"Smiling Mask":43,"Dream Catcher":10,"Bottled Flame":39,"Bronze Scales":39,"Toolbox":50,"Prayer Wheel":10,"Pandora\u0027s Box":35,"Snack Pack":47,"Membership Card":3}]},"card_choices":[{"not_picked":["Shade:BoneShards","Shade:FuneraryArmor"],"picked":"Shade:WallOfFlesh","floor":1},{"not_picked":["Shade:DarkOfNight","Shade:Bonestorm"],"picked":"Shade:ExtraLimbs","floor":6},{"not_picked":["Shade:Brains","Shade:LyeBath"],"picked":"Shade:PotionOfRestlessness","floor":10},{"not_picked":["Shade:WallOfFlesh","Shade:GreyBargain"],"picked":"Shade:SoulToxin","floor":11},{"not_picked":["Shade:FuneraryArmor","Shade:Premonition"],"picked":"Shade:CloudOfShrapnel","floor":11},{"not_picked":["Shade:GoDigging","Shade:SpontaneousRitual"],"picked":"Shade:FeralStrike","floor":12},{"not_picked":["Shade:PotionOfRestlessness","Shade:FeralStrike"],"picked":"Shade:GoDigging","floor":13},{"not_picked":["Shade:WallOfFlesh","Shade:FeralStrike"],"picked":"Shade:SkeletonHug","floor":13},{"not_picked":["Shade:FleshLikeOak","Shade:StitchTogether"],"picked":"Shade:PoundOfFlesh","floor":14},{"not_picked":["Shade:Asphyxiate","Shade:Bonestorm"],"picked":"Shade:FleshToFlesh","floor":14},{"not_picked":["Shade:Putrefaction","Shade:OminousRitual"],"picked":"Shade:Tombstone","floor":16},{"not_picked":["Shade:TouchOfTheGrave","Shade:GreyBargain+1"],"picked":"Shade:GraveStillness","floor":18},{"not_picked":["Shade:DangerousRitual","Shade:Excise+1"],"picked":"Shade:Frenzy","floor":18},{"not_picked":["Shade:BoneShards","Shade:Doomsay"],"picked":"Shade:Bonestorm","floor":21},{"not_picked":["Shade:FleshOffering","Shade:AncientSpear"],"picked":"Shade:GreaterAnimation","floor":21},{"not_picked":["Shade:SkeletonHug","Shade:CommandSoldier"],"picked":"Shade:FingerOfDeath","floor":24},{"not_picked":["Shade:FingerOfDeath","Shade:AuraOfUnlife+1"],"picked":"Shade:BoneShards+1","floor":25},{"not_picked":["Shade:PoundOfFlesh+1","Shade:SkeletonHug"],"picked":"Shade:OpenGraves","floor":27},{"not_picked":["Shade:Frenzy","Shade:Awaken"],"picked":"Shade:AncientSpear","floor":27},{"not_picked":["Shade:ClawBack+1","Shade:ExtraLimbs"],"picked":"Shade:FuneraryArmor","floor":29},{"not_picked":["Shade:FuneraryJewels","Shade:Trample"],"picked":"Shade:FleshOffering","floor":29},{"not_picked":["Shade:Trample","Shade:GreyBargain"],"picked":"Shade:AncientSpear","floor":30},{"not_picked":["Shade:FeralStrike","Shade:WallOfFlesh"],"picked":"Shade:LichForm","floor":30}],"player_experience":377825,"relics_obtained":[{"floor":6,"key":"Runesmith:Locket"},{"floor":9,"key":"Dream Catcher"},{"floor":10,"key":"Lantern"},{"floor":22,"key":"Smiling Mask"},{"floor":24,"key":"Incense Burner"},{"floor":26,"key":"Snack Pack"}],"event_choices":[{"damage_healed":0,"gold_gain":75,"player_choice":"Gold","damage_taken":11,"max_hp_gain":0,"max_hp_loss":0,"event_name":"betterThird:BetterGoop","floor":2,"gold_loss":0},{"damage_healed":0,"gold_gain":0,"player_choice":"Grow","damage_taken":0,"max_hp_gain":0,"max_hp_loss":0,"event_name":"Living Wall","floor":4,"gold_loss":0,"cards_upgraded":["HandOfGreed"]},{"damage_healed":0,"gold_gain":275,"player_choice":"Desecrate","damage_taken":0,"max_hp_gain":0,"max_hp_loss":0,"event_name":"Golden Shrine","floor":5,"gold_loss":0,"cards_obtained":["Regret"]}],"is_beta":false,"boss_relics":[{"not_picked":["Runic Pyramid","Painkiller Herb"],"picked":"Pandora\u0027s Box"}],"items_purged_floors":[],"is_endless":false,"potions_floor_spawned":[1,11,13,18,24,30],"killed_by":"Shelled Parasite and Fungi","ascension_level":0}}