{"host":"6i7jlcm7o9r8pzco","time":1609274555,"event":{"mods":["AchievementEnabler","BaseMod","Card Forge","Colored Powertips","Minty Spire (QoL Compilation)","StSLib"],"gold_per_floor":[110,110,127,137,137,137,155,189,189,189,209,209,60,235,235,337,337,349,361,55,55,55,55,80,179,179,189,189,35,54,71,71,172,172,184,184,184,229,239,239,259,285,311,311,344,357,357,201,201,201],"floor_reached":51,"playtime":2971,"items_purged":[],"score":873,"play_id":"398b6574-670c-467a-82df-696dee41e2e9","local_time":"20201229154235","is_ascension_mode":false,"campfire_choices":[{"floor":6,"key":"REST"},{"floor":12,"key":"REST"},{"floor":15,"key":"REST"},{"data":"Footwork","floor":23,"key":"SMITH"},{"data":"Terror","floor":40,"key":"SMITH"}],"circlet_count":0,"master_deck":["Neutralize+1","Flying Knee+1","Flying Knee+1","Slice+1","Flying Knee+1","Die Die Die+1","Footwork+1","Flying Knee+1","Deflect+1","Dash+1","Deadly Poison+1","Backstab+1","Backstab+1","Noxious Fumes+1","Deflect+1","Backflip+1","Backflip+1","Dodge and Roll+1","Good Instincts+1","Dramatic Entrance+1","Bandage Up+1","After Image+1","Bandage Up+1","Leg Sweep+1","Crippling Poison+1","Footwork+1","Well Laid Plans+1","Sucker Punch+1","Adrenaline+1","Good Instincts+1","Terror+1","Backstab+1","Dash+1","Die Die Die+1","Dramatic Entrance+1"],"relics":["Ring of the Snake","Hammer of Thor","Seething Fire","Anvil of the Gods","Pen Nib","Bottled Tornado","Strawberry","Coffee Dripper","Lizard Tail","Calipers","StoneCalendar","TwistedFunnel","Sozu","FossilizedHelix","Oddly Smooth Stone","Toy Ornithopter","Bronze Scales","Nunchaku"],"acts_visited":["Exordium","TheCity","TheBeyond"],"potions_floor_usage":[],"damage_taken":[{"damage":0,"enemies":"Small Slimes","floor":1,"turns":4},{"damage":0,"enemies":"Cultist","floor":3,"turns":2},{"damage":0,"enemies":"Jaw Worm","floor":4,"turns":2},{"damage":0,"enemies":"Blue Slaver","floor":7,"turns":2},{"damage":3,"enemies":"Lagavulin","floor":8,"turns":3},{"damage":0,"enemies":"Exordium Thugs","floor":11,"turns":3},{"damage":21,"enemies":"Hexaghost","floor":16,"turns":6},{"damage":0,"enemies":"3 Byrds","floor":18,"turns":4},{"damage":4,"enemies":"2 Thieves","floor":19,"turns":2},{"damage":0,"enemies":"Book of Stabbing","floor":24,"turns":5},{"damage":0,"enemies":"Cultist and Chosen","floor":27,"turns":4},{"damage":4,"enemies":"Centurion and Healer","floor":30,"turns":4},{"damage":3,"enemies":"Chosen and Byrds","floor":31,"turns":3},{"damage":0,"enemies":"Automaton","floor":33,"turns":7},{"damage":2,"enemies":"3 Shapes","floor":35,"turns":3},{"damage":8,"enemies":"2 Orb Walkers","floor":38,"turns":3},{"damage":0,"enemies":"Orb Walker","floor":39,"turns":2},{"damage":0,"enemies":"Transient","floor":41,"turns":5},{"damage":0,"enemies":"Nemesis","floor":42,"turns":7},{"damage":0,"enemies":"Giant Head","floor":45,"turns":7},{"damage":0,"enemies":"3 Darklings","floor":46,"turns":5},{"damage":10,"enemies":"Donu and Deca","floor":50,"turns":7}],"seed_played":"502919784304285796","potions_obtained":[{"floor":3,"key":"Swift Potion"},{"floor":4,"key":"EntropicBrew"},{"floor":7,"key":"SpeedPotion"},{"floor":33,"key":"LiquidBronze"}],"is_trial":false,"path_per_floor":["M","?","M","M","$","R","M","E","T","$","M","R","$","?","R","B",null,"M","M","$","?","$","R","E","?","T","M","R","$","M","M","R","B",null,"M","$","?","?","M","R","M","E","T","?","E","M","?","$","R","B",null],"character_chosen":"THE_SILENT","items_purchased":["Strawberry","Lizard Tail","TwistedFunnel","Nunchaku"],"campfire_rested":3,"item_purchase_floors":[13,20,29,48],"current_hp_per_floor":[77,77,77,77,77,77,77,74,74,74,74,77,84,84,84,69,84,84,80,80,80,80,80,84,84,84,84,84,84,84,84,84,84,84,82,82,82,74,84,84,84,84,84,84,84,84,80,80,80,80],"gold":201,"neow_bonus":"TEN_PERCENT_HP_BONUS","is_daily":false,"chose_seed":false,"campfire_upgraded":2,"win_rate":0.0,"timestamp":1609274555,"path_taken":["M","?","M","?","?","R","?","E","T","$","M","R","$","?","R","BOSS","M","M","$","?","?","R","E","?","T","M","R","$","M","M","R","BOSS","M","$","?","?","M","R","M","E","T","?","E","?","?","?","R","BOSS"],"items_purchased_type":["Relic","Relic","Relic","Relic"],"build_version":"2020-12-22","purchased_purges":0,"victory":true,"max_hp_per_floor":[77,77,77,77,77,77,77,77,77,77,77,77,84,84,84,84,84,84,84,84,84,84,84,84,84,84,84,84,84,84,84,84,84,84,84,84,84,84,84,84,84,84,84,84,84,84,80,80,80,80],"card_choices":[{"not_picked":["Slice","Outmaneuver"],"picked":"Flying Knee","floor":1},{"not_picked":["Acrobatics","Infinite Blades"],"picked":"Deflect","floor":3},{"not_picked":["Endless Agony","Heel Hook"],"picked":"Footwork","floor":4},{"not_picked":["Prepared","Tactician"],"picked":"Backstab","floor":7},{"not_picked":["Outmaneuver","Deadly Poison"],"picked":"Noxious Fumes","floor":8},{"not_picked":["Blade Dance","Flying Knee"],"picked":"Backflip","floor":11},{"not_picked":["Venomology","Adrenaline"],"picked":"After Image","floor":16},{"not_picked":["Blur","Bouncing Flask"],"picked":"Leg Sweep+1","floor":18},{"not_picked":["Finisher","Blade Dance"],"picked":"Slice","floor":19},{"not_picked":["Night Terror","Backflip"],"picked":"Well Laid Plans+1","floor":24},{"not_picked":["Slice","Dagger Throw","Flechettes"],"picked":"SKIP","floor":27},{"not_picked":["Flechettes+1","Finisher+1"],"picked":"Sucker Punch+1","floor":30},{"not_picked":["Dagger Spray","Poisoned Stab","Sucker Punch"],"picked":"SKIP","floor":31},{"not_picked":["Tools of the Trade","Phantasmal Killer"],"picked":"Adrenaline","floor":33},{"not_picked":["Expertise","All Out Attack+1","Reflex"],"picked":"SKIP","floor":35},{"not_picked":["Quick Slash+1","PiercingWail"],"picked":"Choke","floor":38},{"not_picked":["Dash+1","Flechettes+1"],"picked":"Terror","floor":39},{"not_picked":["Dagger Spray+1","Dagger Throw+1","Tactician"],"picked":"SKIP","floor":41},{"not_picked":["Distraction","Escape Plan"],"picked":"Backstab+1","floor":42},{"not_picked":["Doppelganger","Expertise","Eviscerate"],"picked":"SKIP","floor":45},{"not_picked":["Escape Plan+1","Backflip+1","Blur+1"],"picked":"SKIP","floor":46}],"player_experience":3139,"relics_obtained":[{"floor":8,"key":"Pen Nib"},{"floor":9,"key":"Bottled Tornado"},{"floor":24,"key":"Calipers"},{"floor":26,"key":"StoneCalendar"},{"floor":38,"key":"FossilizedHelix"},{"floor":42,"key":"Oddly Smooth Stone"},{"floor":43,"key":"Toy Ornithopter"},{"floor":45,"key":"Bronze Scales"}],"event_choices":[{"damage_healed":0,"gold_gain":0,"player_choice":"1 cards matched","damage_taken":0,"max_hp_gain":0,"max_hp_loss":0,"event_name":"Match and Keep!","floor":2,"gold_loss":0,"cards_obtained":["Die Die Die"]},{"damage_healed":0,"gold_gain":175,"player_choice":"AGREE","damage_taken":0,"max_hp_gain":0,"max_hp_loss":0,"event_name":"Liars Game","floor":14,"gold_loss":0,"cards_obtained":["Doubt"]},{"damage_healed":0,"gold_gain":0,"cards_transformed":["Slice"],"player_choice":"Transformed","damage_taken":0,"max_hp_gain":0,"max_hp_loss":0,"event_name":"Transmorgrifier","floor":21,"gold_loss":0,"cards_obtained":["Footwork"]},{"damage_healed":0,"gold_gain":99,"player_choice":"Stole From Cult","damage_taken":0,"max_hp_gain":0,"max_hp_loss":0,"event_name":"Nest","floor":25,"gold_loss":0},{"damage_healed":0,"gold_gain":0,"player_choice":"Ignored","damage_taken":0,"max_hp_gain":0,"max_hp_loss":0,"event_name":"Tomb of Lord Red Mask","floor":37,"gold_loss":0},{"damage_healed":0,"gold_gain":0,"player_choice":"Fight","damage_taken":0,"max_hp_gain":0,"max_hp_loss":0,"event_name":"Mysterious Sphere","floor":38,"gold_loss":0},{"damage_healed":0,"gold_gain":0,"player_choice":"Copied","damage_taken":0,"max_hp_gain":0,"max_hp_loss":0,"event_name":"Duplicator","floor":44,"gold_loss":0,"cards_obtained":["Dash"]},{"damage_healed":0,"gold_gain":0,"player_choice":"Max HP","damage_taken":0,"max_hp_gain":0,"max_hp_loss":4,"event_name":"Winding Halls","floor":47,"gold_loss":0}],"is_beta":false,"boss_relics":[{"not_picked":["Cursed Key","Runic Pyramid"],"picked":"Coffee Dripper"},{"not_picked":["Black Star","SacredBark"],"picked":"Sozu"}],"items_purged_floors":[],"is_endless":false,"potions_floor_spawned":[3,4,7,11,19,24,31,33,35,41,42,45],"ascension_level":0}}