{"host":"txhhdwa0hqfs4jhb","time":1609284657,"event":{"mods":["AchievementEnabler","BaseMod","Better Third Choice","Filter the Spire","Minty Spire (QoL Compilation)","Relic Stats","StSLib","Thieving Mod"],"gold_per_floor":[109,33,108,121,19,19,19],"floor_reached":6,"playtime":194,"items_purged":[],"score":49,"play_id":"03034eb4-ab97-422a-89bf-55552b7e28ea","local_time":"20201229233056","is_ascension_mode":true,"campfire_choices":[],"circlet_count":0,"master_deck":["Strike_G","Strike_G","Strike_G","Strike_G","Strike_G","Defend_G","Defend_G","Defend_G","Defend_G","Defend_G","Survivor","Neutralize","Backstab","Slice"],"relics":["Ring of the Snake","FossilizedHelix","Happy Flower","Membership Card","Tiny Chest"],"acts_visited":["Exordium"],"potions_floor_usage":[],"damage_taken":[{"damage":2.0,"enemies":"Jaw Worm","floor":1.0,"turns":5.0},{"damage":0.0,"enemies":"2 Louse","floor":4.0,"turns":4.0},{"damage":40,"enemies":"Lagavulin","floor":6,"turns":8}],"seed_played":"-1550114669870169904","potions_obtained":[],"is_trial":false,"path_per_floor":["M","$","?","M","$","E"],"character_chosen":"THE_SILENT","items_purchased":["Backstab","Tiny Chest","Slice"],"campfire_rested":0,"item_purchase_floors":[2,5,5],"current_hp_per_floor":[43,43,32,32,32,0,0],"gold":19,"neow_bonus":"ONE_RARE_RELIC","is_daily":false,"chose_seed":false,"campfire_upgraded":0,"win_rate":0.0,"timestamp":1609284656,"path_taken":["M","$","?","M","$","E"],"items_purchased_type":["Card","Relic","Card"],"build_version":"2020-12-22","purchased_purges":0,"victory":false,"max_hp_per_floor":[70,70,70,70,70,70,70],"relic_stats":{"Happy Flower":[4],"counters":[3,17],"Tiny Chest":0,"obtain_stats":[{"Happy Flower":2,"Tiny Chest":5,"Membership Card":5,"FossilizedHelix":0,"Ring of the Snake":0},{"Happy Flower":1,"Tiny Chest":2,"Membership Card":2,"FossilizedHelix":0,"Ring of the Snake":0},{"Happy Flower":5,"Tiny Chest":9,"Membership Card":9,"FossilizedHelix":0,"Ring of the Snake":0}],"Ring of the Snake":[6]},"card_choices":[{"not_picked":["Deflect","Expertise","Dodge and Roll"],"picked":"SKIP","floor":1.0},{"not_picked":["Tactician","Concentrate","Prepared"],"picked":"SKIP","floor":4.0}],"player_experience":193423,"relics_obtained":[],"event_choices":[{"damage_healed":0.0,"max_hp_gain":0.0,"max_hp_loss":0.0,"gold_gain":75.0,"event_name":"betterThird:BetterGoop","player_choice":"Gold","floor":3.0,"gold_loss":0.0,"damage_taken":11.0}],"is_beta":false,"boss_relics":[],"items_purged_floors":[],"is_endless":false,"potions_floor_spawned":[],"killed_by":"Lagavulin","ascension_level":9}}