{"host":"8l1qb9w19kzm0lfc","time":1609265501,"event":{"mods":["2.2 Compatiblity","Abigail Mod","Act Like it!","Astrologer","Bard","BaseMod","Beaked The Cultist","CatGirl Mod","Chen","Colored Map","Conspire","Custom Start","Downfall","Duelist Mod","Gremlin Mod","HornydragonMod","Hubris","Infinite Spire","Jorbs\u0027s Wanderer Trilogy","Koishi","LagranYue(???·?)","Mad Scientist","Marisa????????","Minty Spire (QoL Compilation)","Pale of the Ancients","Reimu??????","Relic Sorter","Replay The Spire","Shop Mod","StSLib","SuperFastMode","The Administrix","The Animator","The Blackbeard","The Bug Knight","The Clintock","The Construct","The Cursed","The Elementalist","The Florist","The Gatherer","The Hayseed","The Hierophant","The Jungle","The Mystic","The Necromancer","The Poker Player","The Runesmith","The Saiyan","The Senshi","The Servant 0.9.4","The Spell Scribe","The Wild Card","The Witch","TheArtist","TheLocksmith"],"gold_per_floor":[99,116,129,129,129,129,180,199,217,120,138,171,171,182,201,201,201],"floor_reached":16,"playtime":906,"items_purged":[],"score":104,"play_id":"15231aaf-104a-4bef-8229-e586d42d91bf","local_time":"20201229181141","is_ascension_mode":false,"campfire_choices":[{"data":"champ:Execute","floor":1,"key":"SMITH"}],"circlet_count":0,"master_deck":["champ:Strike","champ:Strike","champ:Strike","champ:Strike","champ:Defend","champ:Defend","champ:Defend","champ:Defend","champ:Execute+1","champ:Taunt","champ:DefensiveStyle","infinitespire:DeathsTouch","champ:Circumvent","champ:ShieldWall","Replay:Bootleg Shield Generator"],"relics":["champ:ChampionCrown","LagranYue:RandomDrawCardRelic","Girya","HollowMod:PaleOreRelic","infinitespire:Lucky Rock","RuthlessExorcism:ReiMu","downfall:BrokenWingStatue"],"acts_visited":["Exordium"],"potions_floor_usage":[15,16],"damage_taken":[{"damage":6,"enemies":"2 Louse","floor":2,"turns":3},{"damage":5,"enemies":"Jaw Worm","floor":3,"turns":5},{"damage":5,"enemies":"Small Slimes","floor":8,"turns":3},{"damage":27,"enemies":"Exordium Wildlife","floor":9,"turns":6},{"damage":0,"enemies":"downfall:FleeingMerchant","floor":10,"turns":4},{"damage":5,"enemies":"Large Slime","floor":11,"turns":3},{"damage":20,"enemies":"3 Sentries","floor":12,"turns":6},{"damage":2,"enemies":"Blue Slaver","floor":14,"turns":3},{"damage":12,"enemies":"Large Slime","floor":15,"turns":7},{"damage":82,"enemies":"downfall:Ironclad","floor":16,"turns":13}],"seed_played":"-454406942962981530","potions_obtained":[{"floor":2,"key":"Swift Potion"},{"floor":9,"key":"champ:TechniquePotion"},{"floor":11,"key":"GamblersBrew"}],"is_trial":false,"path_per_floor":["R","M","M","?","T","?","T","M","M","$","M","E","?","M","M","B"],"character_chosen":"THE_CHAMP","items_purchased":["Replay:Bootleg Shield Generator"],"campfire_rested":0,"item_purchase_floors":[10],"current_hp_per_floor":[99,98,98,74,74,74,74,74,57,57,57,47,47,45,43,0,0],"gold":201,"neow_bonus":"TEN_PERCENT_HP_BONUS","is_daily":false,"chose_seed":false,"campfire_upgraded":1,"win_rate":0.0,"timestamp":1609265501,"path_taken":["R","M","M","?","?","?","T","M","M","$","?","E","?","M","M","BOSS"],"items_purchased_type":["Card"],"build_version":"2020-12-22","purchased_purges":0,"victory":false,"max_hp_per_floor":[99,99,99,99,99,99,99,99,99,99,99,99,99,99,99,99,99],"card_choices":[{"not_picked":["champ:GutPunch","champ:FanOfKnives"],"picked":"champ:DefensiveStyle","floor":2},{"not_picked":["champ:AdrenalArmor","champ:ViciousMockery","champ:CrookedStrike"],"picked":"SKIP","floor":3},{"not_picked":["infinitespire:Starlight","infinitespire:Oblivion"],"picked":"infinitespire:DeathsTouch","floor":4},{"not_picked":["champ:TornadoPunch","champ:AdrenalArmor"],"picked":"champ:Circumvent","floor":8},{"not_picked":["champ:FlashCut","champ:BerserkersShout","champ:PreciseThrust"],"picked":"SKIP","floor":9},{"not_picked":["champ:GutPunch","champ:ShieldThrow"],"picked":"champ:ShieldWall","floor":10},{"not_picked":["champ:FocusedBerserking","champ:GladiatorStyle","champ:StanceDance"],"picked":"SKIP","floor":11},{"not_picked":["champ:RisingSlash","champ:Haymaker","champ:BladeFlurry"],"picked":"SKIP","floor":12},{"not_picked":["champ:BladeFlurry","champ:Haymaker","champ:AdrenalArmor"],"picked":"SKIP","floor":14},{"not_picked":["champ:FocusedDefense","champ:HeartStrike","champ:BladeFlurry"],"picked":"SKIP","floor":15}],"player_experience":509590,"relics_obtained":[{"floor":5,"key":"Girya"},{"floor":6,"key":"HollowMod:PaleOreRelic"},{"floor":7,"key":"infinitespire:Lucky Rock"},{"floor":12,"key":"RuthlessExorcism:ReiMu"}],"event_choices":[],"is_beta":false,"boss_relics":[],"items_purged_floors":[],"is_endless":false,"potions_floor_spawned":[2,9,11],"killed_by":"downfall:Ironclad","ascension_level":0}}