{"host":"utqe55yv0jihe4d6","time":1609250164,"event":{"mods":["2.2 Compatiblity","AchievementEnabler","BaseMod","Block Reminder","Colored Map","Colored Powertips","Minty Spire (QoL Compilation)","Quick Restart","Rare Cards Sparkle","Relic Stats","SuperFastMode"],"gold_per_floor":[109,119,19,30,4,4,31,31,104,137,117,128,143,177,177,254,254,254,254,254,254,254,254,254,254,254],"floor_reached":25,"playtime":769,"items_purged":["Defend_P"],"score":528,"play_id":"d85fc159-af81-4626-aa0d-ab6e1500be60","local_time":"20201229085604","is_ascension_mode":true,"campfire_choices":[{"data":"WheelKick","floor":6,"key":"SMITH"},{"floor":8,"key":"REST"},{"data":"FlyingSleeves","floor":15,"key":"SMITH"},{"floor":24,"key":"REST"}],"circlet_count":0,"master_deck":["AscendersBane","Strike_P+1","Strike_P+1","Strike_P","Strike_P","Defend_P+1","Defend_P","Defend_P+1","Eruption+1","Vigilance+1","LessonLearned","WheelKick+1","FlyingSleeves+1","FlurryOfBlows","Consecrate","Halt+1","ClearTheMind+1","Evaluate","Wish","FearNoEvil","Adaptation","Halt+1","WindmillStrike"],"relics":["PureWater","MealTicket","Shuriken","Tiny Chest","Potion Belt","Ectoplasm","Anchor","Red Mask","Matryoshka","Happy Flower"],"acts_visited":["Exordium","TheCity"],"potions_floor_usage":[7,16,20,23],"damage_taken":[{"damage":11,"enemies":"Jaw Worm","floor":1,"turns":7},{"damage":0,"enemies":"Cultist","floor":2,"turns":3},{"damage":7,"enemies":"2 Louse","floor":4,"turns":4},{"damage":6,"enemies":"3 Sentries","floor":7,"turns":4},{"damage":0,"enemies":"Gremlin Nob","floor":10,"turns":2},{"damage":0,"enemies":"Blue Slaver","floor":12,"turns":1},{"damage":8,"enemies":"Looter","floor":13,"turns":4},{"damage":8,"enemies":"3 Sentries","floor":14,"turns":5},{"damage":23,"enemies":"Hexaghost","floor":16,"turns":10},{"damage":13,"enemies":"Shell Parasite","floor":18,"turns":4},{"damage":0,"enemies":"Masked Bandits","floor":20,"turns":2},{"damage":0,"enemies":"Spheric Guardian","floor":21,"turns":2},{"damage":25,"enemies":"Slavers","floor":23,"turns":5},{"damage":45,"enemies":"Gremlin Leader","floor":25,"turns":4}],"seed_played":"2023180504241232363","potions_obtained":[{"floor":1,"key":"SkillPotion"},{"floor":2,"key":"Dexterity Potion"},{"floor":11,"key":"StancePotion"},{"floor":14,"key":"SkillPotion"},{"floor":20,"key":"Strength Potion"}],"is_trial":false,"path_per_floor":["M","M","$","M","$","R","E","R","T","E","?","M","M","E","R","B",null,"M","T","?","M","T","E","R","E"],"character_chosen":"WATCHER","items_purchased":["FlurryOfBlows","Halt"],"campfire_rested":2,"item_purchase_floors":[3,5],"current_hp_per_floor":[50,50,50,43,43,43,37,57,57,57,57,57,49,41,41,18,56,43,43,43,43,43,18,38,0,0],"gold":254,"neow_bonus":"ONE_RANDOM_RARE_CARD","is_daily":false,"chose_seed":false,"campfire_upgraded":2,"win_rate":0.0,"timestamp":1609250164,"path_taken":["M","M","$","M","$","R","E","R","T","E","?","M","M","E","R","BOSS","M","?","?","M","?","E","R","E"],"items_purchased_type":["Card","Card"],"build_version":"2020-12-22","purchased_purges":1,"victory":false,"max_hp_per_floor":[68,68,68,68,68,68,68,68,68,68,68,68,68,68,68,68,68,68,68,68,68,68,68,68,68,68],"relic_stats":{"Happy Flower":[1],"counters":[14,57],"Shuriken":[15],"MealTicket":0,"Tiny Chest":1,"Ectoplasm":159,"obtain_stats":[{"Potion Belt":14,"Anchor":19,"Matryoshka":22,"Happy Flower":23,"Shuriken":9,"MealTicket":7,"Tiny Chest":10,"Ectoplasm":17,"Red Mask":20,"PureWater":0},{"Potion Belt":8,"Anchor":10,"Matryoshka":12,"Happy Flower":13,"Shuriken":4,"MealTicket":4,"Tiny Chest":5,"Ectoplasm":9,"Red Mask":11,"PureWater":0},{"Potion Belt":30,"Anchor":44,"Matryoshka":48,"Happy Flower":53,"Shuriken":18,"MealTicket":18,"Tiny Chest":20,"Ectoplasm":40,"Red Mask":46,"PureWater":0}]},"card_choices":[{"not_picked":["Adaptation","Halt"],"picked":"WheelKick","floor":1},{"not_picked":["Protect","InnerPeace"],"picked":"FlyingSleeves","floor":2},{"not_picked":["Weave","FlurryOfBlows"],"picked":"Consecrate","floor":4},{"not_picked":["Nirvana","FlyingSleeves","Alpha"],"picked":"SKIP","floor":7},{"not_picked":["ForeignInfluence","Prostrate"],"picked":"ClearTheMind","floor":10},{"not_picked":["JustLucky","BowlingBash","Study"],"picked":"SKIP","floor":12},{"not_picked":["Worship","Collect"],"picked":"Evaluate","floor":13},{"not_picked":["ClearTheMind","FlurryOfBlows","Prostrate"],"picked":"SKIP","floor":14},{"not_picked":["MasterReality","LessonLearned"],"picked":"Wish","floor":16},{"not_picked":["Swivel+1","CrushJoints"],"picked":"FearNoEvil","floor":18},{"not_picked":["ClearTheMind","ForeignInfluence"],"picked":"Adaptation","floor":20},{"not_picked":["Pray","Crescendo"],"picked":"Halt+1","floor":21},{"not_picked":["Prostrate","JustLucky"],"picked":"WindmillStrike","floor":23}],"player_experience":2889684,"relics_obtained":[{"floor":7,"key":"MealTicket"},{"floor":9,"key":"Shuriken"},{"floor":10,"key":"Tiny Chest"},{"floor":14,"key":"Potion Belt"},{"floor":19,"key":"Anchor"},{"floor":20,"key":"Red Mask"},{"floor":22,"key":"Matryoshka"},{"floor":23,"key":"Happy Flower"}],"event_choices":[{"damage_healed":0,"gold_gain":0,"player_choice":"Bought 1 Potion","damage_taken":0,"max_hp_gain":0,"max_hp_loss":0,"event_name":"The Woman in Blue","floor":11,"gold_loss":0},{"damage_healed":0,"gold_gain":0,"player_choice":"Fought Bandits","damage_taken":0,"max_hp_gain":0,"max_hp_loss":0,"event_name":"Masked Bandits","floor":20,"gold_loss":0}],"is_beta":false,"boss_relics":[{"not_picked":["Astrolabe","Runic Dome"],"picked":"Ectoplasm"}],"items_purged_floors":[3],"is_endless":false,"potions_floor_spawned":[1,2,13,14,20],"killed_by":"Gremlin Leader","ascension_level":20}}