{"host":"4nqeo0vu1vuav7gg","time":1609263917,"event":{"mods":["AchievementEnabler","BaseMod","Block Reminder","Colored Map","Colored Powertips","Highlight Path","Minty Spire (QoL Compilation)","Quick Restart","Rare Cards Sparkle","Relic Relevance Reorder","StSLib"],"gold_per_floor":[117,117,73,92,112,112,140,151,151,116,126,126,126,136,136,207,207,225,243,243,254,268,268,113,113,113],"floor_reached":25,"playtime":1300,"items_purged":["Defend_B"],"score":415,"play_id":"ca93c28c-d44d-4e62-96bb-f4729b04ee5b","local_time":"20201229184517","is_ascension_mode":true,"campfire_choices":[{"data":"Genetic Algorithm","floor":6,"key":"SMITH"},{"data":"Glacier","floor":12,"key":"SMITH"},{"data":"Machine Learning","floor":15,"key":"SMITH"},{"floor":23,"key":"REST"}],"circlet_count":0,"master_deck":["AscendersBane","Defend_B","Defend_B","Defend_B","Zap","Dualcast","Sweeping Beam+1","Genetic Algorithm+1","Glacier+1","Gash","Sunder","Melter","Machine Learning+1","Biased Cognition","Darkness","Compile Driver","Bite","Bite","Bite","Bite","Bite","Capacitor"],"relics":["FrozenCore","Oddly Smooth Stone","PreservedInsect","Juzu Bracelet"],"acts_visited":["Exordium","TheCity"],"potions_floor_usage":[7,14,14,22,25,25],"damage_taken":[{"damage":12,"enemies":"Small Slimes","floor":1,"turns":4},{"damage":6,"enemies":"Cultist","floor":4,"turns":4},{"damage":9,"enemies":"Jaw Worm","floor":5,"turns":4},{"damage":14,"enemies":"Lagavulin","floor":7,"turns":10},{"damage":0,"enemies":"Looter","floor":8,"turns":3},{"damage":12,"enemies":"Large Slime","floor":11,"turns":7},{"damage":4,"enemies":"Exordium Thugs","floor":14,"turns":4},{"damage":15,"enemies":"The Guardian","floor":16,"turns":15},{"damage":2,"enemies":"Shell Parasite","floor":18,"turns":7},{"damage":0,"enemies":"Spheric Guardian","floor":19,"turns":4},{"damage":6,"enemies":"Snecko","floor":21,"turns":7},{"damage":21,"enemies":"Snake Plant","floor":22,"turns":7},{"damage":60,"enemies":"Slavers","floor":25,"turns":5}],"seed_played":"4959319895201356385","potions_obtained":[{"floor":4,"key":"FearPotion"},{"floor":5,"key":"Swift Potion"},{"floor":11,"key":"EssenceOfSteel"},{"floor":18,"key":"Block Potion"},{"floor":21,"key":"Dexterity Potion"},{"floor":22,"key":"Block Potion"}],"is_trial":false,"path_per_floor":["M","?","$","M","M","R","E","M","T","?","M","R","?","M","R","B",null,"M","M","?","M","M","R","$","E"],"character_chosen":"DEFECT","items_purchased":["Genetic Algorithm","Capacitor"],"campfire_rested":1,"item_purchase_floors":[3,24],"current_hp_per_floor":[52,52,52,46,37,37,23,23,23,40,28,28,33,29,29,14,57,55,55,49,48,39,49,49,0,0],"gold":113,"neow_bonus":"RANDOM_COMMON_RELIC","is_daily":false,"chose_seed":false,"campfire_upgraded":3,"win_rate":0.0,"timestamp":1609263917,"path_taken":["M","?","?","M","M","R","E","M","T","?","M","R","?","M","R","BOSS","M","M","?","M","M","R","$","E"],"items_purchased_type":["Card","Card"],"build_version":"2020-12-22","purchased_purges":1,"victory":false,"max_hp_per_floor":[71,71,71,71,71,71,71,71,71,71,71,71,71,71,71,71,71,71,71,49,49,49,49,49,49,49],"card_choices":[{"not_picked":["Compile Driver","Beam Cell"],"picked":"Sweeping Beam","floor":1},{"not_picked":["Static Discharge","Aggregate"],"picked":"Glacier","floor":4},{"not_picked":["Beam Cell","Reprogram"],"picked":"Gash","floor":5},{"not_picked":["Sweeping Beam","Hello World"],"picked":"Sunder","floor":7},{"not_picked":["Hello World","Fusion"],"picked":"Rebound","floor":8},{"not_picked":["Consume","Steam"],"picked":"Melter","floor":11},{"not_picked":["Compile Driver","Streamline"],"picked":"Machine Learning","floor":14},{"not_picked":["All For One","Seek"],"picked":"Biased Cognition","floor":16},{"not_picked":["Go for the Eyes","Double Energy"],"picked":"Darkness","floor":18},{"not_picked":["Leap","Conserve Battery"],"picked":"Compile Driver","floor":19},{"not_picked":["Turbo","Streamline","Heatsinks"],"picked":"SKIP","floor":21},{"not_picked":["Hologram+1","Compile Driver","Rebound"],"picked":"SKIP","floor":22}],"player_experience":1033868,"relics_obtained":[{"floor":7,"key":"Oddly Smooth Stone"},{"floor":9,"key":"PreservedInsect"}],"event_choices":[{"damage_healed":0,"gold_gain":0,"player_choice":"Upgraded","damage_taken":0,"max_hp_gain":0,"max_hp_loss":0,"event_name":"Upgrade Shrine","floor":2,"gold_loss":0,"cards_upgraded":["Sweeping Beam"]},{"damage_healed":17,"gold_gain":0,"player_choice":"Healed","damage_taken":0,"max_hp_gain":0,"max_hp_loss":0,"event_name":"The Cleric","floor":10,"gold_loss":35},{"cards_removed":["Rebound"],"damage_healed":5,"gold_gain":0,"player_choice":"Offered Common","damage_taken":0,"max_hp_gain":0,"max_hp_loss":0,"event_name":"Bonfire Elementals","floor":13,"gold_loss":0},{"cards_removed":["Rebound"],"damage_healed":5,"gold_gain":0,"player_choice":"Offered Special","damage_taken":0,"max_hp_gain":0,"max_hp_loss":0,"event_name":"Bonfire Elementals","floor":13,"gold_loss":0},{"damage_healed":0,"gold_gain":0,"player_choice":"Became a vampire","damage_taken":0,"max_hp_gain":0,"max_hp_loss":22,"event_name":"Vampires","floor":20,"gold_loss":0,"cards_obtained":["Bite","Bite","Bite","Bite","Bite"]}],"is_beta":false,"boss_relics":[{"not_picked":["Busted Crown","Philosopher\u0027s Stone"],"picked":"FrozenCore"}],"items_purged_floors":[24],"is_endless":false,"potions_floor_spawned":[4,5,11,18,21,22],"killed_by":"Slavers","ascension_level":18}}