{"host":"8by3m8mve9y2rhh4","time":1609207183,"event":{"mods":["BaseMod","Minty Spire (QoL Compilation)","Quick Restart"],"gold_per_floor":[19,19,44,44,44,44,83,83,83,83,104,104,135,11,11,137,137,162,175,200,216,22,22,41,75,100,100,113,137,172,34,34,34,34],"floor_reached":33,"playtime":1023,"items_purged":["Strike_R","Strike_R"],"score":310,"play_id":"bea57c69-4a58-4f0c-95c3-7bcaa2e2c0b4","local_time":"20201229015943","is_ascension_mode":true,"campfire_choices":[{"data":"Limit Break","floor":6,"key":"SMITH"},{"floor":8,"key":"REST"},{"floor":10,"key":"REST"},{"floor":12,"key":"RECALL"},{"floor":15,"key":"REST"},{"floor":23,"key":"REST"},{"floor":27,"key":"REST"},{"floor":32,"key":"REST"}],"circlet_count":0,"master_deck":["Strike_R","Strike_R","Strike_R","Defend_R","Defend_R","Defend_R","Defend_R","Bash","Limit Break+1","Inflame","Headbutt","Flame Barrier","Spot Weakness","Headbutt","Shrug It Off","Double Tap","Sword Boomerang","Shrug It Off+1","Heavy Blade","Rage+1","Metallicize"],"relics":["Burning Blood","Golden Idol","Question Card","NlothsMask","Gremlin Horn","Busted Crown","Oddly Smooth Stone","Toxic Egg 2","Regal Pillow","Pear"],"acts_visited":["Exordium","TheCity"],"potions_floor_usage":[16,19,20,21,24,25],"damage_taken":[{"damage":0,"enemies":"Small Slimes","floor":1,"turns":5},{"damage":6,"enemies":"Jaw Worm","floor":3,"turns":6},{"damage":37,"enemies":"3 Sentries","floor":7,"turns":9},{"damage":6,"enemies":"Cultist","floor":11,"turns":4},{"damage":49,"enemies":"Gremlin Nob","floor":13,"turns":5},{"damage":53,"enemies":"The Guardian","floor":16,"turns":10},{"damage":27,"enemies":"Spheric Guardian","floor":18,"turns":4},{"damage":0,"enemies":"3 Byrds","floor":19,"turns":2},{"damage":21,"enemies":"Snake Plant","floor":20,"turns":2},{"damage":28,"enemies":"Sentry and Sphere","floor":21,"turns":5},{"damage":9,"enemies":"Centurion and Healer","floor":24,"turns":10},{"damage":28,"enemies":"Gremlin Leader","floor":25,"turns":4},{"damage":30,"enemies":"Snake Plant","floor":28,"turns":4},{"damage":22,"enemies":"Cultist and Chosen","floor":29,"turns":6},{"damage":39,"enemies":"Book of Stabbing","floor":30,"turns":5},{"damage":62,"enemies":"Collector","floor":33,"turns":7}],"seed_played":"-1621921083128785218","potions_obtained":[{"floor":11,"key":"Dexterity Potion"},{"floor":16,"key":"BloodPotion"},{"floor":18,"key":"Explosive Potion"},{"floor":19,"key":"Explosive Potion"},{"floor":21,"key":"SpeedPotion"}],"is_trial":false,"path_per_floor":["M","?","M","T","?","R","E","R","T","R","M","R","E","$","R","B",null,"M","M","M","M","$","R","M","E","T","R","M","M","E","$","R","B"],"character_chosen":"IRONCLAD","items_purchased":["Shrug It Off","Oddly Smooth Stone","SkillPotion","Metallicize"],"campfire_rested":6,"item_purchase_floors":[14,22,22,31],"current_hp_per_floor":[80,60,60,60,60,60,29,53,53,77,77,77,34,34,58,11,80,59,65,50,44,44,68,65,43,43,80,56,40,17,17,59,0,0],"gold":34,"neow_bonus":"THREE_RARE_CARDS","is_daily":false,"chose_seed":false,"campfire_upgraded":1,"win_rate":0.0,"timestamp":1609207183,"path_taken":["M","?","M","?","?","R","E","R","T","R","?","R","E","$","R","BOSS","M","M","M","M","$","R","M","E","T","R","M","M","E","$","R","BOSS"],"items_purchased_type":["Card","Relic","Potion","Card"],"build_version":"2020-12-22","purchased_purges":2,"victory":false,"max_hp_per_floor":[80,80,80,80,80,80,80,80,80,80,80,80,80,80,80,80,80,80,80,80,80,80,80,80,80,80,80,80,80,90,90,90,90,90],"card_choices":[{"not_picked":["Immolate","Impervious"],"picked":"Limit Break","floor":0},{"not_picked":["Clothesline","Cleave"],"picked":"Inflame","floor":1},{"not_picked":["Reckless Charge","Combust"],"picked":"Headbutt","floor":3},{"not_picked":["Impervious","Anger","Flame Barrier","Carnage"],"picked":"SKIP","floor":7},{"not_picked":["Impervious","Anger","Carnage"],"picked":"Flame Barrier","floor":7},{"not_picked":["Combust","Clash","Wild Strike"],"picked":"Spot Weakness","floor":11},{"not_picked":["Rampage","Offering","Flame Barrier"],"picked":"Headbutt","floor":13},{"not_picked":["Brutality","Corruption","Berserk"],"picked":"Double Tap","floor":16},{"not_picked":["Wild Strike","Shrug It Off"],"picked":"SKIP","floor":18},{"not_picked":["Havoc"],"picked":"Sword Boomerang","floor":19},{"not_picked":["Perfected Strike","Shockwave"],"picked":"SKIP","floor":20},{"not_picked":["Berserk"],"picked":"Shrug It Off+1","floor":21},{"not_picked":["Searing Blow+1","Evolve"],"picked":"SKIP","floor":24},{"not_picked":["Anger","Hemokinesis"],"picked":"SKIP","floor":25},{"not_picked":["Havoc+1"],"picked":"Heavy Blade","floor":28},{"not_picked":["Clash","Headbutt"],"picked":"SKIP","floor":29},{"not_picked":["Wild Strike"],"picked":"Rage+1","floor":30}],"player_experience":617283,"relics_obtained":[{"floor":4,"key":"Question Card"},{"floor":7,"key":"Gremlin Horn"},{"floor":25,"key":"Toxic Egg 2"},{"floor":26,"key":"Regal Pillow"},{"floor":30,"key":"Pear"}],"event_choices":[{"damage_healed":0,"gold_gain":0,"player_choice":"Take Damage","damage_taken":20,"relics_obtained":["Golden Idol"],"max_hp_gain":0,"max_hp_loss":0,"event_name":"Golden Idol","floor":2,"gold_loss":0},{"damage_healed":0,"gold_gain":0,"player_choice":"Trade","damage_taken":0,"relics_obtained":["NlothsMask"],"max_hp_gain":0,"max_hp_loss":0,"event_name":"FaceTrader","floor":5,"gold_loss":0}],"is_beta":false,"boss_relics":[{"not_picked":["Ectoplasm","Coffee Dripper"],"picked":"Busted Crown"}],"items_purged_floors":[14,31],"is_endless":false,"potions_floor_spawned":[11,16,18,19,21],"killed_by":"Collector","ascension_level":1}}