{"host":"yo9wwslrag05lh37","time":1609259832,"event":{"mods":["AchievementEnabler","BaseMod","Block Reminder","Colored Map","Colored Powertips","GifTheSpireLib","HexUI Lib","Highlight Path","Minty Spire (QoL Compilation)","Rare Cards Sparkle","Relic Stats","StSLib","everything is the same but u backflip on backflip"],"gold_per_floor":[119,133,150,166,166,166,189,230,254,289,309,333,333,348,348,441,441,465,380,380,380,430,430,446,469,493,493,493],"floor_reached":27,"playtime":1013,"items_purged":[],"score":454,"play_id":"cb6a6a87-abee-4b8d-af65-c7c58279f63a","local_time":"20201229173712","is_ascension_mode":true,"campfire_choices":[{"data":"Sunder","floor":6,"key":"SMITH"},{"data":"Beam Cell","floor":13,"key":"SMITH"},{"data":"Zap","floor":15,"key":"SMITH"},{"data":"Defragment","floor":23,"key":"SMITH"}],"circlet_count":0,"master_deck":["AscendersBane","Strike_B","Strike_B","Strike_B","Strike_B","Defend_B","Defend_B","Defend_B","Defend_B","Zap+1","Dualcast","Leap","Sunder+1","Undo","Beam Cell+1","Genetic Algorithm","Genetic Algorithm","Capacitor","Seek","Genetic Algorithm","Decay","Defragment+1","Consume"],"relics":["Cracked Core","Golden Idol","Juzu Bracelet","Akabeko","Vajra","Sozu","Dream Catcher","Regal Pillow","Bronze Scales"],"acts_visited":["Exordium","TheCity"],"potions_floor_usage":[16,25],"damage_taken":[{"damage":0,"enemies":"2 Louse","floor":1,"turns":2},{"damage":6,"enemies":"Cultist","floor":2,"turns":4},{"damage":0,"enemies":"Jaw Worm","floor":3,"turns":3},{"damage":0,"enemies":"Exordium Wildlife","floor":4,"turns":2},{"damage":0,"enemies":"Red Slaver","floor":7,"turns":3},{"damage":23,"enemies":"3 Sentries","floor":8,"turns":7},{"damage":5,"enemies":"Lagavulin","floor":10,"turns":8},{"damage":8,"enemies":"3 Louse","floor":11,"turns":2},{"damage":0,"enemies":"Exordium Wildlife","floor":12,"turns":4},{"damage":8,"enemies":"Exordium Thugs","floor":14,"turns":5},{"damage":14,"enemies":"The Guardian","floor":16,"turns":12},{"damage":5,"enemies":"Spheric Guardian","floor":18,"turns":4},{"damage":26,"enemies":"Chosen","floor":24,"turns":6},{"damage":19,"enemies":"Snecko","floor":25,"turns":6},{"damage":13,"enemies":"Centurion and Healer","floor":27,"turns":4}],"seed_played":"-4865148106390257814","potions_obtained":[{"floor":1,"key":"Explosive Potion"},{"floor":4,"key":"Fire Potion"},{"floor":16,"key":"CultistPotion"}],"is_trial":false,"path_per_floor":["M","M","M","M","?","R","M","E","T","E","M","M","R","M","R","B",null,"M","?","?","?","T","R","M","M","T","M"],"character_chosen":"DEFECT","items_purchased":[],"campfire_rested":0,"item_purchase_floors":[],"current_hp_per_floor":[71,65,65,65,65,65,65,42,42,37,29,29,29,21,21,7,55,50,50,50,50,50,50,24,5,5,0,0],"gold":493,"neow_bonus":"TEN_PERCENT_HP_BONUS","is_daily":false,"chose_seed":false,"campfire_upgraded":4,"win_rate":0.0,"timestamp":1609259832,"path_taken":["M","M","M","M","?","R","M","E","T","E","M","M","R","M","R","BOSS","M","?","?","?","?","R","M","M","T","M"],"items_purchased_type":[],"build_version":"2020-12-22","purchased_purges":0,"victory":false,"max_hp_per_floor":[78,78,78,78,71,71,71,71,71,71,71,71,71,71,71,71,71,71,71,71,71,71,71,71,71,71,71,71],"relic_stats":{"Sozu":0,"Dream Catcher":0,"Regal Pillow":0,"counters":[15,72],"Golden Idol":64,"Bronze Scales":[3],"Juzu Bracelet":1,"obtain_stats":[{"Sozu":17,"Dream Catcher":19,"Regal Pillow":22,"Golden Idol":5,"Bronze Scales":26,"Vajra":10,"Juzu Bracelet":8,"Cracked Core":0,"Akabeko":9},{"Sozu":11,"Dream Catcher":12,"Regal Pillow":12,"Golden Idol":4,"Bronze Scales":14,"Vajra":7,"Juzu Bracelet":6,"Cracked Core":0,"Akabeko":6},{"Sozu":52,"Dream Catcher":56,"Regal Pillow":56,"Golden Idol":11,"Bronze Scales":68,"Vajra":29,"Juzu Bracelet":21,"Cracked Core":0,"Akabeko":21}]},"card_choices":[{"not_picked":["Stack","Redo"],"picked":"Leap","floor":1},{"not_picked":["Redo","Steam","Rebound"],"picked":"SKIP","floor":2},{"not_picked":["Rebound","Aggregate"],"picked":"Sunder","floor":3},{"not_picked":["Meteor Strike","Coolheaded"],"picked":"Undo","floor":4},{"not_picked":["Heatsinks","Steam"],"picked":"Beam Cell","floor":7},{"not_picked":["Rebound","Streamline","Stack"],"picked":"SKIP","floor":8},{"not_picked":["Barrage","Capacitor"],"picked":"Genetic Algorithm","floor":10},{"not_picked":["Steam","Rip and Tear"],"picked":"Genetic Algorithm","floor":11},{"not_picked":["Streamline","Reprogram"],"picked":"Capacitor","floor":12},{"not_picked":["Go for the Eyes","Redo","Hologram"],"picked":"SKIP","floor":14},{"not_picked":["Amplify","All For One"],"picked":"Seek","floor":16},{"not_picked":["Lockon","Storm"],"picked":"Genetic Algorithm","floor":18},{"not_picked":["Hologram+1","Compile Driver"],"picked":"Consume","floor":24},{"not_picked":["Rebound","Storm","Stack"],"picked":"SKIP","floor":25}],"player_experience":1403286,"relics_obtained":[{"floor":8,"key":"Juzu Bracelet"},{"floor":9,"key":"Akabeko"},{"floor":10,"key":"Vajra"},{"floor":22,"key":"Regal Pillow"},{"floor":26,"key":"Bronze Scales"}],"event_choices":[{"damage_healed":0,"gold_gain":0,"player_choice":"Lose Max HP","damage_taken":0,"relics_obtained":["Golden Idol"],"max_hp_gain":0,"max_hp_loss":7,"event_name":"Golden Idol","floor":5,"gold_loss":0},{"damage_healed":0,"gold_gain":0,"player_choice":"Obtained Relic","damage_taken":0,"relics_obtained":["Dream Catcher"],"max_hp_gain":0,"max_hp_loss":0,"event_name":"Addict","floor":19,"gold_loss":85},{"damage_healed":0,"gold_gain":0,"player_choice":"Cursed","damage_taken":0,"max_hp_gain":0,"max_hp_loss":0,"event_name":"Wheel of Change","floor":20,"gold_loss":0,"cards_obtained":["Decay"]},{"damage_healed":0,"gold_gain":0,"player_choice":"Read","damage_taken":0,"max_hp_gain":0,"max_hp_loss":0,"event_name":"The Library","floor":21,"gold_loss":0,"cards_obtained":["Defragment"]}],"is_beta":false,"boss_relics":[{"not_picked":["Calling Bell","Empty Cage"],"picked":"Sozu"}],"items_purged_floors":[],"is_endless":false,"potions_floor_spawned":[1,4,10,12,16],"killed_by":"Centurion and Healer","ascension_level":20}}