{"host":"3qkmyeoym75lj4wn","time":1609265594,"event":{"mods":["2.2 Compatiblity","BaseMod","Block Reminder","Colored Powertips","Highlight Path","Minty Spire (QoL Compilation)","Permanent Neow","Potion Indicator Mod","Rare Cards Sparkle","Relic Stats","StSLib"],"gold_per_floor":[117,39,51,64,64,64,98,98,98,98,117,131,142,171,171,250,250,261,277,293,37,57,74,74,74,74,74,74],"floor_reached":27,"playtime":1591,"items_purged":[],"score":454,"play_id":"874e0c49-54d0-4ee9-9b46-51220cb62356","local_time":"20201229181314","is_ascension_mode":true,"campfire_choices":[{"floor":6,"key":"REST"},{"data":"Fission","floor":8,"key":"SMITH"},{"data":"Coolheaded","floor":15,"key":"SMITH"}],"circlet_count":0,"master_deck":["AscendersBane","Strike_B","Strike_B","Strike_B","Strike_B+1","Defend_B","Defend_B","Defend_B","Defend_B","Zap+1","Dualcast","Doom and Gloom+1","Coolheaded+1","Glacier","Fission+1","Leap+1","Leap+1","Seek+1","Genetic Algorithm+1","Coolheaded+1","Genetic Algorithm+1","Capacitor","Backflip+1","Hologram+1","Pain"],"relics":["Cracked Core","Bag of Preparation","Toxic Egg 2","Lizard Tail","Cursed Key","PrismaticShard","Nloth\u0027s Gift","Pear"],"acts_visited":["Exordium","TheCity"],"potions_floor_usage":[13,13,16],"damage_taken":[{"damage":0,"enemies":"Cultist","floor":1,"turns":1},{"damage":0,"enemies":"Jaw Worm","floor":3,"turns":1},{"damage":0,"enemies":"2 Louse","floor":4,"turns":1},{"damage":48,"enemies":"3 Sentries","floor":7,"turns":15},{"damage":4,"enemies":"Lots of Slimes","floor":11,"turns":3},{"damage":0,"enemies":"Looter","floor":12,"turns":2},{"damage":0,"enemies":"Large Slime","floor":13,"turns":5},{"damage":5,"enemies":"Lagavulin","floor":14,"turns":10},{"damage":28,"enemies":"Slime Boss","floor":16,"turns":9},{"damage":0,"enemies":"2 Thieves","floor":18,"turns":4},{"damage":7,"enemies":"Chosen","floor":19,"turns":3},{"damage":0,"enemies":"Shelled Parasite and Fungi","floor":20,"turns":11},{"damage":16,"enemies":"Snecko","floor":22,"turns":7},{"damage":31,"enemies":"3 Cultists","floor":23,"turns":6},{"damage":19,"enemies":"Book of Stabbing","floor":27,"turns":5}],"seed_played":"-2806855518891123558","potions_obtained":[{"floor":7,"key":"LiquidMemories"},{"floor":11,"key":"FearPotion"},{"floor":12,"key":"LiquidMemories"},{"floor":14,"key":"Fire Potion"},{"floor":20,"key":"CultistPotion"},{"floor":22,"key":"SteroidPotion"}],"is_trial":false,"path_per_floor":["M","$","M","M","?","R","E","R","T","?","M","M","M","E","R","B",null,"M","M","M","$","M","M","?","?","T","E"],"character_chosen":"DEFECT","items_purchased":["Doom and Gloom","PrismaticShard","Capacitor"],"campfire_rested":1,"item_purchase_floors":[2,21,21],"current_hp_per_floor":[64,64,64,64,43,64,16,16,16,16,12,12,12,7,7,26,60,60,53,53,53,37,6,6,6,16,0,0],"gold":74,"neow_bonus":"THREE_ENEMY_KILL","is_daily":false,"chose_seed":false,"campfire_upgraded":2,"win_rate":0.0,"timestamp":1609265594,"path_taken":["M","$","?","M","?","R","E","R","T","?","?","M","M","E","R","BOSS","M","M","M","$","M","M","?","?","T","E"],"items_purchased_type":["Card","Relic","Card"],"build_version":"2020-12-22","purchased_purges":0,"victory":false,"max_hp_per_floor":[71,71,71,71,71,71,71,71,71,71,71,71,71,71,71,71,71,71,71,71,71,71,71,71,71,81,81,81],"relic_stats":{"Lizard Tail":35,"counters":[15,83],"Bag of Preparation":[22],"Nloth\u0027s Gift":0,"Cursed Key":1,"obtain_stats":[{"Lizard Tail":14,"Pear":26,"NeowsBlessing":0,"Bag of Preparation":7,"Nloth\u0027s Gift":25,"Toxic Egg 2":9,"Cracked Core":0,"Cursed Key":17,"PrismaticShard":21},{"Lizard Tail":8,"Pear":14,"NeowsBlessing":0,"Bag of Preparation":4,"Nloth\u0027s Gift":14,"Toxic Egg 2":4,"Cracked Core":0,"Cursed Key":9,"PrismaticShard":12},{"Lizard Tail":38,"Pear":78,"NeowsBlessing":0,"Bag of Preparation":18,"Nloth\u0027s Gift":78,"Toxic Egg 2":18,"Cracked Core":0,"Cursed Key":47,"PrismaticShard":65}]},"card_choices":[{"not_picked":["Gash","Aggregate","Redo"],"picked":"SKIP","floor":1},{"not_picked":["Streamline","Go for the Eyes"],"picked":"Coolheaded","floor":3},{"not_picked":["Sweeping Beam","Steam"],"picked":"Glacier","floor":4},{"not_picked":["Auto Shields","Leap"],"picked":"Fission","floor":7},{"not_picked":["Recycle+1","Storm"],"picked":"Leap+1","floor":11},{"not_picked":["Scrape","Barrage","Doom and Gloom"],"picked":"SKIP","floor":12},{"not_picked":["Storm","Beam Cell","Compile Driver"],"picked":"SKIP","floor":13},{"not_picked":["Turbo+1","Auto Shields+1"],"picked":"Leap+1","floor":14},{"not_picked":["Reboot+1","Echo Form"],"picked":"Seek+1","floor":16},{"not_picked":["Rebound","Rip and Tear"],"picked":"Genetic Algorithm+1","floor":18},{"not_picked":["Gash","Cold Snap+1"],"picked":"Coolheaded+1","floor":19},{"not_picked":["Coolheaded+1","Rebound"],"picked":"Genetic Algorithm+1","floor":20},{"not_picked":["JustLucky","Metamorphosis+1"],"picked":"Backflip+1","floor":22},{"not_picked":["Clash","CutThroughFate"],"picked":"Hologram+1","floor":23}],"player_experience":1608165,"relics_obtained":[{"floor":7,"key":"Bag of Preparation"},{"floor":9,"key":"Toxic Egg 2"},{"floor":14,"key":"Lizard Tail"},{"floor":26,"key":"Pear"}],"event_choices":[{"damage_healed":0,"gold_gain":0,"player_choice":"Entered Light","damage_taken":21,"max_hp_gain":0,"max_hp_loss":0,"event_name":"Shining Light","floor":5,"gold_loss":0,"cards_upgraded":["Doom and Gloom","Strike_B"]},{"damage_healed":0,"gold_gain":0,"player_choice":"Forge","damage_taken":0,"max_hp_gain":0,"max_hp_loss":0,"event_name":"Accursed Blacksmith","floor":10,"gold_loss":0,"cards_upgraded":["Zap"]},{"damage_healed":0,"gold_gain":0,"player_choice":"Ignored","damage_taken":0,"max_hp_gain":0,"max_hp_loss":0,"event_name":"The Mausoleum","floor":24,"gold_loss":0},{"damage_healed":0,"gold_gain":0,"player_choice":"Traded Relic","damage_taken":0,"relics_obtained":["Nloth\u0027s Gift"],"max_hp_gain":0,"max_hp_loss":0,"event_name":"N\u0027loth","floor":25,"relics_lost":["NeowsBlessing"],"gold_loss":0}],"is_beta":false,"boss_relics":[{"not_picked":["Busted Crown","SlaversCollar"],"picked":"Cursed Key"}],"items_purged_floors":[],"is_endless":false,"potions_floor_spawned":[7,11,12,14,20,22,23],"killed_by":"Book of Stabbing","ascension_level":20}}