{"host":"3l86636hmmefx41a","time":1609278365,"event":{"mods":["BaseMod","Hermit","Marked Mod","Minty Spire (QoL Compilation)","StSLib"],"gold_per_floor":[114,124,0,0,20,20,36,50,77,118,68,68,68,87,87,206,206,222,243,243,18,18,18,61,75,75,93,126,145,165,179,179,179,179],"floor_reached":33,"playtime":2843,"items_purged":["Searing Blow"],"score":441,"play_id":"846805fa-7df3-43c2-832c-8a8e3ff9fd2f","local_time":"20201229224605","daily_mods":["Draft"],"is_ascension_mode":false,"campfire_choices":[{"data":"Havoc","floor":6,"key":"SMITH"},{"data":"Havoc","floor":12,"key":"SMITH"},{"data":"Havoc","floor":15,"key":"SMITH"},{"data":"Dark Embrace","floor":23,"key":"SMITH"},{"floor":32,"key":"REST"}],"circlet_count":0,"master_deck":["Evolve","Fire Breathing","Entrench","Power Through","Havoc+1","Anger","Pommel Strike","Ghostly Armor","Pommel Strike","Dark Embrace+1","Thunderclap","Shrug It Off","Thunderclap","Feel No Pain","Havoc+1","Havoc+1","Offering","Fire Breathing","Pummel","Reaper","Uppercut","Dark Embrace+1","Uppercut","Anger","Anger","Armaments","Pommel Strike+1"],"relics":["Burning Blood","Golden Idol","Anchor","Oddly Smooth Stone","Runic Cube","Strange Spoon","Orichalcum","Pantograph","Du-Vu Doll"],"acts_visited":["Exordium","TheCity"],"potions_floor_usage":[7,16,18,22,24,24,25,25,30,31],"damage_taken":[{"damage":5,"enemies":"Small Slimes","floor":1,"turns":4},{"damage":6,"enemies":"2 Louse","floor":2,"turns":4},{"damage":7,"enemies":"Jaw Worm","floor":5,"turns":4},{"damage":11,"enemies":"3 Louse","floor":7,"turns":3},{"damage":8,"enemies":"Exordium Wildlife","floor":8,"turns":5},{"damage":9,"enemies":"Lagavulin","floor":10,"turns":4},{"damage":6,"enemies":"Red Slaver","floor":14,"turns":3},{"damage":19,"enemies":"Hexaghost","floor":16,"turns":6},{"damage":23,"enemies":"2 Thieves","floor":18,"turns":4},{"damage":6,"enemies":"Chosen","floor":19,"turns":3},{"damage":12,"enemies":"Slavers","floor":24,"turns":4},{"damage":18,"enemies":"Snake Plant","floor":25,"turns":3},{"damage":33,"enemies":"Centurion and Healer","floor":27,"turns":4},{"damage":29,"enemies":"Gremlin Leader","floor":28,"turns":5},{"damage":7,"enemies":"Cultist and Chosen","floor":29,"turns":4},{"damage":27,"enemies":"Snecko","floor":30,"turns":9},{"damage":20,"enemies":"Centurion and Healer","floor":31,"turns":5},{"damage":80,"enemies":"Champ","floor":33,"turns":9}],"seed_played":"-696836028886168474","potions_obtained":[{"floor":1,"key":"SpeedPotion"},{"floor":5,"key":"ColorlessPotion"},{"floor":16,"key":"ColorlessPotion"},{"floor":18,"key":"BloodPotion"},{"floor":22,"key":"Block Potion"},{"floor":22,"key":"Swift Potion"},{"floor":22,"key":"AttackPotion"},{"floor":24,"key":"AttackPotion"},{"floor":29,"key":"ElixirPotion"},{"floor":30,"key":"SteroidPotion"}],"is_trial":true,"path_per_floor":["M","M","$","?","M","R","M","M","T","E","?","R","?","M","R","B",null,"M","M","?","$","?","R","E","M","T","M","E","M","M","M","R","B"],"character_chosen":"IRONCLAD","items_purchased":["Havoc","Strange Spoon","Dark Embrace"],"campfire_rested":1,"item_purchase_floors":[3,21,21],"current_hp_per_floor":[80,80,80,80,79,79,74,72,72,69,69,69,69,69,69,56,80,75,79,79,79,80,80,74,65,65,58,39,46,29,23,47,0,0],"gold":179,"neow_bonus":"","is_daily":false,"chose_seed":false,"campfire_upgraded":4,"win_rate":0.0,"timestamp":1609278365,"path_taken":["M","M","$","?","M","R","M","M","T","E","?","R","?","M","R","BOSS","M","M","?","$","?","R","E","?","T","M","E","M","M","M","R","BOSS"],"items_purchased_type":["Card","Relic","Card"],"build_version":"2020-12-22","purchased_purges":1,"victory":false,"max_hp_per_floor":[80,80,80,80,80,80,80,80,80,80,80,80,80,80,80,80,80,80,80,80,80,80,80,80,80,80,80,80,80,80,80,80,80,80],"card_choices":[{"not_picked":["Hemokinesis","Clash"],"picked":"Evolve","floor":0},{"not_picked":["Headbutt","Intimidate"],"picked":"Fire Breathing","floor":0},{"not_picked":["Sword Boomerang","Warcry"],"picked":"Entrench","floor":0},{"not_picked":["Rampage","Intimidate"],"picked":"Power Through","floor":0},{"not_picked":["Flex","True Grit"],"picked":"Havoc","floor":0},{"not_picked":["Flex","Armaments"],"picked":"Anger","floor":0},{"not_picked":["Clash","Entrench"],"picked":"Pommel Strike","floor":0},{"not_picked":["Battle Trance","Clash"],"picked":"Ghostly Armor","floor":0},{"not_picked":["Bloodletting","Warcry"],"picked":"Pommel Strike","floor":0},{"not_picked":["Thunderclap","Uppercut"],"picked":"Dark Embrace","floor":0},{"not_picked":["Wild Strike","Flex"],"picked":"Second Wind","floor":0},{"not_picked":["Flex","Clothesline"],"picked":"Searing Blow","floor":0},{"not_picked":["Wild Strike","Sword Boomerang"],"picked":"Thunderclap","floor":0},{"not_picked":["Clash","Rupture"],"picked":"Shrug It Off","floor":0},{"not_picked":["Armaments","Headbutt"],"picked":"Thunderclap","floor":0},{"not_picked":["Sword Boomerang","Thunderclap","Perfected Strike"],"picked":"SKIP","floor":1},{"not_picked":["Metallicize","Spot Weakness"],"picked":"Feel No Pain","floor":2},{"not_picked":["Wild Strike","Sword Boomerang"],"picked":"Havoc","floor":5},{"not_picked":["Heavy Blade","Anger"],"picked":"Offering","floor":7},{"not_picked":["Spot Weakness","Clash","True Grit"],"picked":"SKIP","floor":8},{"not_picked":["Flex","Impervious"],"picked":"Fire Breathing","floor":10},{"not_picked":["Twin Strike","Clothesline"],"picked":"Pummel","floor":14},{"not_picked":["Feed","Exhume"],"picked":"Reaper","floor":16},{"not_picked":["Wild Strike","Flex+1","Intimidate+1"],"picked":"SKIP","floor":18},{"not_picked":["Entrench","Perfected Strike"],"picked":"Uppercut","floor":19},{"not_picked":["Pummel","Carnage+1","Perfected Strike"],"picked":"SKIP","floor":24},{"not_picked":["Pommel Strike","Metallicize"],"picked":"Uppercut","floor":25},{"not_picked":["Flex","Headbutt"],"picked":"Anger","floor":27},{"not_picked":["Exhume","Battle Trance"],"picked":"Anger","floor":28},{"not_picked":["Sword Boomerang","Shrug It Off","Wild Strike"],"picked":"SKIP","floor":29},{"not_picked":["Warcry","Burning Pact+1"],"picked":"Armaments","floor":30},{"not_picked":["Disarm+1","Hemokinesis+1"],"picked":"Pommel Strike+1","floor":31}],"player_experience":81318,"relics_obtained":[{"floor":9,"key":"Anchor"},{"floor":10,"key":"Oddly Smooth Stone"},{"floor":24,"key":"Orichalcum"},{"floor":26,"key":"Pantograph"},{"floor":28,"key":"Du-Vu Doll"}],"event_choices":[{"damage_healed":0,"gold_gain":0,"player_choice":"Take Wound","damage_taken":0,"relics_obtained":["Golden Idol"],"max_hp_gain":0,"max_hp_loss":0,"event_name":"Golden Idol","floor":4,"gold_loss":0,"cards_obtained":["Injury"]},{"cards_removed":["Injury"],"damage_healed":0,"gold_gain":0,"player_choice":"Card Removal","damage_taken":0,"max_hp_gain":0,"max_hp_loss":0,"event_name":"The Cleric","floor":11,"gold_loss":50},{"damage_healed":0,"gold_gain":0,"player_choice":"Grow","damage_taken":0,"max_hp_gain":0,"max_hp_loss":0,"event_name":"Living Wall","floor":13,"gold_loss":0,"cards_upgraded":["Dark Embrace"]},{"cards_removed":["Second Wind"],"damage_healed":0,"gold_gain":0,"player_choice":"Elegance","damage_taken":0,"max_hp_gain":0,"max_hp_loss":0,"event_name":"Back to Basics","floor":20,"gold_loss":0},{"damage_healed":0,"gold_gain":0,"player_choice":"Got Potions","damage_taken":0,"max_hp_gain":0,"max_hp_loss":0,"event_name":"Lab","floor":22,"gold_loss":0}],"is_beta":false,"boss_relics":[{"not_picked":["Runic Pyramid","Busted Crown"],"picked":"Runic Cube"}],"items_purged_floors":[3],"is_endless":true,"potions_floor_spawned":[1,5,16,18,24,29,30],"killed_by":"Champ","ascension_level":0}}