{"host":"uonldg9uriwfhjjx","time":1609280642,"event":{"mods":["AchievementEnabler","BaseMod","Minty Spire (QoL Compilation)","Relic Stats"],"gold_per_floor":[110,64,64,129,10,10,10,78,78,94,94,69,69,95,95,167,167,187,237,237,249,312,346,396,4,58,58,68,10,10,25,25,25,25],"floor_reached":33,"playtime":807,"items_purged":["Strike_R"],"score":460,"play_id":"8351fbec-f005-48cd-b8f1-d3a36a5e945c","local_time":"20201229172402","is_ascension_mode":true,"campfire_choices":[{"data":"Flex","floor":6,"key":"SMITH"},{"data":"Flex","floor":11,"key":"SMITH"},{"data":"Heavy Blade","floor":13,"key":"SMITH"},{"data":"Bash","floor":15,"key":"SMITH"},{"floor":27,"key":"REST"},{"floor":30,"key":"REST"},{"data":"Twin Strike","floor":32,"key":"SMITH"}],"circlet_count":0,"master_deck":["AscendersBane","Strike_R+1","Strike_R","Defend_R","Defend_R","Defend_R","Defend_R","Bash+1","Cleave","Flex+1","Flash of Steel","Flex+1","Heavy Blade+1","Seeing Red","Feed","Twin Strike+1","Pummel+1","Writhe","Trip","Bandage Up","Writhe","Infernal Blade","Pommel Strike+1"],"relics":["Burning Blood","NeowsBlessing","SsserpentHead","The Courier","Happy Flower","Cursed Key","Champion Belt","Lantern","PreservedInsect","Whetstone","Potion Belt"],"acts_visited":["TheCity"],"potions_floor_usage":[18,23,23,28,33],"damage_taken":[{"damage":0,"enemies":"Small Slimes","floor":1,"turns":1},{"damage":0,"enemies":"Cultist","floor":4,"turns":1},{"damage":0,"enemies":"Jaw Worm","floor":8,"turns":1},{"damage":6,"enemies":"3 Louse","floor":10,"turns":2},{"damage":10,"enemies":"Lagavulin","floor":14,"turns":4},{"damage":38,"enemies":"Slime Boss","floor":16,"turns":9},{"damage":12,"enemies":"Shell Parasite","floor":18,"turns":3},{"damage":0,"enemies":"Spheric Guardian","floor":21,"turns":1},{"damage":53,"enemies":"Shelled Parasite and Fungi","floor":22,"turns":6},{"damage":30,"enemies":"Gremlin Leader","floor":23,"turns":7},{"damage":35,"enemies":"Cultist and Chosen","floor":28,"turns":8},{"damage":23,"enemies":"3 Cultists","floor":31,"turns":5},{"damage":44,"enemies":"Champ","floor":33,"turns":6}],"seed_played":"461849943143837239","potions_obtained":[{"floor":1,"key":"HeartOfIron"},{"floor":4,"key":"Ancient Potion"},{"floor":16,"key":"AttackPotion"},{"floor":21,"key":"Regen Potion"},{"floor":22,"key":"AttackPotion"},{"floor":23,"key":"FearPotion"},{"floor":28,"key":"Dexterity Potion"}],"is_trial":false,"path_per_floor":["M","$","?","M","$","R","$","M","T","M","R","?","R","E","R","B",null,"M","?","?","M","M","E","T","$","T","R","M","$","R","M","R","B"],"character_chosen":"IRONCLAD","items_purchased":["Flex","Flash of Steel","Trip","Bandage Up","PreservedInsect","Whetstone","DuplicationPotion","Infernal Blade"],"campfire_rested":2,"item_purchase_floors":[2,5,25,25,25,25,25,29],"current_hp_per_floor":[74,74,74,75,75,75,75,75,75,75,75,75,75,71,71,39,66,63,63,63,72,28,19,19,19,19,44,19,19,44,34,34,0,0],"gold":25,"neow_bonus":"THREE_ENEMY_KILL","is_daily":false,"chose_seed":false,"campfire_upgraded":5,"win_rate":0.0,"timestamp":1609280642,"path_taken":["M","$","?","?","?","R","$","?","T","M","R","?","R","E","R","BOSS","M","?","?","M","?","E","?","?","T","R","M","$","R","M","R","BOSS"],"items_purchased_type":["Card","Card","Card","Card","Relic","Relic","Potion","Card"],"build_version":"2020-12-22","purchased_purges":1,"victory":false,"max_hp_per_floor":[75,75,75,75,75,75,75,75,75,75,75,75,75,75,75,75,75,78,78,78,81,84,84,84,84,84,84,84,84,84,87,87,87,87],"relic_stats":{"SsserpentHead":450,"Happy Flower":[15],"counters":[13,54],"PreservedInsect":0,"Champion Belt":[9],"Whetstone":["Strike_R","Pummel"],"Cursed Key":2,"obtain_stats":[{"Potion Belt":26,"SsserpentHead":3,"Lantern":24,"NeowsBlessing":0,"Happy Flower":14,"The Courier":9,"PreservedInsect":25,"Champion Belt":23,"Whetstone":25,"Cursed Key":17,"Burning Blood":0},{"Potion Belt":10,"SsserpentHead":1,"Lantern":10,"NeowsBlessing":0,"Happy Flower":5,"The Courier":3,"PreservedInsect":10,"Champion Belt":10,"Whetstone":10,"Cursed Key":6,"Burning Blood":0},{"Potion Belt":35,"SsserpentHead":1,"Lantern":35,"NeowsBlessing":0,"Happy Flower":9,"The Courier":3,"PreservedInsect":35,"Champion Belt":35,"Whetstone":35,"Cursed Key":18,"Burning Blood":0}],"Burning Blood":61},"card_choices":[{"not_picked":["Ghostly Armor","Perfected Strike"],"picked":"Cleave","floor":1},{"not_picked":["Body Slam","Rampage","Rupture"],"picked":"SKIP","floor":4},{"not_picked":["Dark Embrace","Thunderclap"],"picked":"Flex","floor":8},{"not_picked":["Headbutt","Barricade"],"picked":"Heavy Blade","floor":10},{"not_picked":["Rupture","Body Slam"],"picked":"Seeing Red","floor":14},{"not_picked":["Fiend Fire","Juggernaut"],"picked":"Feed","floor":16},{"not_picked":["Clothesline","Wild Strike"],"picked":"Twin Strike","floor":18},{"not_picked":["Sentinel","Feed","Carnage"],"picked":"SKIP","floor":21},{"not_picked":["Searing Blow","Rage+1"],"picked":"Pummel","floor":22},{"not_picked":["Disarm","Sentinel","Body Slam"],"picked":"SKIP","floor":23},{"not_picked":["Headbutt","Feel No Pain","Warcry"],"picked":"SKIP","floor":28},{"not_picked":["Seeing Red+1","Headbutt"],"picked":"Pommel Strike+1","floor":31}],"player_experience":657015,"relics_obtained":[{"floor":9,"key":"The Courier"},{"floor":14,"key":"Happy Flower"},{"floor":23,"key":"Champion Belt"},{"floor":24,"key":"Lantern"},{"floor":26,"key":"Potion Belt"}],"event_choices":[{"damage_healed":0,"gold_gain":0,"player_choice":"Trade","damage_taken":0,"relics_obtained":["SsserpentHead"],"max_hp_gain":0,"max_hp_loss":0,"event_name":"FaceTrader","floor":3,"gold_loss":0},{"cards_removed":["Strike_R"],"damage_healed":0,"gold_gain":0,"player_choice":"Card Removal","damage_taken":0,"max_hp_gain":0,"max_hp_loss":0,"event_name":"The Cleric","floor":12,"gold_loss":75},{"cards_removed":["Strike_R"],"damage_healed":0,"gold_gain":0,"player_choice":"Elegance","damage_taken":0,"max_hp_gain":0,"max_hp_loss":0,"event_name":"Back to Basics","floor":19,"gold_loss":0},{"damage_healed":0,"gold_gain":0,"player_choice":"Bet on Owner","damage_taken":0,"max_hp_gain":0,"max_hp_loss":0,"event_name":"The Joust","floor":20,"gold_loss":50}],"is_beta":false,"boss_relics":[{"not_picked":["Velvet Choker","Fusion Hammer"],"picked":"Cursed Key"}],"items_purged_floors":[5],"is_endless":false,"potions_floor_spawned":[1,4,16,21,22,23,28],"killed_by":"Champ","ascension_level":15}}