{"host":"4tnjxquzd1sn7hrw","time":1609221705,"event":{"mods":["BaseMod","Colored Map","Downfall","Hubris","Minty Spire (QoL Compilation)","Quick Restart","StSLib"],"gold_per_floor":[349,365,382,81,91,117,168,105,128,154,166,234,264,276,302,314,314,314],"floor_reached":16,"playtime":878,"items_purged":["champ:Strike"],"score":120,"play_id":"11f58826-d99a-4cb8-8dba-19668bfd2d43","local_time":"20201229150145","is_ascension_mode":true,"campfire_choices":[{"data":"champ:Taunt","floor":1,"key":"SMITH"},{"data":"champ:Devastate","floor":8,"key":"SMITH"}],"circlet_count":0,"master_deck":["champ:Strike","champ:Strike","champ:Strike","champ:Defend","champ:Defend","champ:Defend","champ:Defend","champ:Execute","champ:Taunt+1","champ:FaceSlap","champ:RisingSlash","champ:Lariat+1","champ:Encircle","champ:ShieldSigil","champ:Devastate+1","champ:GladiatorsShout","champ:BladeFlurry","champ:BladeFlurry","champ:Haymaker"],"relics":["champ:ChampionCrown","Guardian:PocketSentry","Toy Ornithopter","MawBank","downfall:HeartBlessingGreen","Omamori","champ:LiftRelic"],"acts_visited":[],"potions_floor_usage":[6,6,12,16],"damage_taken":[{"damage":0,"enemies":"2 Louse","floor":2,"turns":2},{"damage":5,"enemies":"Small Slimes","floor":3,"turns":3},{"damage":5,"enemies":"downfall:FleeingMerchant","floor":4,"turns":4},{"damage":6,"enemies":"Jaw Worm","floor":5,"turns":2},{"damage":25,"enemies":"3 Sentries","floor":6,"turns":5},{"damage":13,"enemies":"Exordium Thugs","floor":9,"turns":3},{"damage":6,"enemies":"3 Louse","floor":10,"turns":5},{"damage":19,"enemies":"3 Sentries","floor":12,"turns":6},{"damage":14,"enemies":"Red Slaver","floor":13,"turns":2},{"damage":5,"enemies":"2 Fungi Beasts","floor":15,"turns":2},{"damage":25,"enemies":"downfall:Ironclad","floor":16,"turns":2}],"seed_played":"8603315828225222678","potions_obtained":[{"floor":2,"key":"Explosive Potion"},{"floor":5,"key":"BlessingOfTheForge"},{"floor":10,"key":"Strength Potion"},{"floor":13,"key":"Weak Potion"}],"is_trial":false,"path_per_floor":["R","M","M","$","M","E","T","R","M","M","?","?","M","?","M","B"],"character_chosen":"THE_CHAMP","items_purchased":["champ:Encircle","Guardian:PocketSentry"],"campfire_rested":0,"item_purchase_floors":[4,4],"current_hp_per_floor":[63,63,63,63,59,43,43,43,35,29,29,21,7,7,7,0,0,0],"gold":314,"neow_bonus":"TWO_FIFTY_GOLD","is_daily":false,"chose_seed":false,"campfire_upgraded":2,"win_rate":0.0,"timestamp":1609221705,"path_taken":["R","M","M","$","M","E","T","R","M","M","?","?","M","?","M","BOSS"],"items_purchased_type":["Card","Relic"],"build_version":"2020-12-22","purchased_purges":1,"victory":false,"max_hp_per_floor":[90,90,90,90,90,90,90,90,90,90,90,90,90,90,90,90,90,90],"card_choices":[{"not_picked":["champ:DeathBlow","champ:CrookedStrike"],"picked":"champ:FaceSlap","floor":2},{"not_picked":["champ:StanceDance","champ:FocusedDefense"],"picked":"champ:RisingSlash","floor":3},{"not_picked":["champ:Riposte","champ:TornadoPunch"],"picked":"champ:Lariat","floor":4},{"not_picked":["champ:Haymaker","champ:GladiatorStyle"],"picked":"champ:ShieldSigil","floor":5},{"not_picked":["champ:Backstep","champ:PreciseThrust"],"picked":"champ:Devastate","floor":6},{"not_picked":["champ:CrookedStrike","champ:RageSigil"],"picked":"champ:GladiatorsShout","floor":9},{"not_picked":["champ:FocusedDefense","champ:DeathBlow"],"picked":"champ:BladeFlurry","floor":10},{"not_picked":["champ:FlashCut","champ:CrookedStrike"],"picked":"champ:BladeFlurry","floor":12},{"not_picked":["champ:FightOn","champ:StanceDance","champ:PreciseThrust"],"picked":"SKIP","floor":13},{"not_picked":["champ:BerserkerStyle","champ:ShieldSigil"],"picked":"champ:Haymaker","floor":15}],"player_experience":517534,"relics_obtained":[{"floor":6,"key":"Toy Ornithopter"},{"floor":7,"key":"MawBank"},{"floor":12,"key":"Omamori"}],"event_choices":[{"damage_healed":0,"gold_gain":0,"player_choice":"Grow","damage_taken":0,"max_hp_gain":0,"max_hp_loss":0,"event_name":"Living Wall","floor":11,"gold_loss":0,"cards_upgraded":["champ:Lariat"]}],"is_beta":false,"boss_relics":[],"items_purged_floors":[4],"is_endless":false,"potions_floor_spawned":[2,5,10,13],"killed_by":"downfall:Ironclad","ascension_level":3}}