{"host":"qj91dvco5uhu9oti","time":1609268361,"event":{"mods":["BaseMod","Colored Map","Keyboard Shortcuts","Minty Spire (QoL Compilation)","Permanent Neow","Relic Stats","StSLib","SuperFastMode","everything is the same but u backflip on backflip"],"gold_per_floor":[118,16,27,27,38,38,50,75,75,87,87,4,39,58,58,132,132,144,144,144,144,155,155,168,168,192,192,192,192],"floor_reached":28,"playtime":634,"items_purged":[],"score":422,"play_id":"8d056643-6764-4398-802d-055aa9fd87ee","local_time":"20201230035921","is_ascension_mode":true,"campfire_choices":[{"data":"Noxious Fumes","floor":6.0,"key":"SMITH"},{"data":"Noxious Fumes","floor":15.0,"key":"SMITH"},{"data":"Prepared","floor":23,"key":"SMITH"},{"data":"Footwork","floor":25,"key":"SMITH"},{"data":"Backflip","floor":27,"key":"SMITH"}],"circlet_count":0,"master_deck":["AscendersBane","Strike_G","Strike_G","Strike_G","Defend_G","Defend_G","Defend_G","Defend_G","Defend_G","Survivor","Neutralize","Footwork+1","Backflip+1","Dagger Throw","Noxious Fumes+1","Reflex","Prepared+1","PiercingWail","Noxious Fumes+1","PiercingWail","Die Die Die","Caltrops","Crippling Poison"],"relics":["Ring of the Snake","NeowsBlessing","Tiny Chest","Paper Crane","Pear","Empty Cage","Bottled Flame","Oddly Smooth Stone"],"acts_visited":["Exordium","TheCity"],"potions_floor_usage":[24,28],"damage_taken":[{"damage":0.0,"enemies":"Jaw Worm","floor":1.0,"turns":1.0},{"damage":0.0,"enemies":"Small Slimes","floor":3.0,"turns":1.0},{"damage":0.0,"enemies":"Cultist","floor":5.0,"turns":1.0},{"damage":8.0,"enemies":"Looter","floor":7.0,"turns":5.0},{"damage":16.0,"enemies":"3 Sentries","floor":8.0,"turns":7.0},{"damage":7.0,"enemies":"3 Louse","floor":10.0,"turns":3.0},{"damage":15.0,"enemies":"Lagavulin","floor":13.0,"turns":8.0},{"damage":12.0,"enemies":"2 Fungi Beasts","floor":14.0,"turns":4.0},{"damage":12.0,"enemies":"Hexaghost","floor":16.0,"turns":11.0},{"damage":2.0,"enemies":"3 Byrds","floor":18.0,"turns":4.0},{"damage":20,"enemies":"Shell Parasite","floor":22,"turns":7},{"damage":26,"enemies":"Shelled Parasite and Fungi","floor":24,"turns":7},{"damage":19,"enemies":"3 Cultists","floor":28,"turns":4}],"seed_played":"-4886486730859078923","potions_obtained":[{"floor":3.0,"key":"AttackPotion"},{"floor":7.0,"key":"Explosive Potion"},{"floor":13.0,"key":"AttackPotion"}],"is_trial":false,"path_per_floor":["M","$","M","?","M","R","M","E","T","M","?","$","E","M","R","B",null,"M","?","?","T","M","R","M","R","T","R","M"],"character_chosen":"THE_SILENT","items_purchased":["Footwork","Backflip","Noxious Fumes"],"campfire_rested":0,"item_purchase_floors":[2,2,12],"current_hp_per_floor":[59,59,59,64,64,64,56,40,40,33,33,33,28,16,16,4,62,60,60,60,60,40,40,14,14,14,14,0,0],"gold":192,"neow_bonus":"THREE_ENEMY_KILL","is_daily":false,"chose_seed":false,"campfire_upgraded":5,"win_rate":0.0,"timestamp":1609268361,"path_taken":["M","$","M","?","M","R","M","E","T","M","?","$","E","M","R","BOSS","M","?","?","?","M","R","M","R","T","R","?"],"items_purchased_type":["Card","Card","Card"],"build_version":"2020-12-22","purchased_purges":0,"victory":false,"max_hp_per_floor":[66,66,66,71,71,71,71,71,71,71,71,71,81,81,81,81,81,81,81,81,81,81,81,81,81,81,81,81,81],"relic_stats":{"counters":[13,63],"Tiny Chest":1,"obtain_stats":[{"Bottled Flame":21,"Pear":13,"NeowsBlessing":0,"Oddly Smooth Stone":26,"Tiny Chest":8,"Paper Crane":9,"Empty Cage":17,"Ring of the Snake":0},{"Bottled Flame":10,"Pear":7,"NeowsBlessing":0,"Oddly Smooth Stone":12,"Tiny Chest":5,"Paper Crane":5,"Empty Cage":9,"Ring of the Snake":0},{"Bottled Flame":45,"Pear":26,"NeowsBlessing":0,"Oddly Smooth Stone":59,"Tiny Chest":15,"Paper Crane":15,"Empty Cage":41,"Ring of the Snake":0}],"Ring of the Snake":[26]},"card_choices":[{"not_picked":["Quick Slash","Flying Knee","Sucker Punch"],"picked":"SKIP","floor":1.0},{"not_picked":["Dagger Spray","Acrobatics"],"picked":"Dagger Throw","floor":3.0},{"not_picked":["Slice","Calculated Gamble"],"picked":"Noxious Fumes","floor":5.0},{"not_picked":["PiercingWail","Poisoned Stab"],"picked":"Reflex","floor":7.0},{"not_picked":["Storm of Steel","Blade Dance"],"picked":"Prepared","floor":8.0},{"not_picked":["Sucker Punch","Acrobatics"],"picked":"PiercingWail","floor":10.0},{"not_picked":["Terror","Poisoned Stab","Choke"],"picked":"SKIP","floor":13.0},{"not_picked":["Endless Agony","Sucker Punch"],"picked":"PiercingWail","floor":14.0},{"not_picked":["Glass Knife","A Thousand Cuts"],"picked":"Die Die Die","floor":16.0},{"not_picked":["Flying Knee","Cloak And Dagger"],"picked":"Caltrops","floor":18},{"not_picked":["Slice","Deflect+1"],"picked":"Crippling Poison","floor":22},{"not_picked":["Outmaneuver","Bane","Deflect"],"picked":"SKIP","floor":24}],"player_experience":324716,"relics_obtained":[{"floor":8.0,"key":"Tiny Chest"},{"floor":9.0,"key":"Paper Crane"},{"floor":13.0,"key":"Pear"},{"floor":21,"key":"Bottled Flame"},{"floor":26,"key":"Oddly Smooth Stone"}],"event_choices":[{"damage_healed":0.0,"max_hp_gain":5.0,"max_hp_loss":0.0,"gold_gain":0.0,"event_name":"Big Fish","player_choice":"Donut","floor":4.0,"gold_loss":0.0,"damage_taken":0.0},{"damage_healed":0.0,"max_hp_gain":0.0,"max_hp_loss":0.0,"gold_gain":0.0,"event_name":"Golden Idol","player_choice":"Ignored","floor":11.0,"gold_loss":0.0,"damage_taken":0.0},{"damage_healed":0,"gold_gain":0,"player_choice":"Ignored","damage_taken":0,"max_hp_gain":0,"max_hp_loss":0,"event_name":"The Mausoleum","floor":19,"gold_loss":0},{"damage_healed":0,"gold_gain":0,"player_choice":"Ignored","damage_taken":0,"max_hp_gain":0,"max_hp_loss":0,"event_name":"Vampires","floor":20,"gold_loss":0}],"is_beta":false,"boss_relics":[{"not_picked":["SacredBark","Pandora\u0027s Box"],"picked":"Empty Cage"}],"items_purged_floors":[],"is_endless":false,"potions_floor_spawned":[3,7,13,16],"killed_by":"3 Cultists","ascension_level":17}}