{"host":"1zjc08c6hob33401","time":1609258934,"event":{"mods":["AchievementEnabler","Act Like it!","Aspiration","BaseMod","Downfall","Energized Spire","GifTheSpireLib","Hubris","Infinite Spire","Jedi Mod","Minty Spire (QoL Compilation)","Pale of the Ancients","Quick Restart","Replay The Spire","Retaliation","Shop Mod","StSLib","Stuff the Spire","The Blue Laboratory","Wandering Minibosses","vexMod"],"gold_per_floor":[115,115,135,210,221,221,237,237,237,252,252,271,288,336,336,440,440,455,467,481,499,499,499,526,526,526,537,537,556,151,151,151,256,256,274,274,287,297,316,316,416,61,85,96,96,96,96,116,116,129,129,129,143,160,179,257,257,274,274,0,0,0,0],"floor_reached":222,"playtime":3343,"items_purged":["Defend_P","Adaptation"],"score":1747,"play_id":"6e8301ed-5c39-4a5d-815d-a24086de9778","local_time":"20201229182214","is_ascension_mode":false,"campfire_choices":[{"data":"MasterReality","floor":6.0,"key":"SMITH"},{"data":"BattleHymn","floor":11.0,"key":"SMITH"},{"data":"Scrawl","floor":15.0,"key":"SMITH"},{"data":"Brilliance","floor":23.0,"key":"SMITH"},{"data":"Prostrate","floor":25.0,"key":"SMITH"},{"data":"Prostrate","floor":28.0,"key":"SMITH"},{"data":"expansioncontent:DashGenerateEvil","floor":32.0,"key":"SMITH"},{"data":"ConjureBlade","floor":40.0,"key":"SMITH"},{"data":"Fasting2","floor":45.0,"key":"SMITH"},{"data":"StuffTheSpire:PlasmaPulse","floor":49,"key":"SMITH"},{"data":"Vault","floor":51,"key":"SMITH"},{"data":"StuffTheSpire:PlasmaPulse","floor":57,"key":"SMITH"},{"floor":110,"key":"REST"}],"circlet_count":0,"master_deck":["Strike_P+1","Strike_P","Strike_P","Strike_P","Defend_P","Eruption","Vigilance","Prostrate+1","Prostrate+1","Scrawl+1","Prostrate+1","Brilliance+1","Worship+1","Fasting2+1","ConjureBlade+1","expansioncontent:DashGenerateEvil+1","StuffTheSpire:PlasmaPulse+1","StuffTheSpire:PlasmaPulse+1","Fasting2+1","Prostrate+1","Evaluate+1","Sanctity","EmptyBody+1","hubris:DuctTapeCard","Vault+1","CrushJoints+1","Prostrate+1","Prostrate+1","ForeignInfluence","expansioncontent:DashGenerateEvil+1","Mayhem","Flash of Steel","expansioncontent:CaCaw"],"relics":["PureWater","aspiration:Nostalgia","Sizzling Blood","infinitespire:ShieldingShard","StuffTheSpire:OldFever","Sozu","energizedSpire:RedRose","Unceasing Top","hubris:DuctTape","vexMod:PaidLearning","PreservedInsect","Honey Jar","TeardropLocket","Whetstone","paleoftheancients:Timepiece","paleoftheancients:KeyRelic","Gremlin Horn","Spirit Poop","paleoftheancients:SoulOfTheCollector","paleoftheancients:BlurryLens","StuffTheSpire:Rhapsscallions","StuffTheSpire:Mouthbags","ReplayTheSpireMod:ShopPack"],"acts_visited":["Exordium","TheCity","TheBeyond","paleoftheancients:PaleOfTheAncients"],"potions_floor_usage":[58,331],"damage_taken":[{"damage":0.0,"enemies":"Small Slimes","floor":1.0,"turns":3.0},{"damage":2.0,"enemies":"2 Louse","floor":3.0,"turns":3.0},{"damage":8.0,"enemies":"infinitespire:Voidling","floor":5.0,"turns":5.0},{"damage":8.0,"enemies":"Exordium Wildlife","floor":7.0,"turns":3.0},{"damage":0.0,"enemies":"Gremlin Gang","floor":10.0,"turns":4.0},{"damage":0.0,"enemies":"3 Louse","floor":12.0,"turns":4.0},{"damage":0.0,"enemies":"2 Fungi Beasts","floor":13.0,"turns":4.0},{"damage":0.0,"enemies":"Slime Boss","floor":16.0,"turns":4.0},{"damage":0.0,"enemies":"3 Byrds","floor":18.0,"turns":4.0},{"damage":6.0,"enemies":"Shell Parasite","floor":19.0,"turns":2.0},{"damage":3.0,"enemies":"Snake Plant","floor":20.0,"turns":3.0},{"damage":0.0,"enemies":"3 Cultists","floor":21.0,"turns":4.0},{"damage":6.0,"enemies":"Slavers","floor":24.0,"turns":3.0},{"damage":0.0,"enemies":"Snecko","floor":27.0,"turns":3.0},{"damage":7.0,"enemies":"Snake Plant","floor":29.0,"turns":2.0},{"damage":4.0,"enemies":"Automaton","floor":33.0,"turns":4.0},{"damage":0.0,"enemies":"Orb Walker","floor":35.0,"turns":3.0},{"damage":7.0,"enemies":"3 Darklings","floor":37.0,"turns":3.0},{"damage":0.0,"enemies":"Transient","floor":38.0,"turns":5.0},{"damage":10.0,"enemies":"Sphere and 2 Shapes","floor":39.0,"turns":4.0},{"damage":10.0,"enemies":"Writhing Mass","floor":44.0,"turns":2.0},{"damage":0.0,"enemies":"Transient","floor":48.0,"turns":5.0},{"damage":0,"enemies":"Jaw Worm Horde","floor":50,"turns":3},{"damage":0,"enemies":"Awakened One","floor":52,"turns":3},{"damage":0,"enemies":"Awakened One","floor":53,"turns":5},{"damage":0,"enemies":"Awakened One","floor":54,"turns":4},{"damage":0,"enemies":"paleoftheancients:BASlime3","floor":55,"turns":1},{"damage":60,"enemies":"paleoftheancients:BASlime3","floor":57,"turns":7},{"damage":181,"enemies":"paleoftheancients:N","floor":222,"turns":7}],"seed_played":"-3385722065908309998","potions_obtained":[{"floor":5.0,"key":"blueLaboratory:AlphaPotion"},{"floor":10.0,"key":"blueLaboratory:NullPotion"},{"floor":16.0,"key":"DuplicationPotion"}],"is_trial":false,"path_per_floor":["M","?","M","?","M","R","M","?","T","M","R","M","M","T","R","B",null,"M","M","M","M","AVR","R","E","R","T","M","R","M","$","?","R","B",null,"M","?","M","M","M","R","?","$","T","M","R","PTL","PTL","M","R","M","R","B","M","M","M","T","R","M","R","$","?","B"],"character_chosen":"WATCHER","items_purchased":["vexMod:PaidLearning","expansioncontent:DashGenerateEvil","TeardropLocket","StuffTheSpire:Mouthbags","ReplayTheSpireMod:ShopPack"],"campfire_rested":1,"item_purchase_floors":[30,30,42,111,111],"current_hp_per_floor":[76,76,76,65,68,68,64,64,64,68,68,72,76,76,76,76,76,76,74,75,76,76,76,74,74,74,76,76,73,73,73,73,73,76,76,66,76,76,70,70,70,70,70,64,64,64,64,76,76,76,76,76,76,76,76,78,78,50,73,73,73,0,0],"gold":0,"neow_bonus":"NOSTALGIA","is_daily":false,"chose_seed":false,"campfire_upgraded":12,"win_rate":0.0,"timestamp":1609258934,"path_taken":["M","?","M","?","M","R","M","?","T","M","R","?","M","?","R","BOSS","M","M","M","?","AVR","R","E","R","T","M","R","M","$","?","R","BOSS","M","?","M","M","M","R","?","$","T","M","R","PTL","PTL","M","R","M","R","BOSS","M","M","?","T","R","M","R","$","?","BOSS"],"items_purchased_type":["Relic","Card","Relic","Relic","Relic"],"build_version":"2020-12-22","purchased_purges":2,"victory":false,"max_hp_per_floor":[76,76,76,76,76,76,76,76,76,76,76,76,76,76,76,76,76,76,76,76,76,76,76,76,76,76,76,76,76,76,76,76,76,76,76,76,76,76,76,76,76,76,76,76,76,76,76,76,76,76,76,76,76,76,76,78,78,78,78,78,78,78,78],"card_choices":[{"not_picked":["Meditate","EmptyFist"],"picked":"Prostrate","floor":1.0},{"not_picked":["SashWhip","FlyingSleeves"],"picked":"Prostrate","floor":3.0},{"not_picked":["SashWhip","InnerPeace"],"picked":"MasterReality","floor":5.0},{"not_picked":["Conclude","ClearTheMind"],"picked":"Scrawl","floor":7.0},{"not_picked":["SandsOfTime","Replay:ManipulateFuture"],"picked":"BattleHymn","floor":10.0},{"not_picked":["ThirdEye","Replay:Cycle","FearNoEvil"],"picked":"SKIP","floor":12.0},{"not_picked":["ThirdEye","Replay:Cycle","FearNoEvil"],"picked":"SKIP","floor":12.0},{"not_picked":["Nirvana","FollowUp"],"picked":"Prostrate","floor":13.0},{"not_picked":["DeusExMachina","SpiritShield"],"picked":"Brilliance","floor":16.0},{"not_picked":["Replay:BluntJabs","Tantrum"],"picked":"Worship","floor":18.0},{"not_picked":["Nirvana","EmptyBody","EmptyFist+1"],"picked":"SKIP","floor":19.0},{"not_picked":["Replay:ManipulateFuture","SashWhip","Replay:AtTheReady"],"picked":"SKIP","floor":20.0},{"not_picked":["EmptyFist+1","FearNoEvil","ForeignInfluence"],"picked":"SKIP","floor":21.0},{"not_picked":["EmptyFist+1","FearNoEvil","ForeignInfluence"],"picked":"SKIP","floor":21.0},{"not_picked":["ClearTheMind","BowlingBash+1","CrushJoints"],"picked":"SKIP","floor":24.0},{"not_picked":["FollowUp","Crescendo"],"picked":"Fasting2+1","floor":27.0},{"not_picked":["Sanctity","FlurryOfBlows+1","Replay:DivineShield"],"picked":"SKIP","floor":29.0},{"not_picked":["DeusExMachina","DevaForm"],"picked":"ConjureBlade","floor":33.0},{"not_picked":["Replay:BluntJabs","EmptyBody","ClearTheMind"],"picked":"Adaptation","floor":35.0},{"not_picked":["Flash of Steel","Replay:Sssssssssshield","Replay:SS_forest_2"],"picked":"expansioncontent:DashGenerateEvil","floor":36.0},{"not_picked":["Replay:SS_fish_3","expansioncontent:ChargeUp","ReplayTheSpireMod:Necrogeddon"],"picked":"StuffTheSpire:PlasmaPulse","floor":36.0},{"not_picked":["Transmutation","expansioncontent:SuperHexaguard","Apotheosis"],"picked":"StuffTheSpire:PlasmaPulse","floor":36.0},{"not_picked":["BowlingBash","Replay:ManipulateFuture+1","FlurryOfBlows+1"],"picked":"Fasting2","floor":37.0},{"not_picked":["Study","Nirvana+1","PathToVictory+1"],"picked":"Prostrate+1","floor":38.0},{"not_picked":["Replay:Anticipation","WaveOfTheHand+1","DeceiveReality"],"picked":"Evaluate+1","floor":39.0},{"not_picked":["EmptyFist","LikeWater","CrushJoints+1"],"picked":"Sanctity","floor":44.0},{"not_picked":["FollowUp","BowlingBash","PathToVictory"],"picked":"EmptyBody+1","floor":48.0},{"not_picked":["WindmillStrike+1","PathToVictory","FollowUp"],"picked":"Vault","floor":50},{"not_picked":["SashWhip","SandsOfTime","Adaptation+1"],"picked":"CrushJoints+1","floor":53},{"not_picked":["Crescendo+1","CrushJoints","Wireheading"],"picked":"Prostrate+1","floor":54},{"not_picked":["Crescendo","Wallop","Evaluate"],"picked":"Prostrate+1","floor":55},{"not_picked":["Collect","EmptyFist+1","WaveOfTheHand"],"picked":"ForeignInfluence","floor":26},{"not_picked":["jedi:LeechingStrike","hubris:EnhanceAbility","Magnetism"],"picked":"Mayhem","floor":111},{"not_picked":["expansioncontent:GoopSpray","Replay:BasicMightCard","Purity"],"picked":"Flash of Steel","floor":111},{"not_picked":["vexMod:StairwayStrike","expansioncontent:SlimeTackle","Enlightenment"],"picked":"expansioncontent:CaCaw","floor":111}],"player_experience":400406,"relics_obtained":[{"floor":9.0,"key":"infinitespire:ShieldingShard"},{"floor":14.0,"key":"StuffTheSpire:OldFever"},{"floor":24.0,"key":"Unceasing Top"},{"floor":26.0,"key":"hubris:DuctTape"},{"floor":43.0,"key":"Whetstone"},{"floor":53,"key":"paleoftheancients:SoulOfTheCollector"},{"floor":54,"key":"paleoftheancients:SoulOfTheSilent"},{"floor":55,"key":"paleoftheancients:BlurryLens"},{"floor":56,"key":"StuffTheSpire:Rhapsscallions"},{"floor":73,"key":"paleoftheancients:SoulOfTheShrineMaiden"}],"event_choices":[{"damage_healed":0.0,"max_hp_gain":0.0,"max_hp_loss":0.0,"gold_gain":75.0,"event_name":"World of Goop","player_choice":"Gather Gold","floor":4.0,"gold_loss":0.0,"damage_taken":11.0},{"damage_healed":0.0,"max_hp_gain":0.0,"max_hp_loss":0.0,"gold_gain":0.0,"event_name":"The Woman in Blue","player_choice":"Bought 0 Potions","floor":8.0,"gold_loss":0.0,"damage_taken":0.0},{"damage_healed":0.0,"max_hp_gain":0.0,"max_hp_loss":0.0,"gold_gain":0.0,"event_name":"SensoryStone","player_choice":"Memory 3","floor":36.0,"gold_loss":0.0,"damage_taken":10.0},{"damage_healed":0.0,"max_hp_gain":0.0,"max_hp_loss":0.0,"gold_gain":100.0,"event_name":"Golden Shrine","player_choice":"Pray","floor":41.0,"gold_loss":0.0,"damage_taken":0.0}],"is_beta":false,"boss_relics":[{"not_picked":["energizedSpire:StickyHand","energizedSpire:BlackCloud"],"picked":"Sozu"},{"not_picked":["Velvet Choker","vexMod:EndlessSickness"],"picked":"Honey Jar"}],"items_purged_floors":[30,42],"is_endless":false,"potions_floor_spawned":[5,10,16,19,20,24,27,33,39,44,53,55],"killed_by":"paleoftheancients:N","ascension_level":0}}