{"host":"p7j7o00jacnw7qzt","time":1609266089,"event":{"mods":["BaseMod","Colored Map","Colored Powertips","DeckTracker","Highlight Path","Minty Spire (QoL Compilation)","Relic Stats"],"gold_per_floor":[112,135,210,135,147,147,182,194,206,218,230,253,265,277,289,301,301],"floor_reached":16,"playtime":365,"items_purged":["Strike_G"],"score":242,"play_id":"8974da75-a4e8-4e5c-88a5-0c9c125b586d","local_time":"20201229132129","is_ascension_mode":true,"campfire_choices":[{"data":"Expertise","floor":6.0,"key":"SMITH"},{"data":"Prepared","floor":8.0,"key":"SMITH"},{"data":"Wraith Form v2","floor":11.0,"key":"SMITH"},{"data":"Poisoned Stab","floor":15.0,"key":"SMITH"}],"circlet_count":0,"master_deck":["AscendersBane","Strike_G","Strike_G","Defend_G","Defend_G","Defend_G","Defend_G","Defend_G","Survivor","Neutralize","Expertise+1","Acrobatics","Prepared+1","Wraith Form v2+1","Poisoned Stab+1"],"relics":["Ring of the Snake","NeowsBlessing","Orichalcum","MawBank","Snake Skull"],"acts_visited":["Exordium"],"potions_floor_usage":[16,16],"damage_taken":[{"damage":0.0,"enemies":"Cultist","floor":1.0,"turns":1.0},{"damage":0.0,"enemies":"Small Slimes","floor":5.0,"turns":1.0},{"damage":0.0,"enemies":"Lagavulin","floor":7.0,"turns":1.0},{"damage":1.0,"enemies":"Jaw Worm","floor":12.0,"turns":6.0},{"damage":40,"enemies":"Hexaghost","floor":16,"turns":10}],"seed_played":"-1758611174694609426","potions_obtained":[{"floor":7.0,"key":"Block Potion"},{"floor":12.0,"key":"BlessingOfTheForge"}],"is_trial":false,"path_per_floor":["M","T","?","$","M","R","E","R","T","?","R","M","?","?","R","B"],"character_chosen":"THE_SILENT","items_purchased":[],"campfire_rested":0,"item_purchase_floors":[],"current_hp_per_floor":[59,59,48,48,48,48,48,48,48,48,48,47,47,40,40,0,0],"gold":301,"neow_bonus":"THREE_ENEMY_KILL","is_daily":false,"chose_seed":false,"campfire_upgraded":4,"win_rate":0.0,"timestamp":1609266089,"path_taken":["M","?","?","$","M","R","E","R","T","?","R","?","?","?","R","BOSS"],"items_purchased_type":[],"build_version":"2020-12-22","purchased_purges":1,"victory":false,"max_hp_per_floor":[66,66,66,66,66,66,66,66,66,66,66,66,66,66,66,66,66],"relic_stats":{"counters":[5,19],"Snake Skull":[7],"Orichalcum":[66],"MawBank":108,"obtain_stats":[{"NeowsBlessing":0,"Snake Skull":9,"Orichalcum":2,"MawBank":7,"Ring of the Snake":0},{"NeowsBlessing":0,"Snake Skull":3,"Orichalcum":1,"MawBank":3,"Ring of the Snake":0},{"NeowsBlessing":0,"Snake Skull":3,"Orichalcum":1,"MawBank":3,"Ring of the Snake":0}],"Ring of the Snake":[10]},"card_choices":[{"not_picked":["Slice","Predator"],"picked":"Expertise","floor":1.0},{"not_picked":["Deadly Poison","Leg Sweep"],"picked":"Acrobatics","floor":5.0},{"not_picked":["Predator","Outmaneuver"],"picked":"Prepared","floor":7.0},{"not_picked":["Well Laid Plans","Slice"],"picked":"Poisoned Stab","floor":12.0}],"player_experience":886521,"relics_obtained":[{"floor":2.0,"key":"Orichalcum"},{"floor":7.0,"key":"MawBank"},{"floor":9.0,"key":"Snake Skull"}],"event_choices":[{"damage_healed":0.0,"max_hp_gain":0.0,"max_hp_loss":0.0,"gold_gain":75.0,"event_name":"World of Goop","player_choice":"Gather Gold","floor":3.0,"gold_loss":0.0,"damage_taken":11.0},{"damage_healed":0.0,"max_hp_gain":0.0,"max_hp_loss":0.0,"gold_gain":0.0,"cards_transformed":["Strike_G"],"event_name":"Transmorgrifier","player_choice":"Transformed","floor":10.0,"gold_loss":0.0,"damage_taken":0.0,"cards_obtained":["Wraith Form v2"]},{"damage_healed":0.0,"max_hp_gain":0.0,"max_hp_loss":0.0,"gold_gain":0.0,"event_name":"Scrap Ooze","player_choice":"Fled","floor":13.0,"gold_loss":0.0,"damage_taken":0.0},{"cards_removed":["Strike_G"],"damage_healed":0.0,"max_hp_gain":0.0,"max_hp_loss":0.0,"gold_gain":0.0,"event_name":"Golden Wing","player_choice":"Card Removal","floor":14.0,"gold_loss":0.0,"damage_taken":7.0}],"is_beta":false,"boss_relics":[],"items_purged_floors":[4],"is_endless":false,"potions_floor_spawned":[7,12],"killed_by":"Hexaghost","ascension_level":20}}