{"host":"Shugu","time":1609236228,"event":{"mods":["BaseMod","Colored Powertips","Marisa£®ÏF”Í°°ƒß¿Ì…≥£©","Minty Spire (QoL Compilation)","Reimu£®≤©¿ˆ¡È√Œ£©","Remilia£®¿Ÿ√◊¿Ú—«£©","The Servant 0.9.4","Yakumo Yukari mod","Youmu£®ªÍ∆«—˝√Œ£©","Yuyuko"],"gold_per_floor":[118,132,152,168,168,196,196,212,235,235,249,290,167,167,167,280,280,299,299,299,339,357,357,376,376,376,406,356,378,328,361,361,472,472,490,131,131,81,95,120,70,99,99,158,170,170,188,208,208,208],"floor_reached":51,"playtime":3639,"items_purged":["Strike_MRS","Defend_MRS","Defend_MRS","Defend_MRS","Strike_MRS","Defend_MRS"],"score":805,"play_id":"af4a36d1-634b-4821-ad91-162020e2ed3e","local_time":"20201229180346","is_ascension_mode":false,"campfire_choices":[{"data":"MillisecondPulsars","floor":7.0,"key":"SMITH"},{"floor":15.0,"key":"REST"},{"data":"AlicesGift","floor":23.0,"key":"SMITH"},{"floor":25.0,"key":"REST"},{"data":"AlicesGift","floor":32.0,"key":"SMITH"},{"floor":49,"key":"REST"}],"circlet_count":0,"master_deck":["Strike_MRS","MasterSpark","UpSweep","DoubleSpark","DC","PulseMagic+1","MillisecondPulsars+1","AlicesGift+1","EventHorizon","SporeBomb","ChargeUpSpray","ManaRampage","LuminesStrike+1","Acceleration","AlicesGift+1","TreasureHunter+1","PropBag+1"],"relics":["MiniHakkero","Matryoshka","Regal Pillow","Smiling Mask","CeramicFish","Orichalcum","White Beast Statue","Black Star","MutagenicStrength","Red Mask","Pear","MagicBroom","Bronze Scales","Du-Vu Doll","Molten Egg 2","SimpleLauncher","InkBottle","Lantern","Shuriken","Blue Candle","Lizard Tail"],"acts_visited":["Exordium","TheCity","TheBeyond"],"potions_floor_usage":[40,50,50],"damage_taken":[{"damage":1.0,"enemies":"Cultist","floor":1.0,"turns":3.0},{"damage":12.0,"enemies":"Small Slimes","floor":2.0,"turns":3.0},{"damage":6.0,"enemies":"Jaw Worm","floor":3.0,"turns":3.0},{"damage":5.0,"enemies":"3 Louse","floor":4.0,"turns":2.0},{"damage":37.0,"enemies":"Gremlin Nob","floor":6.0,"turns":5.0},{"damage":19.0,"enemies":"Blue Slaver","floor":8.0,"turns":3.0},{"damage":1.0,"enemies":"Large Slime","floor":11.0,"turns":4.0},{"damage":0.0,"enemies":"3 Sentries","floor":12.0,"turns":5.0},{"damage":21.0,"enemies":"Hexaghost","floor":16.0,"turns":8.0},{"damage":29.0,"enemies":"2 Thieves","floor":18.0,"turns":3.0},{"damage":14.0,"enemies":"Masked Bandits","floor":21.0,"turns":4.0},{"damage":6.0,"enemies":"Spheric Guardian","floor":22.0,"turns":3.0},{"damage":22.0,"enemies":"Snake Plant","floor":24.0,"turns":3.0},{"damage":0.0,"enemies":"Slavers","floor":27.0,"turns":2.0},{"damage":16.0,"enemies":"Snecko","floor":29.0,"turns":3.0},{"damage":14.0,"enemies":"Book of Stabbing","floor":31.0,"turns":3.0},{"damage":21.0,"enemies":"Champ","floor":33.0,"turns":4.0},{"damage":15.0,"enemies":"3 Shapes","floor":35.0,"turns":4.0},{"damage":0.0,"enemies":"3 Darklings","floor":39.0,"turns":2.0},{"damage":10,"enemies":"Giant Head","floor":40,"turns":4},{"damage":20,"enemies":"Reptomancer","floor":42,"turns":4},{"damage":14,"enemies":"Mind Bloom Boss Battle","floor":44,"turns":2},{"damage":21,"enemies":"4 Shapes","floor":45,"turns":3},{"damage":0,"enemies":"Maw","floor":47,"turns":3},{"damage":6,"enemies":"3 Darklings","floor":48,"turns":2},{"damage":61,"enemies":"Time Eater","floor":50,"turns":4}],"seed_played":"-2810028966102498079","potions_obtained":[{"floor":6.0,"key":"SkillPotion"},{"floor":8.0,"key":"Swift Potion"},{"floor":11.0,"key":"EssenceOfSteel"},{"floor":12.0,"key":"Ancient Potion"},{"floor":16.0,"key":"SteroidPotion"},{"floor":18.0,"key":"Swift Potion"},{"floor":21.0,"key":"Energy Potion"},{"floor":24.0,"key":"GrandPatriotsElixir:ReiMu"},{"floor":27.0,"key":"GrandPatriotsElixir:ReiMu"},{"floor":29.0,"key":"PowerPotion"},{"floor":33.0,"key":"SteroidPotion"},{"floor":40,"key":"SneckoOil"}],"is_trial":false,"path_per_floor":["M","M","M","M","?","E","R","M","T","?","M","E","$","T","R","B",null,"M","?","?","?","M","R","M","R","T","E","$","M","$","E","R","B",null,"M","$","?","$","M","E","$","E","T","?","M","?","M","M","R","B",null],"character_chosen":"MARISA","items_purchased":["SporeBomb","ChargeUpSpray","SimpleLauncher"],"campfire_rested":3,"item_purchase_floors":[13,13,36],"current_hp_per_floor":[81,69,63,58,58,21,21,2,2,2,1,1,1,1,40,19,82,53,53,53,39,33,33,11,50,60,60,60,44,44,30,30,9,92,77,77,77,77,77,67,67,47,47,33,24,24,24,18,60,46],"gold":208,"neow_bonus":"TEN_PERCENT_HP_BONUS","is_daily":false,"chose_seed":false,"campfire_upgraded":3,"win_rate":0.0,"timestamp":1609236226,"path_taken":["M","M","?","M","?","E","R","M","T","?","M","E","$","?","R","BOSS","M","?","?","?","M","R","M","R","T","E","$","M","$","E","R","BOSS","M","$","?","$","?","E","$","E","T","?","M","?","?","M","R","BOSS"],"items_purchased_type":["Card","Card","Relic"],"build_version":"2020-12-18","purchased_purges":6,"victory":true,"max_hp_per_floor":[82,82,82,82,82,82,82,82,82,82,82,82,82,82,82,82,82,82,82,82,82,82,82,82,82,92,92,92,92,92,92,92,92,92,92,92,92,92,92,92,92,92,92,92,92,92,92,92,92,92],"card_choices":[{"not_picked":["IllusionStar","WitchLeyline","GasGiant"],"picked":"SKIP","floor":1.0},{"not_picked":["Acceleration","GravityBeat"],"picked":"DoubleSpark","floor":2.0},{"not_picked":["NonDirectionalLaser","WitchLeyline"],"picked":"DC","floor":3.0},{"not_picked":["ShootingEcho","AsteroidBelt"],"picked":"PulseMagic","floor":4.0},{"not_picked":["OortCloud","WitchLeyline"],"picked":"MillisecondPulsars","floor":6.0},{"not_picked":["6A","SporeBomb"],"picked":"AlicesGift","floor":8.0},{"not_picked":["Acceleration","LuminesStrike"],"picked":"EventHorizon","floor":11.0},{"not_picked":["StarBarrage","IllusionStar"],"picked":"AsteroidBelt","floor":12.0},{"not_picked":["EscapeVelocity","MaximisePower"],"picked":"ManaRampage","floor":16.0},{"not_picked":["SporeBomb+1","MeteoricShower"],"picked":"LuminesStrike+1","floor":18.0},{"not_picked":["LuminesStrike","IllusionStar"],"picked":"Acceleration","floor":21.0},{"not_picked":["AsteroidBelt","GalacticHalo","StarBarrage"],"picked":"SKIP","floor":22.0},{"not_picked":["Acceleration","UnstableBomb","DoubleSpark+1"],"picked":"SKIP","floor":24.0},{"not_picked":["GrandCross","RefractionSpark","BlazeAway"],"picked":"SKIP","floor":27.0},{"not_picked":["ShootingEcho","DoubleSpark+1"],"picked":"AlicesGift","floor":29.0},{"not_picked":["EnergyRecoil","DC+1","SprinkleStarSeal"],"picked":"SKIP","floor":31.0},{"not_picked":["SatelliteIllusion","StarDustReverie"],"picked":"TreasureHunter+1","floor":33.0},{"not_picked":["OneTimeOff","MachineGunSpark+1","UnstableBomb+1"],"picked":"SKIP","floor":35.0},{"not_picked":["DoubleSpark+1","RefractionSpark+1","MachineGunSpark+1"],"picked":"SKIP","floor":39.0},{"not_picked":["IllusionStar","PropBag","GravityBeat+1"],"picked":"SKIP","floor":40},{"not_picked":["GravityBeat+1","OrrerysSun","CasketOfStar"],"picked":"SKIP","floor":42},{"not_picked":["DoubleSpark+1","DC+1"],"picked":"PropBag+1","floor":44},{"not_picked":["ChargingUp+1","DC+1","WitchLeyline+1"],"picked":"SKIP","floor":45},{"not_picked":["EnergyFlow","MagicChant","ShootingEcho+1"],"picked":"SKIP","floor":47},{"not_picked":["GalacticHalo","SporeBomb+1","DC+1"],"picked":"SKIP","floor":48}],"player_experience":379725,"relics_obtained":[{"floor":6.0,"key":"Matryoshka"},{"floor":9.0,"key":"Regal Pillow"},{"floor":9.0,"key":"Smiling Mask"},{"floor":12.0,"key":"CeramicFish"},{"floor":14.0,"key":"Orichalcum"},{"floor":14.0,"key":"White Beast Statue"},{"floor":21.0,"key":"Red Mask"},{"floor":26.0,"key":"Pear"},{"floor":27.0,"key":"MagicBroom"},{"floor":27.0,"key":"Bronze Scales"},{"floor":31.0,"key":"Du-Vu Doll"},{"floor":31.0,"key":"Molten Egg 2"},{"floor":40,"key":"InkBottle"},{"floor":40,"key":"Lantern"},{"floor":42,"key":"Shuriken"},{"floor":42,"key":"Blue Candle"},{"floor":44,"key":"Lizard Tail"}],"event_choices":[{"cards_removed":["Strike_MRS"],"damage_healed":0.0,"max_hp_gain":0.0,"max_hp_loss":0.0,"gold_gain":0.0,"event_name":"Living Wall","player_choice":"Forget","floor":5.0,"gold_loss":0.0,"damage_taken":0.0},{"damage_healed":0.0,"max_hp_gain":0.0,"max_hp_loss":0.0,"gold_gain":0.0,"event_name":"Golden Idol","player_choice":"Ignored","floor":10.0,"gold_loss":0.0,"damage_taken":0.0},{"damage_healed":0.0,"max_hp_gain":0.0,"max_hp_loss":0.0,"gold_gain":0.0,"event_name":"Drug Dealer","player_choice":"Inject Mutagens","floor":19.0,"gold_loss":0.0,"damage_taken":0.0,"relics_obtained":["MutagenicStrength"]},{"damage_healed":0.0,"max_hp_gain":0.0,"max_hp_loss":0.0,"gold_gain":0.0,"event_name":"Cursed Tome","player_choice":"Ignored","floor":20.0,"gold_loss":0.0,"damage_taken":0.0},{"damage_healed":0.0,"max_hp_gain":0.0,"max_hp_loss":0.0,"gold_gain":0.0,"event_name":"Masked Bandits","player_choice":"Fought Bandits","floor":21.0,"gold_loss":0.0,"damage_taken":0.0},{"damage_healed":0.0,"max_hp_gain":0.0,"max_hp_loss":0.0,"gold_gain":0.0,"event_name":"Accursed Blacksmith","player_choice":"Forge","floor":37.0,"gold_loss":0.0,"damage_taken":0.0,"cards_upgraded":["PulseMagic"]},{"damage_healed":0,"gold_gain":0,"player_choice":"Fight","damage_taken":0,"max_hp_gain":0,"max_hp_loss":0,"event_name":"MindBloom","floor":44,"gold_loss":0},{"cards_removed":["AsteroidBelt"],"damage_healed":0,"gold_gain":0,"player_choice":"Removed Skill","damage_taken":0,"max_hp_gain":0,"max_hp_loss":0,"event_name":"Falling","floor":46,"gold_loss":0}],"is_beta":true,"boss_relics":[{"not_picked":["Sozu","RedLine:ReiMu"],"picked":"Black Star"},{"not_picked":["RampagingMagicTools","Snecko Eye","Runic Pyramid"]}],"items_purged_floors":[13,28,30,36,38,41],"is_endless":false,"potions_floor_spawned":[6,8,11,12,16,18,21,22,24,27,29,31,33,35,39,40,42,44,45,47,48],"ascension_level":0}}