{"host":"61ejhfsushs0xmcl","time":1609229942,"event":{"mods":["ATMod(阿瑾Mod)","Act Like it!","BaseMod","Colored Map","Gensokyo","Gold Saver","Marisa（F雨　魔理沙）","Minty Spire (QoL Compilation)","MostiFishMod","Spicy Shops","StSLib","TestMod","Waifu the Spire","Yakumo Yukari mod","[地精首领爬塔]The Maniac","【功能Mod】聪明的最终Boss","残留之物","篝火指南"],"gold_per_floor":[2208,2608,1962,1980,2243,2274,2290,2321,2321,1794,1805,1825,1825,1860,1076,1155,1155,1174,1190,1203,1213,694,944,975,990,1041,991,1001,388,421,371,321,393,393,404,420,220,220,220,502,520,549,549,449,10,10,45,66,66,75,75,75,25,59,68],"floor_reached":56,"playtime":2245,"items_purged":["Strike_MRS","Strike_MRS","Strike_MRS","Strike_MRS","MasterSpark","UpSweep","Defend_MRS","Defend_MRS+1","GasGiant","DragonMeteor+1"],"score":2706,"play_id":"b245ca96-677c-40d9-a784-169764f51219","local_time":"20201229161902","is_ascension_mode":true,"campfire_choices":[{"floor":13.0,"key":"RECALL"},{"data":"MeteoricShower","floor":49,"key":"SMITH"},{"data":"Acceleration","floor":52,"key":"SMITH"}],"circlet_count":0,"master_deck":["AscendersBane","AT_KneejerkReflex+1","Acceleration+1","Gensokyo:HAARP+1","EscapeVelocity+1","MeteoricShower+1","Acceleration+1","BigCrunch+1","SatelliteIllusion+1","EscapeVelocity+1","CollectingQuirk+1","MillisecondPulsars+1","Gensokyo:MorningStar+1"],"relics":["MiniHakkero","testmod-TestBox","AT_ATBox","testmod-Antiphasic","HaiYi:Twilight","SynthV:TestCard","Medical Kit","BirthdayGift-Icosahedron","Art of War","AT_BellowingDragoncrestRing","DaCapo","Matryoshka","Sundial","Civilization","Chemical X","AT_Manta","AT_GuinsooRageblade","AT_Kusabimaru","BrkXgEgg","War Paint","testmod-NegativeEmotionEnhancer","PlaceholderMod:FlatBlood","Technique","Lantern","testmod-TurbochargingSystem","Smiling Mask","Question Card","Vajra","Orrery","PreservedInsect","AT_SunfireAegis","RampagingMagicTools","Dodecahedron","AT_TimeSand","Happy Flower","Mummified Hand","testmod-TheFather","testmod-Maize","Mercury Hourglass","AT_SilvercatRing","Oddly Smooth Stone"],"acts_visited":["Exordium","Gensokyo:Gensokyo","Gensokyo:Gensokyoer","TheEnding"],"potions_floor_usage":[55],"damage_taken":[{"damage":14.0,"enemies":"Gensokyo:Gryphon","floor":1.0,"turns":4.0},{"damage":5.0,"enemies":"Gensokyo:2_Kodama","floor":4.0,"turns":3.0},{"damage":0.0,"enemies":"Gensokyo:Python","floor":5.0,"turns":6.0},{"damage":0.0,"enemies":"Gensokyo:Cirno","floor":6.0,"turns":4.0},{"damage":0.0,"enemies":"Gensokyo:2_Rabbits","floor":7.0,"turns":1.0},{"damage":0.0,"enemies":"Gensokyo:Aya","floor":8.0,"turns":2.0},{"damage":0.0,"enemies":"Gensokyo:3_Kodama","floor":11.0,"turns":1.0},{"damage":0.0,"enemies":"Gensokyo:Python_and_Kodama","floor":12.0,"turns":1.0},{"damage":0.0,"enemies":"Gensokyo:Cirno","floor":14.0,"turns":4.0},{"damage":0.0,"enemies":"Gensokyo:Kokoro","floor":16.0,"turns":1.0},{"damage":0.0,"enemies":"Gensokyo:2_Gloops","floor":18.0,"turns":1.0},{"damage":0.0,"enemies":"Gensokyo:AngelMirror","floor":19.0,"turns":1.0},{"damage":0.0,"enemies":"Gensokyo:Slime_Group","floor":20.0,"turns":1.0},{"damage":0.0,"enemies":"Gensokyo:Swordslinger","floor":21.0,"turns":1.0},{"damage":0.0,"enemies":"Gensokyo:Koishi","floor":24.0,"turns":1.0},{"damage":0.0,"enemies":"Gensokyo:Mirror_and_Dog","floor":25.0,"turns":1.0},{"damage":0.0,"enemies":"Gensokyo:Monolith_and_Dog","floor":28.0,"turns":2.0},{"damage":0.0,"enemies":"Gensokyo:Tenshi","floor":30.0,"turns":2.0},{"damage":0.0,"enemies":"Gensokyo:Kaguya","floor":33.0,"turns":2.0},{"damage":0.0,"enemies":"Gensokyo:3_Bats","floor":35.0,"turns":1.0},{"damage":0.0,"enemies":"Gensokyo:AncientGuardian","floor":36.0,"turns":1.0},{"damage":20.0,"enemies":"Gensokyo:Kasen","floor":40.0,"turns":3.0},{"damage":0.0,"enemies":"Gensokyo:Rafflesia","floor":41.0,"turns":1.0},{"damage":0.0,"enemies":"Gensokyo:Marisa","floor":42.0,"turns":1.0},{"damage":0,"enemies":"Gensokyo:Marisa","floor":46,"turns":1},{"damage":16,"enemies":"Gensokyo:Kasen","floor":47,"turns":2},{"damage":0,"enemies":"Gensokyo:4_Bats","floor":48,"turns":1},{"damage":0,"enemies":"Gensokyo:Scarlet_Devils","floor":50,"turns":1},{"damage":0,"enemies":"Shield and Spear","floor":54,"turns":1},{"damage":3,"enemies":"The Heart","floor":55,"turns":3}],"seed_played":"-1972231920499580950","potions_obtained":[{"floor":6.0,"key":"Weak Potion"},{"floor":12.0,"key":"ShroomBrew"},{"floor":14.0,"key":"LiquidMemories"},{"floor":24.0,"key":"PowerPotion"}],"is_trial":false,"path_per_floor":["M","?","COS","M","M","E","M","E","T","R","M","M","R","E","R","B",null,"M","M","M","M","COS","?","E","M","T","R","M","R","E","$","R","B",null,"M","M","$","?","?","E","M","E","T","R","COS","?","E","M","R","B",null,"R","$","E","B",null],"character_chosen":"MARISA","items_purchased":["Chemical X","AT_Manta","AT_Kusabimaru","BigCrunch","BrkXgEgg","War Paint","Question Card","Vajra","Orrery","Dodecahedron"],"campfire_rested":0,"item_purchase_floors":[10,10,15,15,15,15,29,29,29,37],"current_hp_per_floor":[49,49,49,70,70,70,70,70,70,70,73,78,78,99,99,121,121,146,172,200,229,229,211,241,273,273,273,307,307,342,342,342,383,383,427,472,472,472,472,520,569,619,619,619,619,619,673,731,731,790,790,790,790,851,913],"gold":68,"neow_bonus":"UPGRADE_CARD","is_daily":false,"chose_seed":false,"campfire_upgraded":2,"win_rate":0.0,"timestamp":1609229942,"path_taken":["M","?","COS","M","M","E","M","E","T","R","M","M","R","E","R","BOSS","M","M","M","M","COS","?","E","M","T","R","M","R","E","$","R","BOSS","M","?","?","?","?","E","?","E","T","R","COS","?","E","M","R","BOSS","R","$","E","BOSS"],"items_purchased_type":["Relic","Relic","Relic","Card","Relic","Relic","Relic","Relic","Relic","Relic"],"build_version":"2020-12-22","purchased_purges":10,"victory":true,"max_hp_per_floor":[70,70,70,70,70,70,70,70,70,70,73,78,78,99,99,121,121,146,172,200,229,229,211,241,273,273,273,307,307,342,342,342,383,383,427,472,472,472,472,520,569,619,619,619,619,619,673,731,731,790,790,790,790,851,913],"card_choices":[{"not_picked":["6A","WitchOfGreed"],"picked":"Acceleration","floor":1.0},{"not_picked":["RefractionSpark","LuminesStrike","EnergyRecoil","UnstableBomb","BlazeAway"],"picked":"SKIP","floor":4.0},{"not_picked":["LuminesStrike+1","AsteroidBelt+1","FairyDestructionRay+1","WitchOfGreed+1","GalacticHalo+1"],"picked":"SKIP","floor":5.0},{"not_picked":["OrrerysSun","PowerUp","MysteriousBeam","IllusionStar","GalacticHalo"],"picked":"SKIP","floor":5.0},{"not_picked":["RefractionSpark","NonDirectionalLaser","6A","AlicesGift"],"picked":"EscapeVelocity","floor":6.0},{"not_picked":["Orbital","GrandCross","LuminesStrike","6A"],"picked":"MeteoricShower","floor":7.0},{"not_picked":["SprinkleStarSeal","Occultation","WitchOfGreed","Robbery"],"picked":"GasGiant","floor":8.0},{"not_picked":["LuminesStrike","PulseMagic","NonDirectionalLaser","AlicesGift","DarkSpark"],"picked":"SKIP","floor":11.0},{"not_picked":["MilkyWay","NonDirectionalLaser","PowerUp","WitchOfGreed"],"picked":"Acceleration","floor":12.0},{"not_picked":["SuperPerseids","StarBarrage","WitchLeyline","GasGiant","WitchOfGreed"],"picked":"SKIP","floor":14.0},{"not_picked":["StarDustReverie+1","CasketOfStar+1","MaximisePower+1","JA+1"],"picked":"SatelliteIllusion+1","floor":16.0},{"not_picked":["LuminesStrike","IllusionStar+1","PowerUp","WitchLeyline","WitchOfGreed"],"picked":"SKIP","floor":18.0},{"not_picked":["AsteroidBelt","GrandCross+1","IllusionStar","DC","ShootingEcho"],"picked":"SKIP","floor":19.0},{"not_picked":["PowerUp","MeteoricShower","DC","ShootingEcho"],"picked":"EscapeVelocity+1","floor":20.0},{"not_picked":["6A+1","UnstableBomb","OortCloud","MilkyWay","NonDirectionalLaser"],"picked":"SKIP","floor":21.0},{"not_picked":["ShootTheMoon+1","SuperPerseids+1","PowerUp+1","6A+1","BlazingStar+1"],"picked":"SKIP","floor":24.0},{"not_picked":["AsteroidBelt","PowerUp","SuperPerseids+1","ChargingUp","GrandCross"],"picked":"SKIP","floor":24.0},{"not_picked":["MagicChant","BinaryStars+1","WitchLeyline","AsteroidBelt","MysteriousBeam"],"picked":"SKIP","floor":25.0},{"not_picked":["WitchOfGreed","DoubleSpark+1","Orbital","EventHorizon","Occultation+1"],"picked":"SKIP","floor":28.0},{"not_picked":["AsteroidBelt","DarkSpark","StarBarrage","Occultation+1","LuminesStrike"],"picked":"CollectingQuirk+1","floor":29.0},{"not_picked":["ShootTheMoon","UnstableBomb","EarthLightRay","RefractionSpark","MysteriousBeam","LuminesStrike+1"],"picked":"SKIP","floor":30.0},{"not_picked":["BinaryStars+1","UltimateShortwave+1","TreasureHunter+1","ManaRampage+1","CasketOfStar+1"],"picked":"MillisecondPulsars+1","floor":33.0},{"not_picked":["BigCrunch","MillisecondPulsars","JA","CasketOfStar","SatelliteIllusion","MaximisePower"],"picked":"SKIP","floor":35.0},{"not_picked":["MillisecondPulsars+1","WitchLeyline","Orbital+1","StarlightTyphoon","IllusionStar","ShootingEcho"],"picked":"SKIP","floor":35.0},{"not_picked":["ShootingEcho+1","MagicAbsorber","GalacticHalo","OrrerysSun","Robbery","MysteriousBeam"],"picked":"SKIP","floor":36.0},{"not_picked":["JA+1","PropBag+1","DragonMeteor+1","Singularity","6A+1","FinalSpark+1"],"picked":"SKIP","floor":40.0},{"not_picked":["JA+1","PropBag+1","Singularity","6A+1","FinalSpark+1"],"picked":"DragonMeteor+1","floor":40.0},{"not_picked":["DC","OrrerysSun+1","MysteriousBeam","PulseMagic+1","SuperPerseids","WitchOfGreed"],"picked":"SKIP","floor":41.0},{"not_picked":["DoubleSpark","ManaConvection","ShootingEcho","EnergyRecoil","6A","JA+1"],"picked":"SKIP","floor":42.0},{"not_picked":["Gensokyo:UnlikelyAid+1","Gensokyo:RainbowDanmaku+1"],"picked":"Gensokyo:MorningStar+1","floor":46},{"not_picked":["DarkMatter","AsteroidBelt","NonDirectionalLaser","CollectingQuirk+1","RefractionSpark","SprinkleStarSeal+1"],"picked":"SKIP","floor":47},{"not_picked":["FairyDestructionRay+1","NonDirectionalLaser+1","MachineGunSpark+1","GravityBeat+1","GrandCross+1","DragonMeteor+1"],"picked":"SKIP","floor":48},{"not_picked":["Orbital+1","ShootTheMoon","DragonMeteor+1","WitchLeyline+1","UnstableBomb","IllusionStar"],"picked":"SKIP","floor":48},{"not_picked":["DarkMatter","AsteroidBelt+1","MysteriousBeam","UnstableBomb","EnergyFlow","ShootingEcho+1"],"picked":"SKIP","floor":54}],"player_experience":813481,"relics_obtained":[{"floor":1.0,"key":"SynthV:TestCard"},{"floor":6.0,"key":"AT_BellowingDragoncrestRing"},{"floor":8.0,"key":"Matryoshka"},{"floor":9.0,"key":"Sundial"},{"floor":9.0,"key":"Civilization"},{"floor":14.0,"key":"AT_GuinsooRageblade"},{"floor":24.0,"key":"Lantern"},{"floor":26.0,"key":"testmod-TurbochargingSystem"},{"floor":26.0,"key":"Smiling Mask"},{"floor":30.0,"key":"PreservedInsect"},{"floor":40.0,"key":"AT_TimeSand"},{"floor":42.0,"key":"Happy Flower"},{"floor":47,"key":"testmod-Maize"},{"floor":54,"key":"AT_SilvercatRing"}],"event_choices":[{"damage_healed":0.0,"max_hp_gain":0.0,"max_hp_loss":0.0,"gold_gain":400.0,"event_name":"恩洛斯的盘子","player_choice":"Sell","floor":2.0,"relics_lost":["DaveBox"],"gold_loss":0.0,"damage_taken":0.0}],"is_beta":false,"boss_relics":[{"not_picked":["Transparent","testmod-SaigiyounoYou"],"picked":"testmod-NegativeEmotionEnhancer"},{"not_picked":["DiscerningMonocle","FeatherPendant"],"picked":"RampagingMagicTools"}],"items_purged_floors":[10,15,27,29,31,32,37,44,44,53],"is_endless":false,"potions_floor_spawned":[6,12,14,20,24,28,30,35,42,47,48],"ascension_level":15}}