{"host":"6dypmz777xraikqf","time":1609283698,"event":{"mods":["AchievementEnabler","BaseMod","BetterRewards","Colored Map","Colored Powertips","Downfall","Highlight Path","Hubris","Infinite Spire","Minty Spire (QoL Compilation)","Replay The Spire","StSLib"],"gold_per_floor":[115,135,135,310,310,310,340,352,352,352,26,40,40,40,40,142,142,159,159,16,16,36,62,62,62,62,87,99,24,24,38,38,38,38],"floor_reached":33,"playtime":2523,"items_purged":["Doubt"],"score":306,"play_id":"97899e3e-8204-464e-a891-48e3f6a7d157","local_time":"20201229231458","is_ascension_mode":false,"campfire_choices":[{"data":"Replay:Battleflow","floor":6.0,"key":"SMITH"},{"data":"ReplayTheSpireMod:Brewmster","floor":15.0,"key":"SMITH"},{"floor":25,"key":"REST"},{"floor":30,"key":"REST"},{"floor":32,"key":"REST"}],"circlet_count":0,"master_deck":["Strike_P","Strike_P","Strike_P","Strike_P","Defend_P","Defend_P","Defend_P","Defend_P","Eruption","Vigilance","EmptyFist","Replay:Battleflow+1","SashWhip","LikeWater","ReplayTheSpireMod:Brewmster+1","Mind Blast","FollowUp","Tools of the Trade","ThirdEye+1","Replay:DivineShield","Shrug It Off","sneckomod:WideSting","champ:BringItOn+1","sneckomod:SlitherStrike","Study","Conserve Battery+1"],"relics":["Replay:M_SmolderingBlood","Replay:M_StaffOfTheSnake","MealTicket","Mirror","PreservedInsect","hubris:SlimyHat","infinitespire:Cubic Diamond","hubris:TerracottaHorce","PrismaticShard","Darkstone Periapt","hubris:Icosahedron","Blue Doll","Ornamental Fan"],"acts_visited":["Exordium","TheCity"],"potions_floor_usage":[23,23,23,23,23,27,27,27,27,27,28,28,28,28,28,28,28,28,31,31,31,33,33,33,33,33,33,33,33,33],"damage_taken":[{"damage":0.0,"enemies":"Small Slimes","floor":1.0,"turns":1.0},{"damage":0.0,"enemies":"2 Louse","floor":2.0,"turns":2.0},{"damage":0.0,"enemies":"Gremlin Nob","floor":7.0,"turns":1.0},{"damage":7.0,"enemies":"Jaw Worm","floor":8.0,"turns":4.0},{"damage":7.0,"enemies":"Large Slime","floor":12.0,"turns":8.0},{"damage":42.0,"enemies":"Hexaghost","floor":16.0,"turns":10.0},{"damage":11.0,"enemies":"Chosen","floor":18.0,"turns":7.0},{"damage":16.0,"enemies":"Spheric Guardian","floor":22.0,"turns":6.0},{"damage":24,"enemies":"Replay:Snechameleon","floor":23,"turns":8},{"damage":33,"enemies":"Slavers","floor":27,"turns":8},{"damage":0,"enemies":"Centurion and Healer","floor":28,"turns":13},{"damage":9,"enemies":"Cultist and Chosen","floor":31,"turns":5},{"damage":62,"enemies":"Collector","floor":33,"turns":11}],"seed_played":"-8401067682533281612","potions_obtained":[{"floor":7.0,"key":"SpeedPotion"},{"floor":8.0,"key":"SteroidPotion"},{"floor":18.0,"key":"sneckomod:MuddlingPotion"},{"floor":22.0,"key":"Swift Potion"},{"floor":27,"key":"Swift Potion"}],"is_trial":false,"path_per_floor":["M","M","?","?","?","R","E","M","T","T","$","M","?","?","R","B",null,"M","?","$","?","M","E","?","R","T","E","M","$","R","M","R","B"],"character_chosen":"WATCHER","items_purchased":["ReplayTheSpireMod:Brewmster","Mind Blast","PrismaticShard","Study"],"campfire_rested":3,"item_purchase_floors":[11,11,20,29],"current_hp_per_floor":[72,72,72,72,77,77,77,70,70,70,77,70,58,58,58,16,62,51,51,66,52,36,12,12,36,36,3,3,18,42,33,57,0,0],"gold":38,"neow_bonus":"THREE_ENEMY_KILL","is_daily":false,"chose_seed":false,"campfire_upgraded":2,"win_rate":0.0,"timestamp":1609283698,"path_taken":["M","M","?","?","?","R","E","M","T","?","$","?","?","?","R","BOSS","M","?","$","?","M","E","?","R","T","E","M","$","R","M","R","BOSS"],"items_purchased_type":["Card","Card","Relic","Card"],"build_version":"2020-12-22","purchased_purges":1,"victory":false,"max_hp_per_floor":[72,72,72,72,77,77,77,77,77,77,77,77,77,77,77,77,77,77,77,77,82,82,82,82,82,82,82,82,82,82,82,82,82,82],"card_choices":[{"not_picked":["ThirdEye","JustLucky"],"picked":"EmptyFist","floor":1.0},{"not_picked":["ClearTheMind","WaveOfTheHand"],"picked":"Replay:Battleflow","floor":2.0},{"not_picked":["Outmaneuver","Consecrate"],"picked":"SashWhip","floor":7.0},{"not_picked":["Setup","SignatureMove"],"picked":"LikeWater","floor":8.0},{"not_picked":["Outmaneuver","CutThroughFate"],"picked":"FollowUp","floor":12.0},{"not_picked":["Scrawl","Die Die Die"],"picked":"Tools of the Trade","floor":16.0},{"not_picked":["InnerPeace","Replay:AtTheReady"],"picked":"ThirdEye+1","floor":18.0},{"not_picked":["hexamod:HauntingEcho","sneckomod:DiceBoulder"],"picked":"Shrug It Off","floor":22.0},{"not_picked":["Slimebound:SplitLeeching","Omniscience"],"picked":"sneckomod:WideSting","floor":23},{"not_picked":["Panic Button","Bane"],"picked":"champ:BringItOn+1","floor":27},{"not_picked":["Twin Strike","Guardian:ArmoredProtocol"],"picked":"sneckomod:SlitherStrike","floor":28},{"not_picked":["ReplayTheSpireMod:The Works+1","Heavy Blade"],"picked":"Conserve Battery+1","floor":31}],"player_experience":33130,"relics_obtained":[{"floor":7.0,"key":"MealTicket"},{"floor":9.0,"key":"Mirror"},{"floor":10.0,"key":"PreservedInsect"},{"floor":23,"key":"Darkstone Periapt"},{"floor":26,"key":"Blue Doll"},{"floor":27,"key":"Ornamental Fan"}],"event_choices":[{"damage_healed":0.0,"max_hp_gain":0.0,"max_hp_loss":0.0,"gold_gain":175.0,"event_name":"Liars Game","player_choice":"AGREE","floor":4.0,"gold_loss":0.0,"damage_taken":0.0,"cards_obtained":["Doubt"]},{"damage_healed":0.0,"max_hp_gain":5.0,"max_hp_loss":0.0,"gold_gain":0.0,"event_name":"Big Fish","player_choice":"Donut","floor":5.0,"gold_loss":0.0,"damage_taken":0.0},{"damage_healed":0.0,"max_hp_gain":0.0,"max_hp_loss":0.0,"gold_gain":0.0,"event_name":"Scrap Ooze","player_choice":"Success","floor":13.0,"gold_loss":0.0,"damage_taken":12.0,"relics_obtained":["hubris:SlimyHat"]},{"damage_healed":0.0,"max_hp_gain":0.0,"max_hp_loss":0.0,"gold_gain":0.0,"event_name":"The Library","player_choice":"Read","floor":19.0,"gold_loss":0.0,"damage_taken":0.0,"cards_obtained":["Replay:DivineShield"]},{"damage_healed":0.0,"max_hp_gain":5.0,"max_hp_loss":0.0,"gold_gain":0.0,"event_name":"Forgotten Altar","player_choice":"Shed Blood","floor":21.0,"gold_loss":0.0,"damage_taken":19.0}],"is_beta":false,"boss_relics":[{"not_picked":["Ring of Chaos","Snecko Eye"],"picked":"hubris:TerracottaHorce"}],"items_purged_floors":[11],"is_endless":false,"potions_floor_spawned":[7,8,18,22,27],"killed_by":"Collector","ascension_level":0}}