{"host":"6t1lyqu4vs0bu9t8","time":1609230223,"event":{"mods":["AchievementEnabler","BaseMod","Colored Map","Keyboard Shortcuts","Minty Spire (QoL Compilation)","Permanent Neow","Quick Restart","Rare Cards Sparkle","StSLib","SuperFastMode","everything is the same but u backflip on backflip"],"gold_per_floor":[115,115,133,133,145,177,177,190,190,202,202,214,214,224,224,295,295,307,307,26,26,26,51,51,78,101,119,119,174,174,218,218,292,292,303,193,234,63,63,89,89,104,104,116,159,171,203,247,259,271,271],"floor_reached":50,"playtime":10975,"items_purged":["Strike_P"],"score":1355,"play_id":"e6f93633-d6bb-430c-a326-5e05ca3e6e9c","local_time":"20201229172343","is_ascension_mode":true,"campfire_choices":[{"data":"Eruption","floor":7.0,"key":"SMITH"},{"data":"Judgement","floor":13.0,"key":"SMITH"},{"data":"Perseverance","floor":15.0,"key":"SMITH"},{"data":"Blasphemy","floor":24.0,"key":"SMITH"},{"data":"Ragnarok","floor":28.0,"key":"SMITH"},{"data":"HandOfGreed","floor":30.0,"key":"SMITH"},{"data":"Swivel","floor":32.0,"key":"SMITH"},{"data":"DevaForm","floor":41.0,"key":"SMITH"},{"data":"ConjureBlade","floor":44.0,"key":"SMITH"},{"floor":46.0,"key":"REST"},{"floor":49.0,"key":"REST"}],"circlet_count":0,"master_deck":["AscendersBane","Strike_P","Strike_P","Defend_P","Defend_P","Defend_P+1","Defend_P+1","Eruption+1","Vigilance","Clumsy","Judgement+1","PathToVictory","WheelKick","EmptyBody","FlurryOfBlows","JustLucky","Perseverance+1","Protect+1","BowlingBash+1","Ragnarok+1","ClearTheMind","HandOfGreed+1","Blasphemy+1","Halt","Swivel+1","DevaForm+1","CurseOfTheBell","Halt+1","Wallop","LessonLearned","ConjureBlade+1","SpiritShield","EmptyFist+1","JustLucky"],"relics":["HolyWater","FossilizedHelix","Du-Vu Doll","Incense Burner","Dream Catcher","MutagenicStrength","HornCleat","PreservedInsect","Bag of Preparation","Regal Pillow","Calling Bell","Lantern","Matryoshka","Calipers","War Paint","Lizard Tail","Bag of Marbles","Potion Belt","MawBank","Art of War","Toxic Egg 2"],"acts_visited":["Exordium","TheCity","TheBeyond"],"potions_floor_usage":[50,50],"damage_taken":[{"damage":7.0,"enemies":"Jaw Worm","floor":1.0,"turns":3.0},{"damage":1.0,"enemies":"Cultist","floor":3.0,"turns":4.0},{"damage":0.0,"enemies":"Small Slimes","floor":5.0,"turns":1.0},{"damage":0.0,"enemies":"Gremlin Nob","floor":6.0,"turns":1.0},{"damage":0.0,"enemies":"Looter","floor":8.0,"turns":1.0},{"damage":0.0,"enemies":"Large Slime","floor":10.0,"turns":3.0},{"damage":0.0,"enemies":"Exordium Wildlife","floor":12.0,"turns":1.0},{"damage":0.0,"enemies":"Lots of Slimes","floor":14.0,"turns":3.0},{"damage":0.0,"enemies":"Slime Boss","floor":16.0,"turns":5.0},{"damage":0.0,"enemies":"3 Byrds","floor":18.0,"turns":4.0},{"damage":21.0,"enemies":"Book of Stabbing","floor":23.0,"turns":5.0},{"damage":0.0,"enemies":"Gremlin Leader","floor":25.0,"turns":3.0},{"damage":0.0,"enemies":"Chosen","floor":27.0,"turns":2.0},{"damage":4.0,"enemies":"Slavers","floor":29.0,"turns":3.0},{"damage":0.0,"enemies":"Centurion and Healer","floor":31.0,"turns":6.0},{"damage":100026.0,"enemies":"Champ","floor":33.0,"turns":7.0},{"damage":0.0,"enemies":"Orb Walker","floor":35.0,"turns":1.0},{"damage":0.0,"enemies":"3 Shapes","floor":37.0,"turns":4.0},{"damage":6.0,"enemies":"Giant Head","floor":40.0,"turns":7.0},{"damage":0.0,"enemies":"Writhing Mass","floor":42.0,"turns":3.0},{"damage":19.0,"enemies":"Reptomancer","floor":45.0,"turns":4.0},{"damage":39.0,"enemies":"Transient","floor":47.0,"turns":6.0},{"damage":0.0,"enemies":"Giant Head","floor":48.0,"turns":6.0},{"damage":129,"enemies":"Awakened One","floor":50,"turns":12}],"seed_played":"6648599495749891633","potions_obtained":[{"floor":2.0,"key":"FairyPotion"},{"floor":2.0,"key":"Ambrosia"},{"floor":6.0,"key":"Strength Potion"},{"floor":12.0,"key":"AttackPotion"},{"floor":16.0,"key":"Strength Potion"},{"floor":23.0,"key":"ColorlessPotion"},{"floor":33.0,"key":"SpeedPotion"},{"floor":37.0,"key":"Block Potion"},{"floor":40.0,"key":"Strength Potion"},{"floor":47.0,"key":"BlessingOfTheForge"}],"is_trial":false,"path_per_floor":["M","?","M","?","M","E","R","M","T","M","?","M","R","M","R","B",null,"M","?","$","?","$","E","R","E","T","M","R","E","R","M","R","B",null,"M","?","M","$","T","E","R","M","T","R","E","R","M","E","R","B"],"character_chosen":"WATCHER","items_purchased":["HandOfGreed","LessonLearned"],"campfire_rested":2,"item_purchase_floors":[20,38],"current_hp_per_floor":[54,54,53,48,48,48,48,48,48,48,48,48,48,48,48,48,63,63,63,63,63,63,42,42,42,42,42,42,38,38,38,38,20,56,56,56,56,56,56,50,50,50,50,50,31,66,27,27,62,0,0],"gold":271,"neow_bonus":"THREE_RARE_CARDS","is_daily":false,"chose_seed":false,"campfire_upgraded":9,"win_rate":0.0,"timestamp":1609230223,"path_taken":["M","?","?","?","M","E","R","M","T","M","?","?","R","M","R","BOSS","M","?","$","?","?","E","R","E","T","M","R","E","R","?","R","BOSS","M","?","M","$","?","E","R","?","T","R","E","R","M","E","R","BOSS"],"items_purchased_type":["Card","Card"],"build_version":"2020-12-22","purchased_purges":1,"victory":false,"max_hp_per_floor":[68,68,68,68,68,68,68,68,68,68,68,68,68,68,68,68,68,68,68,68,68,68,68,68,68,68,68,68,68,68,68,68,68,68,68,68,68,68,68,68,68,68,68,68,68,68,68,68,68,68,68],"card_choices":[{"not_picked":["Ragnarok","DevaForm"],"picked":"Judgement","floor":0.0},{"not_picked":["Pray","ClearTheMind"],"picked":"PathToVictory","floor":1.0},{"not_picked":["Collect","WindmillStrike"],"picked":"WheelKick","floor":3.0},{"not_picked":["JustLucky","FollowUp"],"picked":"EmptyBody","floor":5.0},{"not_picked":["Protect","CutThroughFate"],"picked":"FlurryOfBlows","floor":6.0},{"not_picked":["ClearTheMind","Crescendo"],"picked":"JustLucky","floor":8.0},{"not_picked":["Conclude","Indignation"],"picked":"Perseverance","floor":10.0},{"not_picked":["Consecrate","WindmillStrike"],"picked":"Protect","floor":12.0},{"not_picked":["Perseverance","Wireheading"],"picked":"BowlingBash","floor":14.0},{"not_picked":["Devotion","Omniscience"],"picked":"Ragnarok","floor":16.0},{"not_picked":["WindmillStrike","Consecrate"],"picked":"ClearTheMind","floor":18.0},{"not_picked":["WheelKick","FollowUp"],"picked":"Blasphemy","floor":23.0},{"not_picked":["Weave","Consecrate","Prostrate"],"picked":"SKIP","floor":25.0},{"not_picked":["WaveOfTheHand","Prostrate"],"picked":"Halt","floor":27.0},{"not_picked":["ForeignInfluence","Protect","FlurryOfBlows"],"picked":"SKIP","floor":29.0},{"not_picked":["CrushJoints+1","EmptyBody"],"picked":"Swivel","floor":31.0},{"not_picked":["Blasphemy","DeusExMachina"],"picked":"DevaForm","floor":33.0},{"not_picked":["WaveOfTheHand","DeceiveReality+1"],"picked":"Halt+1","floor":35.0},{"not_picked":["Tantrum","FlyingSleeves"],"picked":"Wallop","floor":37.0},{"not_picked":["Meditate","Halt"],"picked":"ConjureBlade","floor":40.0},{"not_picked":["SashWhip+1","CrushJoints","Consecrate+1"],"picked":"SKIP","floor":42.0},{"not_picked":["ThirdEye+1","FlurryOfBlows","SashWhip"],"picked":"SKIP","floor":45.0},{"not_picked":["ThirdEye+1","Wallop+1"],"picked":"SpiritShield","floor":46.0},{"not_picked":["EmptyFist+1","ClearTheMind+1","JustLucky"],"picked":"SKIP","floor":47.0},{"not_picked":["ClearTheMind+1","JustLucky"],"picked":"EmptyFist+1","floor":47.0},{"not_picked":["Wallop","Prostrate+1"],"picked":"JustLucky","floor":48.0}],"player_experience":428925,"relics_obtained":[{"floor":6.0,"key":"Du-Vu Doll"},{"floor":9.0,"key":"Incense Burner"},{"floor":23.0,"key":"HornCleat"},{"floor":25.0,"key":"PreservedInsect"},{"floor":26.0,"key":"Bag of Preparation"},{"floor":29.0,"key":"Regal Pillow"},{"floor":34.0,"key":"Lantern"},{"floor":34.0,"key":"Matryoshka"},{"floor":34.0,"key":"Calipers"},{"floor":39.0,"key":"War Paint"},{"floor":39.0,"key":"Lizard Tail"},{"floor":40.0,"key":"Bag of Marbles"},{"floor":43.0,"key":"Potion Belt"},{"floor":43.0,"key":"MawBank"},{"floor":45.0,"key":"Art of War"},{"floor":48.0,"key":"Toxic Egg 2"}],"event_choices":[{"damage_healed":0.0,"max_hp_gain":0.0,"max_hp_loss":0.0,"gold_gain":0.0,"event_name":"Lab","player_choice":"Got Potions","floor":2.0,"gold_loss":0.0,"damage_taken":0.0},{"damage_healed":0.0,"max_hp_gain":0.0,"max_hp_loss":0.0,"gold_gain":0.0,"event_name":"Scrap Ooze","player_choice":"Success","floor":4.0,"gold_loss":0.0,"damage_taken":5.0,"relics_obtained":["FossilizedHelix"]},{"damage_healed":0.0,"max_hp_gain":0.0,"max_hp_loss":0.0,"gold_gain":0.0,"event_name":"WeMeetAgain","player_choice":"Gave Potion","floor":11.0,"gold_loss":0.0,"damage_taken":0.0,"relics_obtained":["Dream Catcher"]},{"damage_healed":0.0,"max_hp_gain":0.0,"max_hp_loss":0.0,"gold_gain":0.0,"event_name":"Drug Dealer","player_choice":"Inject Mutagens","floor":19.0,"gold_loss":0.0,"damage_taken":0.0,"relics_obtained":["MutagenicStrength"]},{"damage_healed":0.0,"max_hp_gain":0.0,"max_hp_loss":0.0,"gold_gain":0.0,"event_name":"Cursed Tome","player_choice":"Ignored","floor":21.0,"gold_loss":0.0,"damage_taken":0.0},{"cards_removed":["Strike_P"],"damage_healed":0.0,"max_hp_gain":0.0,"max_hp_loss":0.0,"gold_gain":0.0,"event_name":"Designer","player_choice":"Upgrade and Remove","floor":36.0,"gold_loss":110.0,"damage_taken":0.0,"cards_upgraded":["Protect"]}],"is_beta":false,"boss_relics":[{"not_picked":["Black Star","Busted Crown"],"picked":"HolyWater"},{"not_picked":["Runic Pyramid","Philosopher\u0027s Stone"],"picked":"Calling Bell"}],"items_purged_floors":[20],"is_endless":false,"potions_floor_spawned":[3,5,6,12,16,23,25,33,37,40,47],"killed_by":"Awakened One","ascension_level":18}}