{"host":"zit9o0ax6c2l3y2b","time":1609216173,"event":{"mods":["Aspiration","BaseMod","Colored Map","Conspire","Downfall","Glutton Mod","Hermit","Hubris","Infinite Spire","Minty Spire (QoL Compilation)","Random Character Button","Relic Filter","Replay The Spire","Shade Mod","Shop Mod","StSLib","The Construct","The Cursed","The Disciple","The Runesmith","TheArtist"],"gold_per_floor":[116,126,138,138,151,185,202,215,215,226,226,226,241,261,261,358,358,375,285,300,312,342,342,358,393,393,424,435,435,224,224,224,321,321,335,78,89,89,105,105,117,167,221,249,261,288,288,308,308,308],"floor_reached":51,"playtime":3936,"items_purged":[],"score":949,"play_id":"96544189-f753-48c9-80f5-78371992f32e","local_time":"20201228232933","is_ascension_mode":true,"campfire_choices":[{"floor":12,"key":"REST"},{"data":"ReplayTheSpireMod:??????????????????????","floor":15,"key":"SMITH"},{"data":"OldTimer","floor":23,"key":"SMITH"},{"data":"Mirror Shield","floor":29,"key":"SMITH"},{"floor":32,"key":"REST"},{"data":"ExoVibe","floor":40,"key":"SMITH"},{"floor":49,"key":"REST"}],"circlet_count":0,"master_deck":["Strike_Br","Strike_Br","Strike_Br","Defend_Br","Defend_Br","Defend_Br","SecondHand","PatternShift","Engulf","Cuckoo","TickedOff","BlueShift","Recurrance","Parity","ExoVibe","ReapSow","Engulf","ReplayTheSpireMod:??????????????????????+1","Moderato","HandsUpC","AlternateTimeline","OldTimer+1","ReplayGash","FTL","Barrage+1","LockedAnchor","Mirror Shield+1","Steam+1","Allargando+1","ResonantCall","ResonantCall+1","Machine Learning","ReplayGash","ReplayGash","ExoVibe+6","Engulf+1","infinitespire:Starlight","ReplayGash","ReplayTheSpireMod:Omega Cannon","Compile Driver","ReplayTheSpireMod:Reroute Power+1"],"relics":["Chronometer","hubris:SlimyHat","Mummified Hand","aspiration:DefectSkillbook","Replay:Baseball","Runesmith:Locket","ReplayTheSpireMod:Lightbulb","Chemical X","aspiration:PoetsPen","Gremlin Food","Nunchaku","Peace Pipe","Omamori","Simple Rune","White Beast Statue","Blood Vial"],"acts_visited":["Exordium","TheCity","TheBeyond"],"potions_floor_usage":[6,20,21,21,25,27,28,33,45,46],"damage_taken":[{"damage":0,"enemies":"Cultist","floor":1,"turns":4},{"damage":0,"enemies":"2 Louse","floor":2,"turns":3},{"damage":7,"enemies":"Small Slimes","floor":3,"turns":5},{"damage":1,"enemies":"Blue Slaver","floor":5,"turns":5},{"damage":10,"enemies":"3 Sentries","floor":6,"turns":12},{"damage":7,"enemies":"Large Slime","floor":7,"turns":10},{"damage":8,"enemies":"2 Fungi Beasts","floor":8,"turns":5},{"damage":4,"enemies":"Exordium Wildlife","floor":10,"turns":4},{"damage":8,"enemies":"Large Slime","floor":13,"turns":6},{"damage":1,"enemies":"2 Fungi Beasts","floor":14,"turns":4},{"damage":1,"enemies":"Hexaghost","floor":16,"turns":8},{"damage":0,"enemies":"Spheric Guardian","floor":18,"turns":3},{"damage":7,"enemies":"Shell Parasite","floor":20,"turns":5},{"damage":16,"enemies":"Snake Plant","floor":21,"turns":4},{"damage":0,"enemies":"Snecko","floor":22,"turns":3},{"damage":14,"enemies":"Centurion and Healer","floor":24,"turns":7},{"damage":11,"enemies":"Book of Stabbing","floor":25,"turns":7},{"damage":0,"enemies":"Gremlin Leader","floor":27,"turns":8},{"damage":4,"enemies":"Chosen and Byrds","floor":28,"turns":4},{"damage":28,"enemies":"conspire:MysteriousRune","floor":33,"turns":7},{"damage":4,"enemies":"Orb Walker","floor":35,"turns":3},{"damage":0,"enemies":"3 Shapes","floor":37,"turns":3},{"damage":16,"enemies":"Maw","floor":39,"turns":5},{"damage":1,"enemies":"Writhing Mass","floor":41,"turns":3},{"damage":0,"enemies":"Mind Bloom Boss Battle","floor":42,"turns":2},{"damage":11,"enemies":"Giant Head","floor":44,"turns":4},{"damage":28,"enemies":"Sphere and 2 Shapes","floor":45,"turns":4},{"damage":39,"enemies":"Reptomancer","floor":46,"turns":5},{"damage":19,"enemies":"Transient","floor":48,"turns":5},{"damage":8,"enemies":"hubris:GrandSnecko","floor":50,"turns":3}],"seed_played":"4311139139996098368","potions_obtained":[{"floor":2,"key":"Explosive Potion"},{"floor":3,"key":"Milkshake"},{"floor":5,"key":"DuplicationPotion"},{"floor":6,"key":"Strength Potion"},{"floor":14,"key":"ColorlessPotion"},{"floor":20,"key":"ColorlessPotion"},{"floor":22,"key":"SkillPotion"},{"floor":25,"key":"Dexterity Potion"},{"floor":27,"key":"Energy Potion"},{"floor":35,"key":"Fire Potion"},{"floor":37,"key":"champ:CounterPotion"},{"floor":44,"key":"GamblersBrew"},{"floor":48,"key":"sneckomod:MuddlingPotion"}],"is_trial":false,"path_per_floor":["M","M","M","?","M","E","M","M","T","M","?","R","M","M","R","B",null,"M","$","M","M","M","R","M","E","T","E","M","R","$","?","R","B",null,"M","$","M","AVR","M","R","M","?","T","E","M","E","?","M","R","B",null],"character_chosen":"CHRONO_CLASS","items_purchased":["FTL","LockedBlood","Chemical X","ResonantCall","Gremlin Food","ReplayGash","ExoVibe"],"campfire_rested":3,"item_purchase_floors":[19,19,30,30,36,36,36],"current_hp_per_floor":[65,65,58,58,57,47,40,32,32,28,13,32,24,23,23,22,65,65,65,58,44,44,44,36,25,25,27,25,25,25,25,44,20,65,61,61,61,61,47,47,56,65,65,65,51,32,22,35,54,58],"gold":308,"neow_bonus":"TRANSFORM_CARD","is_daily":false,"chose_seed":false,"campfire_upgraded":4,"win_rate":0.0,"timestamp":1609216173,"path_taken":["M","?","M","?","M","E","M","?","T","?","?","R","M","M","R","BOSS","M","$","M","M","M","R","M","E","T","E","M","R","$","?","R","BOSS","M","$","M","AVR","M","R","M","?","T","E","M","E","?","M","R","BOSS"],"items_purchased_type":["Card","Card","Relic","Card","Relic","Card","Card"],"build_version":"2020-12-22","purchased_purges":0,"victory":true,"max_hp_per_floor":[65,65,65,65,65,65,65,65,65,65,65,65,65,65,65,65,65,65,65,65,65,65,65,65,65,65,65,65,65,65,65,65,65,65,65,65,65,65,65,65,65,65,65,65,65,65,65,65,65,65],"card_choices":[{"not_picked":["BlueShift","WakeUpCall"],"picked":"Cuckoo","floor":1},{"not_picked":["BiteCommand","TiringSlam"],"picked":"Tempo","floor":2},{"not_picked":["LockedAnchor","PrimeTime"],"picked":"TickedOff","floor":3},{"not_picked":["HandsUpC","ReapSow"],"picked":"Recurrance","floor":5},{"not_picked":["LockedWarPaint","LockedUrn"],"picked":"Parity","floor":6},{"not_picked":["ShortSighted","WindUp"],"picked":"ExoVibe","floor":7},{"not_picked":["LockedPlans","LockedBell"],"picked":"ReapSow","floor":8},{"not_picked":["LockedMedicine","Facsimile"],"picked":"Engulf","floor":10},{"not_picked":["ReplayTheSpireMod:Haul","infinitespire:FinalStrike"],"picked":"ReplayTheSpireMod:??????????????????????","floor":11},{"not_picked":["LockedScales","Recurrance"],"picked":"HandsUpC","floor":13},{"not_picked":["LockedWhetstone","LockedScales"],"picked":"AlternateTimeline","floor":14},{"not_picked":["Fragmentalize","Pendulum"],"picked":"OldTimer","floor":16},{"not_picked":["AlternateTimeline+1","Cold Snap","Parity"],"picked":"ReplayGash","floor":18},{"not_picked":["Hologram","White Noise","Rebound+1"],"picked":"Barrage+1","floor":20},{"not_picked":["Sunder","ReapSow","SlimeSpray","Steam Power"],"picked":"SKIP","floor":21},{"not_picked":["ReplaySolidLightProjector","HandsUpB","LockedScales"],"picked":"LockedAnchor","floor":22},{"not_picked":["White Noise","Hologram+1","Genetic Algorithm"],"picked":"Mirror Shield","floor":24},{"not_picked":["LockedUrn","Barrage","FormalWear"],"picked":"Steam+1","floor":25},{"not_picked":["Goo","Loop","Turbo"],"picked":"Tempo+1","floor":27},{"not_picked":["WakeUpCall","Cold Snap","Go for the Eyes+1","Conserve Battery"],"picked":"SKIP","floor":28},{"not_picked":["Reboot","LockedLightning","OverTime"],"picked":"Machine Learning","floor":33},{"not_picked":["HandsUpC","Melter+1","Genetic Algorithm+1","ReapSow"],"picked":"SKIP","floor":35},{"not_picked":["Go for the Eyes","Sweeping Beam","ShortSighted+1"],"picked":"Engulf+1","floor":37},{"not_picked":["Melter+1","BlueShift+1","Backlash"],"picked":"ReplayGash","floor":39},{"not_picked":["WindUp+1","Stack+1","BlueShift","Coolheaded+1"],"picked":"SKIP","floor":41},{"not_picked":["CrunchTime","HandsUpB","Force Field+1"],"picked":"ReplayTheSpireMod:Omega Cannon","floor":44},{"not_picked":["Coolheaded+1","Time Bomb","LockedMercury"],"picked":"Compile Driver","floor":45},{"not_picked":["Cuckoo+1","ReplayTheSpireMod:Repulse","LockedOrichalcum+1","LockedUrn+1"],"picked":"SKIP","floor":46},{"not_picked":["Stack+1","BasicCrystalCard+1","Reprogram+1"],"picked":"ReplayTheSpireMod:Reroute Power+1","floor":48}],"player_experience":388819,"relics_obtained":[{"floor":6,"key":"hubris:SlimyHat"},{"floor":9,"key":"Mummified Hand"},{"floor":25,"key":"Replay:Baseball"},{"floor":26,"key":"Runesmith:Locket"},{"floor":27,"key":"ReplayTheSpireMod:Lightbulb"},{"floor":42,"key":"Peace Pipe"},{"floor":43,"key":"Omamori"},{"floor":44,"key":"Simple Rune"},{"floor":46,"key":"White Beast Statue"}],"event_choices":[{"damage_healed":0,"gold_gain":0,"cards_transformed":["Defend_Br"],"player_choice":"Transformed","damage_taken":0,"max_hp_gain":0,"max_hp_loss":0,"event_name":"Transmorgrifier","floor":4,"gold_loss":0,"cards_obtained":["BlueShift"]},{"damage_healed":0,"gold_gain":0,"player_choice":"Simplicity","damage_taken":0,"max_hp_gain":0,"max_hp_loss":0,"event_name":"Back to Basics","floor":31,"gold_loss":0,"cards_upgraded":["Strike_Br","Strike_Br","Strike_Br","Defend_Br","Defend_Br","Defend_Br"]},{"damage_healed":0,"gold_gain":0,"player_choice":"Fight","damage_taken":0,"max_hp_gain":0,"max_hp_loss":0,"event_name":"MindBloom","floor":42,"gold_loss":0}],"is_beta":false,"boss_relics":[{"not_picked":["Snecko Eye","conspire:SeveredTorchhead"],"picked":"aspiration:DefectSkillbook"},{"not_picked":["Runic Dome","HangingClock"],"picked":"aspiration:PoetsPen"}],"items_purged_floors":[],"is_endless":false,"potions_floor_spawned":[2,3,5,6,14,20,22,25,27,35,37,44,48],"ascension_level":3}}