{"host":"BK","time":1609205383,"event":{"mods":["BaseMod","Highlight Path","Minty Spire (QoL Compilation)","StSLib"],"gold_per_floor":[110,123,173,184,203,234,252,252,252,265,265,265,284,302,302,302,302],"floor_reached":16,"playtime":581,"items_purged":[],"score":212,"play_id":"6a20b08d-5f00-4630-a32f-611a8b05cdc6","local_time":"20201228182943","is_ascension_mode":true,"campfire_choices":[{"floor":8,"key":"REST"},{"floor":12,"key":"REST"},{"data":"Prepared","floor":15,"key":"SMITH"}],"circlet_count":0,"master_deck":["AscendersBane","Strike_G","Strike_G","Strike_G","Strike_G","Strike_G","Defend_G","Defend_G","Defend_G","Defend_G","Defend_G","Survivor","Neutralize","All Out Attack","Dagger Spray","Deadly Poison","Catalyst","Eviscerate","Skewer","PiercingWail","Prepared+1"],"relics":["Ring of the Snake","NeowsBlessing","Omamori","WarpedTongs"],"acts_visited":["Exordium"],"potions_floor_usage":[6,6,16],"damage_taken":[{"damage":0,"enemies":"Cultist","floor":1,"turns":1},{"damage":0,"enemies":"Jaw Worm","floor":2,"turns":1},{"damage":0,"enemies":"Small Slimes","floor":4,"turns":1},{"damage":6,"enemies":"Red Slaver","floor":5,"turns":5},{"damage":40,"enemies":"Gremlin Nob","floor":6,"turns":5},{"damage":9,"enemies":"3 Louse","floor":7,"turns":3},{"damage":11,"enemies":"Gremlin Gang","floor":10,"turns":4},{"damage":0,"enemies":"2 Fungi Beasts","floor":13,"turns":2},{"damage":6,"enemies":"3 Louse","floor":14,"turns":2},{"damage":32,"enemies":"Hexaghost","floor":16,"turns":12}],"seed_played":"7043529141200546729","potions_obtained":[{"floor":1,"key":"AttackPotion"},{"floor":5,"key":"Block Potion"},{"floor":13,"key":"EssenceOfSteel"},{"floor":14,"key":"EssenceOfSteel"}],"is_trial":false,"path_per_floor":["M","M","?","M","M","E","M","R","T","M","?","R","M","M","R","B"],"character_chosen":"THE_SILENT","items_purchased":[],"campfire_rested":2,"item_purchase_floors":[],"current_hp_per_floor":[59,59,59,59,53,13,4,23,23,12,12,31,31,25,25,0,0],"gold":302,"neow_bonus":"THREE_ENEMY_KILL","is_daily":false,"chose_seed":false,"campfire_upgraded":1,"win_rate":0.0,"timestamp":1609205383,"path_taken":["M","?","?","M","?","E","M","R","T","?","?","R","M","M","R","BOSS"],"items_purchased_type":[],"build_version":"2020-12-18","purchased_purges":0,"victory":false,"max_hp_per_floor":[66,66,66,66,66,66,66,66,66,66,66,66,66,66,66,66,66],"card_choices":[{"not_picked":["Concentrate","PiercingWail"],"picked":"All Out Attack","floor":1},{"not_picked":["Calculated Gamble","Backflip"],"picked":"Dagger Spray","floor":2},{"not_picked":["Escape Plan","Backflip"],"picked":"Deadly Poison","floor":4},{"not_picked":["Backflip","Outmaneuver"],"picked":"Catalyst","floor":5},{"not_picked":["Acrobatics","Dagger Throw"],"picked":"Eviscerate","floor":6},{"not_picked":["Expertise","Blade Dance"],"picked":"Skewer","floor":7},{"not_picked":["Distraction","Poisoned Stab"],"picked":"PiercingWail","floor":10},{"not_picked":["Accuracy","All Out Attack"],"picked":"Prepared","floor":13},{"not_picked":["Phantasmal Killer","Tactician","Prepared"],"picked":"SKIP","floor":14}],"player_experience":2465542,"relics_obtained":[{"floor":6,"key":"Omamori"}],"event_choices":[{"damage_healed":0,"gold_gain":50,"player_choice":"Pray","damage_taken":0,"max_hp_gain":0,"max_hp_loss":0,"event_name":"Golden Shrine","floor":3,"gold_loss":0},{"damage_healed":0,"gold_gain":0,"player_choice":"Rummage","damage_taken":0,"relics_obtained":["WarpedTongs"],"max_hp_gain":0,"max_hp_loss":0,"event_name":"Accursed Blacksmith","floor":11,"gold_loss":0,"cards_obtained":["Pain"]}],"is_beta":true,"boss_relics":[],"items_purged_floors":[],"is_endless":false,"potions_floor_spawned":[1,5,13,14],"killed_by":"Hexaghost","ascension_level":20}}