{"host":"1bqbj1s4pyvm9utn","time":1609228041,"event":{"mods":["AchievementEnabler","Aspiration","BaseMod","Beaked The Cultist","Better Altar","Better Match","Better Note","Better Sensory Stone","Better Skull","Better Third Choice","BetterRewards","CCEM","Clawfect","Colored Map","Conspire","Downfall","GifTheSpireLib","Halation","Hermit","Highlight Path","Humility","Infinite Spire","Jedi Mod","Jorbs\u0027s Wanderer Trilogy","Mad Scientist","Marisa????????","Mimic Mod","Minty Spire (QoL Compilation)","Permanent Neow","Shade Mod","Shop Mod","Spicy Shops","StSLib","Stuff the Spire","The Animator","The Bug Knight","The Cursed","The Gatherer","The Hierophant","The Jungle","The Mystic","The Necromancer","The Runesmith","The Servant 0.9.4","everything is the same but u backflip on backflip","slay the spire mod where everything is the same but ironclad has a cowboy hat","vexMod"],"gold_per_floor":[117,137,137,137,16,51,51,51,105,105,134,161,161,180,180,276,276,296,296,296,314,379,379,429,519,551,551,614,614,643,643,643,743,743,762,772,822,822,834,834,863,863,898,948,948,998,1066,1066,1066],"floor_reached":48,"playtime":4681,"items_purged":["Defend_P","Defend_P"],"score":634,"play_id":"93f0c037-af36-4b44-aa1c-e0616a6626d3","local_time":"20201228234721","is_ascension_mode":true,"campfire_choices":[{"floor":8,"key":"REST"},{"data":"Eruption","floor":10,"key":"SMITH"},{"data":"PathToVictory","floor":15,"key":"SMITH"},{"floor":23,"key":"REST"},{"floor":27,"key":"REST"},{"floor":29,"key":"REST"},{"floor":32,"key":"REST"},{"floor":40,"key":"REST"},{"floor":42,"key":"REST"},{"floor":45,"key":"REST"}],"circlet_count":0,"master_deck":["Strike_P","Defend_P+1","Defend_P+1","Eruption+1","Vigilance","BowlingBash","Vengeance","Consecrate","Halt","PathToVictory+1","TalkToTheHand","Alpha","ForeignInfluence+1","FlyingSleeves+1","StuffTheSpire:DeathNote","MentalFortress","EmptyMind","Study","Prostrate+1","Prostrate+1","Perseverance","infinitespire:Collect","infinitespire:Fortify+1","Establishment","Ragnarok+1","EmptyFist+1","ThirdEye+1","Evaluate","FlurryOfBlows","infinitespire:Fortify","PathToVictory","Devotion"],"relics":["PureWater","Pen Nib","CCEMRelics:FranticForklift","Letter Opener","Tiny Chest","Dream Catcher","Odd Mushroom","VioletLotus","SsserpentHead","StuffTheSpire:CocoNut","Matryoshka","jedi:shrinkray","aspiration:FaultyCoupler","Astrolabe","Blood Vial","beaked:MawFillet","StuffTheSpire:HeavyRock","conspire:InfiniteJournal","Strawberry","halation:PinkSoulGem","halation:AfternoonTea","Peace Pipe"],"acts_visited":["Exordium","TheCity","TheBeyond"],"potions_floor_usage":[16,22,33,35,36,39],"damage_taken":[{"damage":4,"enemies":"Jaw Worm","floor":1,"turns":4},{"damage":10,"enemies":"Small Slimes","floor":2,"turns":2},{"damage":13,"enemies":"Lagavulin","floor":6,"turns":5},{"damage":0,"enemies":"Gremlin Nob","floor":11,"turns":2},{"damage":1,"enemies":"The Mushroom Lair","floor":12,"turns":2},{"damage":0,"enemies":"2 Louse","floor":14,"turns":3},{"damage":58,"enemies":"Hexaghost","floor":16,"turns":8},{"damage":13,"enemies":"3 Byrds","floor":18,"turns":4},{"damage":35,"enemies":"2 Thieves","floor":21,"turns":4},{"damage":19,"enemies":"Centurion and Healer","floor":22,"turns":4},{"damage":8,"enemies":"Shelled Parasite and Fungi","floor":25,"turns":6},{"damage":3,"enemies":"Shelled Parasite and Fungi","floor":26,"turns":4},{"damage":0,"enemies":"Shelled Parasite and Fungi","floor":28,"turns":1},{"damage":34,"enemies":"Book of Stabbing","floor":30,"turns":5},{"damage":31,"enemies":"conspire:MysteriousRune","floor":33,"turns":7},{"damage":2,"enemies":"Orb Walker","floor":35,"turns":3},{"damage":43,"enemies":"3 Darklings","floor":36,"turns":5},{"damage":0,"enemies":"4 Shapes","floor":39,"turns":2},{"damage":44,"enemies":"Reptomancer","floor":41,"turns":3},{"damage":9,"enemies":"Transient","floor":43,"turns":8},{"damage":19,"enemies":"Transient","floor":47,"turns":6},{"damage":68,"enemies":"Sphere and 2 Shapes","floor":48,"turns":3}],"seed_played":"-6013360030072561316","potions_obtained":[{"floor":12,"key":"hexamod:EctoCoolerPotion"},{"floor":18,"key":"EssenceOfSteel"},{"floor":30,"key":"sneckomod:MuddlingPotion"},{"floor":33,"key":"Energy Potion"},{"floor":35,"key":"Block Potion"},{"floor":36,"key":"ColorlessPotion"}],"is_trial":false,"path_per_floor":["M","M","$","?","$","E","?","R","T","R","E","?","T","M","R","B",null,"M","T","?","M","M","R","?","MIM","MIM","R","M","R","E","AVR","R","B",null,"M","M","?","AVR","M","R","E","R","MIM","?","R","T","M","M"],"character_chosen":"WATCHER","items_purchased":["CCEMRelics:FranticForklift","Consecrate"],"campfire_rested":8,"item_purchase_floors":[5,5],"current_hp_per_floor":[68,58,58,65,65,52,38,59,59,59,59,58,64,64,64,6,78,65,65,65,30,11,34,14,13,10,35,35,60,26,26,51,20,85,83,40,40,40,42,67,25,50,50,50,77,77,60,0,0],"gold":1066,"neow_bonus":"RANDOM_COMMON_RELIC","is_daily":false,"chose_seed":false,"campfire_upgraded":2,"win_rate":0.0,"timestamp":1609228041,"path_taken":["M","M","$","?","$","E","?","R","T","R","E","?","?","?","R","BOSS","M","?","?","M","?","R","?","?","MIM","R","?","R","E","AVR","R","BOSS","M","M","?","AVR","M","R","E","R","MIM","?","R","?","?","M"],"items_purchased_type":["Relic","Card"],"build_version":"2020-12-22","purchased_purges":2,"victory":false,"max_hp_per_floor":[72,72,72,72,72,72,72,72,72,72,72,72,78,78,78,78,78,78,78,78,78,78,78,78,85,85,85,85,85,85,85,85,85,85,85,85,85,85,85,85,85,85,92,92,92,92,92,92,92],"card_choices":[{"not_picked":["WheelKick","CutThroughFate"],"picked":"BowlingBash","floor":1},{"not_picked":["Evaluate","Protect"],"picked":"Vengeance","floor":2},{"not_picked":["EmptyMind","TalkToTheHand"],"picked":"Halt","floor":6},{"not_picked":["EmptyMind","Sanctity"],"picked":"PathToVictory","floor":11},{"not_picked":["Halt","Crescendo"],"picked":"TalkToTheHand","floor":12},{"not_picked":["SashWhip","SignatureMove","FollowUp"],"picked":"SKIP","floor":14},{"not_picked":["Blasphemy","Ragnarok"],"picked":"Alpha","floor":16},{"not_picked":["BowlingBash","ClearTheMind","Wallop"],"picked":"SKIP","floor":18},{"not_picked":["EmptyBody","JustLucky"],"picked":"ForeignInfluence+1","floor":21},{"not_picked":["ThirdEye+1","CrushJoints","CutThroughFate"],"picked":"SKIP","floor":22},{"not_picked":["ClearTheMind+1","WaveOfTheHand"],"picked":"FlyingSleeves+1","floor":23},{"not_picked":["BattleHymn","Wireheading"],"picked":"MentalFortress","floor":25},{"not_picked":["BowlingBash","CutThroughFate"],"picked":"EmptyMind","floor":26},{"not_picked":["Wallop","Establishment"],"picked":"Study","floor":27},{"not_picked":["Perseverance+1","EmptyBody+1"],"picked":"Prostrate+1","floor":28},{"not_picked":["Tantrum+1","EmptyFist"],"picked":"Prostrate+1","floor":29},{"not_picked":["Evaluate+1","Adaptation"],"picked":"Perseverance","floor":30},{"not_picked":["SpiritShield","Scrawl"],"picked":"Establishment","floor":33},{"not_picked":["FlyingSleeves","Halt"],"picked":"Evaluate","floor":35},{"not_picked":["Evaluate","Crescendo"],"picked":"FlurryOfBlows","floor":36},{"not_picked":["InnerPeace+1","WaveOfTheHand+1","ClearTheMind"],"picked":"SKIP","floor":39},{"not_picked":["ReachHeaven+1","Sanctity+1","EmptyFist"],"picked":"SKIP","floor":41},{"not_picked":["Crescendo+1","BowlingBash"],"picked":"PathToVictory","floor":43},{"not_picked":["JustLucky+1","FollowUp+1"],"picked":"Devotion","floor":45},{"not_picked":["Swivel","CrushJoints","BowlingBash"],"picked":"SKIP","floor":47}],"player_experience":904613,"relics_obtained":[{"floor":6,"key":"Letter Opener"},{"floor":9,"key":"Tiny Chest"},{"floor":11,"key":"Dream Catcher"},{"floor":12,"key":"Odd Mushroom"},{"floor":13,"key":"vexMod:BerryBomb"},{"floor":25,"key":"StuffTheSpire:CocoNut"},{"floor":26,"key":"Matryoshka"},{"floor":30,"key":"jedi:shrinkray"},{"floor":41,"key":"StuffTheSpire:HeavyRock"},{"floor":43,"key":"conspire:InfiniteJournal"},{"floor":43,"key":"Strawberry"},{"floor":46,"key":"halation:AfternoonTea"},{"floor":46,"key":"Peace Pipe"}],"event_choices":[{"damage_healed":52,"gold_gain":0,"player_choice":"Upgrade","damage_taken":14,"max_hp_gain":0,"max_hp_loss":72,"event_name":"betterThird:BetterShining","floor":7,"gold_loss":0,"cards_upgraded":["Defend_P","Defend_P"]},{"damage_healed":0,"gold_gain":0,"player_choice":"Fought Mushrooms","damage_taken":0,"max_hp_gain":0,"max_hp_loss":0,"event_name":"Mushrooms","floor":12,"gold_loss":0},{"damage_healed":0,"gold_gain":0,"player_choice":"Trade","damage_taken":0,"relics_obtained":["SsserpentHead"],"max_hp_gain":0,"max_hp_loss":0,"event_name":"FaceTrader","floor":20,"gold_loss":0},{"damage_healed":0,"gold_gain":0,"player_choice":"Forge","damage_taken":0,"max_hp_gain":0,"max_hp_loss":0,"event_name":"Accursed Blacksmith","floor":37,"gold_loss":0,"cards_upgraded":["infinitespire:Fortify"]}],"is_beta":false,"boss_relics":[{"not_picked":["vexMod:NewClearReactor","halation:Risk"],"picked":"VioletLotus"},{"not_picked":["CCEMRelics:TransientCore","Coffee Dripper"],"picked":"Astrolabe"}],"items_purged_floors":[31,38],"is_endless":false,"potions_floor_spawned":[12,18,30,33,35,36],"killed_by":"Sphere and 2 Shapes","ascension_level":1}}