{"host":"nskcj6qu6rcsb0l3","time":1609200369,"event":{"mods":["BaseMod","Better Match","Better Note","Minty Spire (QoL Compilation)","StSLib"],"gold_per_floor":[112,112,123,298,57,89,107,107,107,107,137,153,83,95,95,192,192,208,208,66,78,78,78,107,120,120,135,135,135,135,135,135,135,135],"floor_reached":33,"playtime":744,"items_purged":["Doubt"],"score":288,"play_id":"9bc8b198-a3f3-4624-8c9f-1cc5f329f1b1","local_time":"20201229010609","is_ascension_mode":false,"campfire_choices":[{"data":"The Bomb","floor":8,"key":"SMITH"},{"data":"Accuracy","floor":15,"key":"SMITH"},{"floor":23,"key":"REST"},{"floor":30,"key":"REST"},{"floor":32,"key":"REST"}],"circlet_count":0,"master_deck":["Strike_G","Defend_G","Defend_G","Defend_G","Defend_G","Defend_G","Survivor","Neutralize","Cloak And Dagger","The Bomb+1","Blade Dance","Backflip","Accuracy+1","Accuracy","A Thousand Cuts","Outmaneuver+1","All Out Attack+1","Dagger Throw+1","Noxious Fumes","Endless Agony","Backstab+1","Backstab","Infinite Blades","Escape Plan","Accuracy+1"],"relics":["Ring of the Snake","NeowsBlessing","Question Card","Sundial","Bronze Scales","Astrolabe","Paper Crane","Bottled Flame"],"acts_visited":["Exordium","TheCity"],"potions_floor_usage":[16,16,18,27,33],"damage_taken":[{"damage":0,"enemies":"Cultist","floor":1,"turns":1},{"damage":0,"enemies":"Jaw Worm","floor":3,"turns":1},{"damage":0,"enemies":"3 Sentries","floor":6,"turns":1},{"damage":0,"enemies":"Small Slimes","floor":7,"turns":4},{"damage":6,"enemies":"3 Louse","floor":12,"turns":3},{"damage":5,"enemies":"Exordium Wildlife","floor":14,"turns":4},{"damage":15,"enemies":"Slime Boss","floor":16,"turns":5},{"damage":10,"enemies":"3 Byrds","floor":18,"turns":3},{"damage":16,"enemies":"Spheric Guardian","floor":21,"turns":3},{"damage":52,"enemies":"Slavers","floor":24,"turns":5},{"damage":12,"enemies":"Shelled Parasite and Fungi","floor":25,"turns":5},{"damage":10,"enemies":"3 Cultists","floor":27,"turns":4},{"damage":59,"enemies":"Champ","floor":33,"turns":8}],"seed_played":"3716645085117553224","potions_obtained":[{"floor":1,"key":"FairyPotion"},{"floor":12,"key":"Weak Potion"},{"floor":14,"key":"FearPotion"},{"floor":16,"key":"GhostInAJar"},{"floor":25,"key":"LiquidMemories"},{"floor":27,"key":"GamblersBrew"}],"is_trial":false,"path_per_floor":["M","?","M","?","$","E","M","R","T","?","?","M","$","M","R","B",null,"M","$","$","M","?","R","E","M","T","M","?","?","R","$","R","B"],"character_chosen":"THE_SILENT","items_purchased":["The Bomb","Accuracy","Noxious Fumes","Endless Agony"],"campfire_rested":3,"item_purchase_floors":[5,13,20,20],"current_hp_per_floor":[70,70,70,70,70,70,70,70,70,67,67,61,61,56,56,41,70,60,60,60,44,44,65,13,1,1,17,17,4,26,26,48,0,0],"gold":135,"neow_bonus":"THREE_ENEMY_KILL","is_daily":false,"chose_seed":false,"campfire_upgraded":2,"win_rate":0.0,"timestamp":1609200369,"path_taken":["M","?","?","?","$","E","M","R","T","?","?","?","$","M","R","BOSS","M","?","$","?","?","R","E","?","T","M","?","?","R","$","R","BOSS"],"items_purchased_type":["Card","Card","Card","Card"],"build_version":"2020-12-22","purchased_purges":1,"victory":false,"max_hp_per_floor":[70,70,70,70,70,70,70,70,70,70,70,70,70,70,70,70,70,70,70,70,70,70,70,70,70,70,70,70,75,75,75,75,75,75],"card_choices":[{"not_picked":["Calculated Gamble","Outmaneuver","Sucker Punch"],"picked":"SKIP","floor":1},{"not_picked":["Concentrate","Predator"],"picked":"Cloak And Dagger","floor":3},{"not_picked":["All Out Attack","Outmaneuver","Caltrops"],"picked":"SKIP","floor":6},{"not_picked":["Catalyst","Prepared","Acrobatics"],"picked":"Blade Dance","floor":7},{"not_picked":["Underhanded Strike","Prepared","Dagger Throw"],"picked":"Backflip","floor":12},{"not_picked":["Underhanded Strike","Choke","Backflip"],"picked":"Accuracy","floor":14},{"not_picked":["Phantasmal Killer","Grand Finale","Unload"],"picked":"A Thousand Cuts","floor":16},{"not_picked":["Poisoned Stab","Bane","PiercingWail","Quick Slash"],"picked":"SKIP","floor":18},{"not_picked":["Slice","Cloak And Dagger+1","Flying Knee"],"picked":"Backstab","floor":21},{"not_picked":["Backflip","Grand Finale","Deadly Poison"],"picked":"Backstab","floor":24},{"not_picked":["Dash+1","Prepared","Well Laid Plans"],"picked":"Infinite Blades","floor":25},{"not_picked":["Quick Slash","Sucker Punch","Blade Dance+1"],"picked":"Escape Plan","floor":27}],"player_experience":993132,"relics_obtained":[{"floor":6,"key":"Question Card"},{"floor":9,"key":"Sundial"},{"floor":24,"key":"Paper Crane"},{"floor":26,"key":"Bottled Flame"}],"event_choices":[{"cards_removed":["Strike_G"],"damage_healed":0,"gold_gain":0,"player_choice":"Offered Basic","damage_taken":0,"max_hp_gain":0,"max_hp_loss":0,"event_name":"Bonfire Elementals","floor":2,"gold_loss":0},{"damage_healed":0,"gold_gain":175,"player_choice":"AGREE","damage_taken":0,"max_hp_gain":0,"max_hp_loss":0,"event_name":"Liars Game","floor":4,"gold_loss":0,"cards_obtained":["Doubt"]},{"damage_healed":0,"gold_gain":0,"player_choice":"Fled","damage_taken":3,"max_hp_gain":0,"max_hp_loss":0,"event_name":"Scrap Ooze","floor":10,"gold_loss":0},{"damage_healed":0,"gold_gain":30,"player_choice":"Searched \u00272\u0027 times","damage_taken":0,"relics_obtained":["Bronze Scales"],"max_hp_gain":0,"max_hp_loss":0,"event_name":"Dead Adventurer","floor":11,"gold_loss":0},{"damage_healed":0,"gold_gain":0,"player_choice":"Upgraded","damage_taken":0,"max_hp_gain":0,"max_hp_loss":0,"event_name":"Upgrade Shrine","floor":22,"gold_loss":0,"cards_upgraded":["Backstab"]},{"cards_removed":["Accuracy"],"damage_healed":0,"gold_gain":0,"player_choice":"Take \u0026 Give","damage_taken":0,"max_hp_gain":0,"max_hp_loss":0,"event_name":"betterNote:BetterNote","floor":28,"gold_loss":0,"cards_obtained":["Accuracy"]},{"damage_healed":0,"gold_gain":0,"player_choice":"Shed Blood","damage_taken":18,"max_hp_gain":5,"max_hp_loss":0,"event_name":"Forgotten Altar","floor":29,"gold_loss":0}],"is_beta":false,"boss_relics":[{"not_picked":["Cursed Key","Coffee Dripper"],"picked":"Astrolabe"}],"items_purged_floors":[5],"is_endless":false,"potions_floor_spawned":[1,12,14,16,25,27],"killed_by":"Champ","ascension_level":0}}