{"host":"bf9sa99gaumonoeu","time":1609254657,"event":{"mods":["AchievementEnabler","BaseMod","Colored Map","Downfall","Friendly Minions","Marisa????????","Minty Spire (QoL Compilation)","Replay The Spire","StSLib","The Cursed","The Disciple","The Servant 0.9.4","everything is the same but u backflip on backflip","slay the spire mod where everything is the same but ironclad has a cowboy hat"],"gold_per_floor":[109,128,139,9,9,9,35,135,162,5,5,40,59,71,71,170,170,190,92,105,119,133,133,164,164,164,164,89,89,89,108,108,211,211,225,135,86,111,131,184,184,216,239,256,256,283,301,315,315,315],"floor_reached":51,"playtime":5387,"items_purged":["Defend_B"],"score":1215,"play_id":"ed90b227-8d31-48e5-82e4-e9fe0cec7c2a","local_time":"20201229131057","is_ascension_mode":true,"campfire_choices":[{"data":"White Noise","floor":6,"key":"SMITH"},{"data":"Dualcast","floor":11,"key":"SMITH"},{"data":"Zap","floor":15,"key":"SMITH"},{"data":"Reinforced Body","floor":23,"key":"SMITH"},{"data":"Ball Lightning","floor":25,"key":"SMITH"},{"data":"Tempest","floor":27,"key":"SMITH"},{"floor":30,"key":"REST"},{"data":"Undo","floor":32,"key":"SMITH"},{"data":"Electrodynamics","floor":41,"key":"SMITH"},{"data":"Strike_B+1","floor":45,"key":"SMITH"},{"data":"Defend_B+1","floor":49,"key":"SMITH"}],"circlet_count":0,"master_deck":["AscendersBane","Strike_B","Strike_B","Strike_B+2","Defend_B","Defend_B+2","Zap+1","Dualcast+1","White Noise+1","Undo+1","Reinforced Body+1","Reinforced Body+1","Core Surge+1","AbeCurse","Buffer+1","Ball Lightning+1","Tempest+1","Electrodynamics+1","Heatsinks+1","FIFO Queue+1","BasicCrystalCard+1"],"relics":["Cracked Core","NeowsBlessing","Ring of Peace","Akabeko","Blue Doll","Replay:Antivirus Software","Matryoshka","Abe\u0027s Treasure","Pet Ghost","Bag of Marbles","Ornamental Fan","Replay:Bronze Core","Boot","TungstenRod","Singing Bowl","Simple Rune","Potion Belt"],"acts_visited":["Exordium","TheCity","TheBeyond"],"potions_floor_usage":[12,16,22,24,24,33,35,44,44,50,50],"damage_taken":[{"damage":0,"enemies":"Cultist","floor":1,"turns":1},{"damage":0,"enemies":"Small Slimes","floor":2,"turns":1},{"damage":0,"enemies":"Jaw Worm","floor":3,"turns":1},{"damage":0,"enemies":"3 Sentries","floor":7,"turns":5},{"damage":11,"enemies":"Gremlin Nob","floor":12,"turns":5},{"damage":0,"enemies":"Red Slaver","floor":13,"turns":4},{"damage":0,"enemies":"Blue Slaver","floor":14,"turns":3},{"damage":8,"enemies":"Slime Boss","floor":16,"turns":13},{"damage":0,"enemies":"Chosen","floor":18,"turns":5},{"damage":0,"enemies":"Spheric Guardian","floor":20,"turns":7},{"damage":0,"enemies":"Snake Plant","floor":21,"turns":7},{"damage":1,"enemies":"Shelled Parasite and Fungi","floor":22,"turns":10},{"damage":7,"enemies":"Book of Stabbing","floor":24,"turns":8},{"damage":0,"enemies":"Snecko","floor":31,"turns":4},{"damage":0,"enemies":"Automaton","floor":33,"turns":11},{"damage":0,"enemies":"3 Shapes","floor":35,"turns":3},{"damage":0,"enemies":"3 Darklings","floor":39,"turns":8},{"damage":0,"enemies":"R_Hoarder","floor":40,"turns":13},{"damage":0,"enemies":"Nemesis","floor":42,"turns":10},{"damage":0,"enemies":"Transient","floor":44,"turns":5},{"damage":3,"enemies":"Spire Growth","floor":47,"turns":5},{"damage":0,"enemies":"Sphere and 2 Shapes","floor":48,"turns":9},{"damage":52,"enemies":"Time Eater","floor":50,"turns":11}],"seed_played":"9067439967606710991","potions_obtained":[{"floor":1,"key":"SneckoOil"},{"floor":7,"key":"FocusPotion"},{"floor":12,"key":"Languid Potion"},{"floor":20,"key":"DuplicationPotion"},{"floor":21,"key":"LiquidBronze"},{"floor":22,"key":"Languid Potion"},{"floor":24,"key":"SteroidPotion"},{"floor":31,"key":"PowerPotion"},{"floor":35,"key":"Dexterity Potion"},{"floor":47,"key":"EssenceOfDarkness"},{"floor":48,"key":"Strength Potion"}],"is_trial":false,"path_per_floor":["M","M","M","$","?","R","E","?","T","$","R","E","M","M","R","B",null,"M","$","M","M","M","R","E","R","T","R","?","?","R","M","R","B",null,"M","?","$","T","M","E","R","E","T","M","R","T","M","M","R","B",null],"character_chosen":"DEFECT","items_purchased":["Reinforced Body+1","Replay:Antivirus Software","Buffer+1","Heatsinks+1"],"campfire_rested":1,"item_purchase_floors":[4,10,19,37],"current_hp_per_floor":[68,68,68,68,68,68,68,68,68,68,68,57,57,57,57,49,69,69,69,69,69,68,68,61,61,61,61,61,47,71,71,71,71,78,78,78,78,78,78,78,78,80,80,82,82,82,81,81,81,29],"gold":315,"neow_bonus":"THREE_ENEMY_KILL","is_daily":false,"chose_seed":false,"campfire_upgraded":10,"win_rate":0.0,"timestamp":1609254657,"path_taken":["M","?","M","$","?","R","E","?","T","$","R","E","?","M","R","BOSS","M","$","M","M","M","R","E","R","T","R","?","?","R","M","R","BOSS","M","?","$","?","?","E","R","E","T","?","R","?","?","M","R","BOSS"],"items_purchased_type":["Card","Relic","Card","Card"],"build_version":"2020-12-22","purchased_purges":1,"victory":true,"max_hp_per_floor":[75,75,75,75,75,75,75,75,75,75,75,75,75,75,75,75,75,75,75,75,75,75,75,75,75,75,75,75,80,80,80,80,80,80,80,80,80,80,80,80,80,82,82,84,84,84,86,86,86,86],"card_choices":[{"not_picked":["Storm","BasicCrystalCard"],"picked":"White Noise","floor":1},{"not_picked":["Compile Driver","Hologram"],"picked":"Undo","floor":2},{"not_picked":["ReplayTheSpireMod:Reroute Power","ReplayTheSpireMod:Omega Cannon"],"picked":"Reinforced Body","floor":3},{"not_picked":["Lockon","Conserve Battery","Coolheaded"],"picked":"SKIP","floor":7},{"not_picked":["BasicCrystalCard","Redo","Compile Driver"],"picked":"SKIP","floor":12},{"not_picked":["Gash","ReplayTheSpireMod:Calculation Training","Aggregate"],"picked":"SKIP","floor":13},{"not_picked":["Gash","Genetic Algorithm","Self Repair"],"picked":"SKIP","floor":14},{"not_picked":["ReplayTheSpireMod:Omega Cannon","ReplayRNGCard"],"picked":"Core Surge","floor":16},{"not_picked":["Hologram","Leap","Panic Button"],"picked":"SKIP","floor":18},{"not_picked":["Consume+1","Self Repair","Barrage"],"picked":"SKIP","floor":20},{"not_picked":["Conserve Battery+1","Stack","Lockon"],"picked":"SKIP","floor":21},{"not_picked":["Reprogram+1","Streamline"],"picked":"Ball Lightning","floor":22},{"not_picked":["Gash","ReplayTheSpireMod:GoodbyeWorld+1"],"picked":"Tempest","floor":24},{"not_picked":["Heatsinks","Panic Button","Lockon"],"picked":"SKIP","floor":31},{"not_picked":["Reboot","Amplify"],"picked":"Electrodynamics","floor":33},{"not_picked":["Compile Driver","Barrage+1","Steam+1"],"picked":"SKIP","floor":35},{"not_picked":["Cold Snap+1","Leap","Hologram+1"],"picked":"SKIP","floor":39},{"not_picked":["ReplayTheSpireMod:System Scan+1","Reprogram"],"picked":"FIFO Queue+1","floor":40},{"not_picked":["Redo+1","ReplayTheSpireMod:Repulse+1","ReplayTheSpireMod:Fabricate Wheel"],"picked":"Singing Bowl","floor":42},{"not_picked":["Conserve Battery","Hologram","Self Repair+1"],"picked":"Singing Bowl","floor":44},{"not_picked":["Compile Driver+1","Ball Lightning","Stack"],"picked":"Singing Bowl","floor":47},{"not_picked":["Static Discharge","Beam Cell+1"],"picked":"BasicCrystalCard+1","floor":48}],"player_experience":545658,"relics_obtained":[{"floor":5,"key":"Ring of Peace"},{"floor":7,"key":"Akabeko"},{"floor":9,"key":"Blue Doll"},{"floor":12,"key":"Matryoshka"},{"floor":24,"key":"Pet Ghost"},{"floor":26,"key":"Bag of Marbles"},{"floor":26,"key":"Ornamental Fan"},{"floor":38,"key":"Boot"},{"floor":40,"key":"TungstenRod"},{"floor":42,"key":"Singing Bowl"},{"floor":43,"key":"Simple Rune"},{"floor":46,"key":"Potion Belt"}],"event_choices":[{"damage_healed":0,"gold_gain":100,"player_choice":"Pray","damage_taken":0,"max_hp_gain":0,"max_hp_loss":0,"event_name":"Golden Shrine","floor":8,"gold_loss":0},{"cards_removed":["Strike_B"],"damage_healed":0,"gold_gain":0,"player_choice":"Gave Gold","damage_taken":0,"max_hp_gain":0,"max_hp_loss":0,"event_name":"Beggar","floor":28,"gold_loss":75},{"damage_healed":0,"gold_gain":0,"player_choice":"Shed Blood","damage_taken":19,"max_hp_gain":5,"max_hp_loss":0,"event_name":"Forgotten Altar","floor":29,"gold_loss":0},{"cards_removed":["Defend_B"],"damage_healed":0,"gold_gain":0,"player_choice":"Upgrade and Remove","damage_taken":0,"max_hp_gain":0,"max_hp_loss":0,"event_name":"Designer","floor":36,"gold_loss":90,"cards_upgraded":["Core Surge"]}],"is_beta":false,"boss_relics":[{"not_picked":["Replay:Drink Me","Calling Bell"],"picked":"Abe\u0027s Treasure"},{"not_picked":["Velvet Choker","Nuclear Battery"],"picked":"Replay:Bronze Core"}],"items_purged_floors":[4],"is_endless":false,"potions_floor_spawned":[1,7,12,20,21,22,24,31,35,47,48],"ascension_level":10}}