{"host":"9ylwqx3xq4e4v98b","time":1609285262,"event":{"mods":["AchievementEnabler","BaseMod","Colored Map","DeckTracker","Minty Spire (QoL Compilation)","Permanent Neow","StSLib","SuperFastMode","Td1madao Mod","The Animator"],"gold_per_floor":[115,40,55,55,55,55,18,37,85,85,96,115,115,23,23,120,120,138,157,157,176,176,176,176,176],"floor_reached":24,"playtime":553,"items_purged":["Strike_R"],"score":186,"play_id":"e9169eaf-3005-4592-a59e-d10d531589dd","local_time":"20201229154102","is_ascension_mode":false,"campfire_choices":[{"data":"Pommel Strike","floor":6,"key":"SMITH"},{"data":"Flex","floor":10,"key":"SMITH"},{"data":"Heavy Blade","floor":15,"key":"SMITH"},{"data":"Flex","floor":23,"key":"SMITH"}],"circlet_count":0,"master_deck":["Strike_R+1","Strike_R","Strike_R","Defend_R","Defend_R","Bash","Seeing Red+1","Pommel Strike+1","Inflame","Flex+1","Hemokinesis","Flex+1","Heavy Blade+1","Limit Break","Clash+1","Shrug It Off+1"],"relics":["Burning Blood"],"acts_visited":["Exordium","TheCity"],"potions_floor_usage":[16,18],"damage_taken":[{"damage":5,"enemies":"Jaw Worm","floor":1,"turns":4},{"damage":4,"enemies":"Small Slimes","floor":3,"turns":4},{"damage":2,"enemies":"2 Louse","floor":8,"turns":2},{"damage":0,"enemies":"2 Fungi Beasts","floor":11,"turns":2},{"damage":18,"enemies":"Exordium Wildlife","floor":12,"turns":2},{"damage":37,"enemies":"Hexaghost","floor":16,"turns":7},{"damage":5,"enemies":"Spheric Guardian","floor":18,"turns":3},{"damage":33,"enemies":"3 Byrds","floor":19,"turns":5},{"damage":15,"enemies":"Cultist and Chosen","floor":21,"turns":4},{"damage":51,"enemies":"Book of Stabbing","floor":24,"turns":4}],"seed_played":"-6662874261324095786","potions_obtained":[{"floor":3,"key":"PowerPotion"},{"floor":12,"key":"LiquidBronze"},{"floor":16,"key":"SmokeBomb"},{"floor":18,"key":"Fruit Juice"},{"floor":21,"key":"SpeedPotion"}],"is_trial":false,"path_per_floor":["M","$","M","?","?","R","$","M","T","R","M","M","T","$","R","B",null,"M","M","?","M","?","R","E"],"character_chosen":"IRONCLAD","items_purchased":["Inflame","Flex","Heavy Blade"],"campfire_rested":0,"item_purchase_floors":[7,14,14],"current_hp_per_floor":[57,57,59,43,43,43,43,47,47,47,53,41,41,41,41,10,80,85,58,58,49,49,49,0,0],"gold":176,"neow_bonus":"REMOVE_TWO","is_daily":false,"chose_seed":false,"campfire_upgraded":4,"win_rate":0.0,"timestamp":1609285262,"path_taken":["M","$","M","?","?","R","$","M","T","R","M","M","?","?","R","BOSS","M","M","?","M","?","R","E"],"items_purchased_type":["Card","Card","Card"],"build_version":"2020-12-22","purchased_purges":1,"victory":false,"max_hp_per_floor":[80,80,80,80,80,80,80,80,80,80,80,80,80,80,80,80,80,85,85,85,85,85,85,85,85],"card_choices":[{"not_picked":["Headbutt","Whirlwind"],"picked":"Seeing Red","floor":1},{"not_picked":["Power Through","Twin Strike"],"picked":"Pommel Strike","floor":3},{"not_picked":["Perfected Strike","Dropkick"],"picked":"Flex","floor":8},{"not_picked":["Whirlwind","Anger"],"picked":"Hemokinesis","floor":11},{"not_picked":["Dual Wield","Shockwave","Headbutt"],"picked":"SKIP","floor":12},{"not_picked":["Bludgeon","Immolate"],"picked":"Limit Break","floor":16},{"not_picked":["Dropkick","Iron Wave"],"picked":"Clash+1","floor":18},{"not_picked":["Sword Boomerang","Armaments"],"picked":"Shrug It Off+1","floor":19},{"not_picked":["Feel No Pain+1","Sentinel+1","Body Slam"],"picked":"SKIP","floor":21}],"player_experience":191624,"relics_obtained":[],"event_choices":[{"damage_healed":0,"gold_gain":0,"player_choice":"Entered Light","damage_taken":16,"max_hp_gain":0,"max_hp_loss":0,"event_name":"Shining Light","floor":4,"gold_loss":0,"cards_upgraded":["Seeing Red","Strike_R"]},{"damage_healed":0,"gold_gain":0,"player_choice":"Ignored","damage_taken":0,"max_hp_gain":0,"max_hp_loss":0,"event_name":"Liars Game","floor":5,"gold_loss":0},{"damage_healed":0,"gold_gain":0,"player_choice":"Ignored","damage_taken":0,"max_hp_gain":0,"max_hp_loss":0,"event_name":"The Mausoleum","floor":20,"gold_loss":0},{"cards_removed":["Strike_R"],"damage_healed":0,"gold_gain":0,"player_choice":"Purged","damage_taken":0,"max_hp_gain":0,"max_hp_loss":0,"event_name":"Purifier","floor":22,"gold_loss":0}],"is_beta":false,"boss_relics":[{"not_picked":["Busted Crown","Black Blood","Philosopher\u0027s Stone"]}],"items_purged_floors":[2],"is_endless":false,"potions_floor_spawned":[3,12,16,18,21],"killed_by":"Book of Stabbing","ascension_level":0}}