{"host":"xcuflocadasoaqda","time":1609261257,"event":{"mods":["BaseMod","Bestiary","Filter the Spire","Minty Spire (QoL Compilation)","Relic Stats"],"gold_per_floor":[113,132,152,152,132,164,65,91,142,158,169,180,213,269,269,347,347,358,358,258,270,289,323,323,358,385,450,17,17,117,134,134,209,209,222,272,286,336,348,373,388,388,388,417,431,449,478,428,428,428,428,428,428,9,44,44],"floor_reached":57,"playtime":4164,"items_purged":["Defend_P","Defend_P","Strike_P+1","Strike_P+1"],"score":3183,"play_id":"6e9cb5a6-7559-48bb-98f5-8c705a4db11e","local_time":"20201229110057","is_ascension_mode":true,"campfire_choices":[{"data":"SandsOfTime","floor":15,"key":"SMITH"},{"data":"SpiritShield","floor":24,"key":"SMITH"},{"data":"SandsOfTime","floor":29,"key":"SMITH"},{"data":"WheelKick","floor":32,"key":"SMITH"},{"floor":42,"key":"RECALL"},{"floor":49,"key":"REST"},{"floor":53,"key":"REST"}],"circlet_count":0,"master_deck":["AscendersBane","Strike_P+1","Defend_P+1","Defend_P+1","Eruption+1","Vigilance+1","BowlingBash+1","Meditate+1","Protect+1","WheelKick+1","Adaptation+1","SandsOfTime+1","Worship+1","LessonLearned+1","Wallop+1","SpiritShield+1","CutThroughFate+1","SandsOfTime+1","Vault+1","Wallop+1","CrushJoints+1","CutThroughFate+1","ThirdEye"],"relics":["Snecko Eye","Eternal Feather","War Paint","InkBottle","Potion Belt","StrikeDummy","Letter Opener","Black Star","SsserpentHead","Torii","Tiny Chest","Regal Pillow","Bottled Flame","Akabeko","CloakClasp","Sozu","Smiling Mask","Dream Catcher","Question Card","Omamori","Strawberry","Pen Nib","HornCleat","GoldenEye","Anchor","Bronze Scales"],"acts_visited":["Exordium","TheCity","TheBeyond","TheEnding"],"potions_floor_usage":[6,12,14,21,23,56,56,56,56],"damage_taken":[{"damage":0,"enemies":"Small Slimes","floor":1,"turns":2},{"damage":0,"enemies":"2 Louse","floor":2,"turns":3},{"damage":0,"enemies":"Cultist","floor":3,"turns":3},{"damage":12,"enemies":"Gremlin Nob","floor":6,"turns":3},{"damage":4,"enemies":"Lagavulin","floor":8,"turns":6},{"damage":0,"enemies":"Blue Slaver","floor":10,"turns":2},{"damage":0,"enemies":"Large Slime","floor":11,"turns":3},{"damage":5,"enemies":"Gremlin Gang","floor":12,"turns":3},{"damage":11,"enemies":"Gremlin Nob","floor":13,"turns":3},{"damage":5,"enemies":"Lagavulin Event","floor":14,"turns":3},{"damage":16,"enemies":"Slime Boss","floor":16,"turns":7},{"damage":0,"enemies":"Spheric Guardian","floor":18,"turns":3},{"damage":0,"enemies":"2 Thieves","floor":21,"turns":2},{"damage":14,"enemies":"Centurion and Healer","floor":22,"turns":4},{"damage":24,"enemies":"Book of Stabbing","floor":23,"turns":5},{"damage":0,"enemies":"Gremlin Leader","floor":25,"turns":5},{"damage":0,"enemies":"Snake Plant","floor":27,"turns":4},{"damage":0,"enemies":"3 Cultists","floor":31,"turns":2},{"damage":0,"enemies":"Collector","floor":33,"turns":6},{"damage":1,"enemies":"3 Darklings","floor":35,"turns":3},{"damage":0,"enemies":"3 Shapes","floor":37,"turns":3},{"damage":0,"enemies":"Writhing Mass","floor":39,"turns":6},{"damage":1,"enemies":"Reptomancer","floor":40,"turns":7},{"damage":0,"enemies":"Jaw Worm Horde","floor":41,"turns":2},{"damage":0,"enemies":"Giant Head","floor":44,"turns":4},{"damage":0,"enemies":"Maw","floor":45,"turns":6},{"damage":0,"enemies":"4 Shapes","floor":46,"turns":3},{"damage":0,"enemies":"Nemesis","floor":47,"turns":4},{"damage":0,"enemies":"Awakened One","floor":50,"turns":6},{"damage":35,"enemies":"Donu and Deca","floor":51,"turns":10},{"damage":8,"enemies":"Shield and Spear","floor":55,"turns":4},{"damage":52,"enemies":"The Heart","floor":56,"turns":9}],"seed_played":"6029871948320970858","potions_obtained":[{"floor":1,"key":"Weak Potion"},{"floor":5,"key":"Explosive Potion"},{"floor":6,"key":"Ancient Potion"},{"floor":10,"key":"SkillPotion"},{"floor":11,"key":"LiquidMemories"},{"floor":12,"key":"Dexterity Potion"},{"floor":18,"key":"SteroidPotion"},{"floor":23,"key":"Regen Potion"},{"floor":25,"key":"AttackPotion"}],"is_trial":false,"path_per_floor":["M","M","M","?","?","E","$","E","T","M","M","M","E","?","R","B",null,"M","?","$","M","M","E","R","E","T","M","$","R","?","M","R","B",null,"M","?","M","T","M","E","M","R","T","E","M","M","E","$","R","B","B",null,"R","$","E","B",null],"character_chosen":"WATCHER","items_purchased":["Protect","CloakClasp","SandsOfTime","GoldenEye","CutThroughFate"],"campfire_rested":2,"item_purchase_floors":[7,28,28,54,54],"current_hp_per_floor":[61,61,61,56,56,44,44,40,40,40,40,35,24,19,28,12,54,54,54,54,54,40,16,25,25,25,25,25,37,37,37,49,49,63,62,62,62,62,62,61,61,68,68,75,75,75,75,75,75,75,40,66,75,75,67,28],"gold":44,"neow_bonus":"BOSS_RELIC","is_daily":false,"chose_seed":false,"campfire_upgraded":4,"win_rate":0.0,"timestamp":1609261257,"path_taken":["M","M","M","?","?","E","$","E","T","M","M","?","E","?","R","BOSS","M","?","$","M","M","E","R","E","T","?","$","R","?","M","R","BOSS","M","?","M","?","M","E","M","R","T","E","M","M","E","$","R","BOSS","BOSS","R","$","E","BOSS"],"items_purchased_type":["Card","Relic","Card","Relic","Card"],"build_version":"2020-12-22","purchased_purges":4,"victory":true,"max_hp_per_floor":[68,68,68,68,68,68,68,68,68,68,68,68,68,68,68,68,68,68,68,68,68,68,68,68,68,68,68,68,68,68,68,68,68,68,68,68,68,68,68,68,68,68,68,75,75,75,75,75,75,75,75,75,75,75,75,75],"relic_stats":{"Regal Pillow":0,"Torii":4,"counters":[32,136],"Eternal Feather":58,"Pen Nib":[8],"CloakClasp":[376],"Letter Opener":[68],"War Paint":["Defend_P","Defend_P"],"Smiling Mask":175,"Question Card":7,"GoldenEye":[10],"Sozu":3,"SsserpentHead":200,"Dream Catcher":2,"Bronze Scales":[136],"Snecko Eye":[283,263,246,259],"Tiny Chest":1,"Black Star":6,"obtain_stats":[{"Regal Pillow":25,"Torii":23,"CloakClasp":28,"Smiling Mask":40,"Sozu":34,"SsserpentHead":19,"Dream Catcher":40,"HornCleat":47,"Strawberry":44,"Tiny Chest":23,"InkBottle":8,"Potion Belt":9,"Eternal Feather":4,"Pen Nib":47,"Omamori":44,"Letter Opener":14,"War Paint":6,"Question Card":43,"GoldenEye":54,"Akabeko":26,"Bottled Flame":25,"Anchor":55,"Bronze Scales":55,"Snecko Eye":0,"Black Star":17,"PureWater":0,"StrikeDummy":13},{"Regal Pillow":16,"Torii":15,"CloakClasp":17,"Smiling Mask":23,"Sozu":19,"SsserpentHead":12,"Dream Catcher":23,"HornCleat":28,"Strawberry":25,"Tiny Chest":15,"InkBottle":5,"Potion Belt":5,"Eternal Feather":3,"Pen Nib":28,"Omamori":25,"Letter Opener":10,"War Paint":4,"Question Card":24,"GoldenEye":30,"Akabeko":16,"Bottled Flame":16,"Anchor":31,"Bronze Scales":31,"Snecko Eye":0,"Black Star":11,"PureWater":0,"StrikeDummy":9},{"Regal Pillow":57,"Torii":52,"CloakClasp":61,"Smiling Mask":88,"Sozu":69,"SsserpentHead":41,"Dream Catcher":88,"HornCleat":107,"Strawberry":94,"Tiny Chest":52,"InkBottle":17,"Potion Belt":17,"Eternal Feather":8,"Pen Nib":107,"Omamori":94,"Letter Opener":31,"War Paint":11,"Question Card":90,"GoldenEye":123,"Akabeko":57,"Bottled Flame":57,"Anchor":127,"Bronze Scales":127,"Snecko Eye":0,"Black Star":38,"PureWater":0,"StrikeDummy":28}],"InkBottle":[43]},"card_choices":[{"not_picked":["Perseverance","SashWhip"],"picked":"BowlingBash","floor":1},{"not_picked":["BowlingBash","Consecrate","FlurryOfBlows"],"picked":"SKIP","floor":2},{"not_picked":["BattleHymn","Study","Halt"],"picked":"SKIP","floor":3},{"not_picked":["Nirvana","Evaluate"],"picked":"Meditate","floor":6},{"not_picked":["Vengeance","Indignation","DeceiveReality"],"picked":"SKIP","floor":8},{"not_picked":["Consecrate","Crescendo"],"picked":"WheelKick","floor":10},{"not_picked":["JustLucky","FollowUp"],"picked":"Adaptation","floor":11},{"not_picked":["MasterReality","WaveOfTheHand"],"picked":"SandsOfTime","floor":12},{"not_picked":["BowlingBash","EmptyFist","CutThroughFate"],"picked":"SKIP","floor":13},{"not_picked":["CutThroughFate","JustLucky"],"picked":"Worship","floor":14},{"not_picked":["Ragnarok","Scrawl"],"picked":"LessonLearned","floor":16},{"not_picked":["JustLucky","Crescendo","Indignation+1"],"picked":"SKIP","floor":18},{"not_picked":["ClearTheMind","FlurryOfBlows"],"picked":"Wallop","floor":21},{"not_picked":["EmptyMind","BowlingBash","Fasting2"],"picked":"SKIP","floor":22},{"not_picked":["FlurryOfBlows","Crescendo"],"picked":"SpiritShield","floor":23},{"not_picked":["FlurryOfBlows","Adaptation"],"picked":"CutThroughFate+1","floor":25},{"not_picked":["ThirdEye","Prostrate","Crescendo"],"picked":"SKIP","floor":27},{"not_picked":["Nirvana","Protect","Prostrate"],"picked":"SKIP","floor":31},{"not_picked":["Omniscience","LessonLearned"],"picked":"Vault","floor":33},{"not_picked":["Prostrate","Halt","EmptyBody"],"picked":"SKIP","floor":35},{"not_picked":["Adaptation","PathToVictory"],"picked":"Wallop+1","floor":37},{"not_picked":["FlurryOfBlows","Protect","EmptyFist"],"picked":"SKIP","floor":39},{"not_picked":["Swivel","Halt+1","EmptyBody"],"picked":"SKIP","floor":40},{"not_picked":["ReachHeaven+1","ClearTheMind+1","Perseverance"],"picked":"SKIP","floor":41},{"not_picked":["FollowUp","Pray+1","WindmillStrike","JustLucky"],"picked":"SKIP","floor":44},{"not_picked":["BowlingBash+1","Indignation","ThirdEye","FlurryOfBlows+1"],"picked":"SKIP","floor":45},{"not_picked":["BowlingBash+1","Indignation","ThirdEye","FlurryOfBlows+1"],"picked":"SKIP","floor":45},{"not_picked":["MasterReality","Consecrate","PathToVictory","SandsOfTime"],"picked":"SKIP","floor":46},{"not_picked":["FlyingSleeves","Prostrate","SandsOfTime","FlurryOfBlows+1"],"picked":"SKIP","floor":47},{"not_picked":["Prostrate","EmptyBody","ClearTheMind"],"picked":"CrushJoints","floor":49},{"not_picked":["FlyingSleeves","Blasphemy","SignatureMove"],"picked":"ThirdEye","floor":55}],"player_experience":1813616,"relics_obtained":[{"floor":6,"key":"War Paint"},{"floor":8,"key":"InkBottle"},{"floor":9,"key":"Potion Belt"},{"floor":13,"key":"StrikeDummy"},{"floor":14,"key":"Letter Opener"},{"floor":23,"key":"Torii"},{"floor":23,"key":"Tiny Chest"},{"floor":25,"key":"Regal Pillow"},{"floor":25,"key":"Bottled Flame"},{"floor":26,"key":"Akabeko"},{"floor":40,"key":"Smiling Mask"},{"floor":40,"key":"Dream Catcher"},{"floor":43,"key":"Question Card"},{"floor":44,"key":"Omamori"},{"floor":44,"key":"Strawberry"},{"floor":47,"key":"Pen Nib"},{"floor":47,"key":"HornCleat"},{"floor":55,"key":"Anchor"},{"floor":55,"key":"Bronze Scales"}],"event_choices":[{"damage_healed":0,"gold_gain":0,"player_choice":"Success","damage_taken":5,"relics_obtained":["Eternal Feather"],"max_hp_gain":0,"max_hp_loss":0,"event_name":"Scrap Ooze","floor":4,"gold_loss":0},{"damage_healed":0,"gold_gain":0,"player_choice":"Bought 1 Potion","damage_taken":0,"max_hp_gain":0,"max_hp_loss":0,"event_name":"The Woman in Blue","floor":5,"gold_loss":0},{"damage_healed":0,"gold_gain":0,"player_choice":"Searched \u00271\u0027 times","damage_taken":0,"max_hp_gain":0,"max_hp_loss":0,"event_name":"Dead Adventurer","floor":14,"gold_loss":0},{"damage_healed":0,"gold_gain":0,"player_choice":"Trade","damage_taken":0,"relics_obtained":["SsserpentHead"],"max_hp_gain":0,"max_hp_loss":0,"event_name":"FaceTrader","floor":19,"gold_loss":0},{"damage_healed":0,"gold_gain":50,"player_choice":"Stole From Cult","damage_taken":0,"max_hp_gain":0,"max_hp_loss":0,"event_name":"Nest","floor":30,"gold_loss":0},{"cards_removed":["Strike_P"],"damage_healed":0,"gold_gain":0,"player_choice":"Removed Attack","damage_taken":0,"max_hp_gain":0,"max_hp_loss":0,"event_name":"Falling","floor":36,"gold_loss":0}],"is_beta":false,"boss_relics":[{"not_picked":["Astrolabe","Runic Pyramid"],"picked":"Black Star"},{"not_picked":["Velvet Choker","Tiny House"],"picked":"Sozu"}],"items_purged_floors":[7,20,48,54],"is_endless":false,"potions_floor_spawned":[1,6,10,11,12,18,23,25,33,35,37,39],"ascension_level":20}}