{"host":"adv1uqz3812gqgbw","time":1609201552,"event":{"mods":["BaseMod","Better Note","Colored Powertips","Custom Start","Dio Mod","GifTheSpireLib","Hermit","Minty Spire (QoL Compilation)","StSLib","The Runesmith","Uncapped"],"gold_per_floor":[110,110,110,130,145,175,186,213,294,322,322,333,333,288,288,367,367,383,396,415,434,434,434,466,466,466,492,492,523,534,534,534,611,611,623,633,633,646,646,646,671,671,671,702,731,759,0,13,13,13,13],"floor_reached":52,"playtime":1613,"items_purged":[],"score":3096,"play_id":"273a9ac1-82d1-403a-b528-a840e925e826","local_time":"20201228222552","daily_mods":["DeadlyEvents","Elite Swarm","Lethality","Uncertain Future"],"is_ascension_mode":true,"campfire_choices":[{"floor":11,"key":"REST"},{"floor":13,"key":"REST"},{"floor":15,"key":"REST"},{"floor":23,"key":"REST"},{"floor":25,"key":"REST"},{"floor":32,"key":"REST"},{"floor":40,"key":"REST"},{"floor":42,"key":"REST"},{"floor":49,"key":"REST"}],"circlet_count":0,"master_deck":["dioMod:DominatingPresence+1","Miracle+1","ClearTheMind+1","Blasphemy+1","Whirlwind+1","Double Energy+1","Double Energy+1"],"relics":["PureWater","Bag of Preparation","Akabeko","Anchor","Bottled Flame","Bottled Lightning","Chemical X","Brimstone","Bag of Marbles","Unceasing Top","Vajra","Singing Bowl","Strawberry","Lee\u0027s Waffle","Mango","hermit:DentedPlate","Pear","Ginger","Ice Cream","Lantern","Paper Frog","Ancient Tea Set","Nunchaku","The Courier","Potion Belt","VioletLotus","CloakClasp","Blue Candle","Dream Catcher","PreservedInsect","Molten Egg 2","TungstenRod","Sundial","Red Mask"],"acts_visited":["Exordium","TheCity","TheBeyond"],"potions_floor_usage":[],"damage_taken":[{"damage":0,"enemies":"Small Slimes","floor":1,"turns":1},{"damage":0,"enemies":"Jaw Worm","floor":4,"turns":1},{"damage":0,"enemies":"Cultist","floor":5,"turns":1},{"damage":0,"enemies":"Gremlin Nob","floor":6,"turns":1},{"damage":0,"enemies":"Gremlin Gang","floor":7,"turns":1},{"damage":0,"enemies":"3 Sentries","floor":8,"turns":1},{"damage":0,"enemies":"Lagavulin","floor":10,"turns":1},{"damage":0,"enemies":"2 Fungi Beasts","floor":12,"turns":1},{"damage":0,"enemies":"Slime Boss","floor":16,"turns":1},{"damage":0,"enemies":"2 Thieves","floor":18,"turns":1},{"damage":0,"enemies":"Spheric Guardian","floor":19,"turns":1},{"damage":0,"enemies":"Snake Plant","floor":20,"turns":1},{"damage":0,"enemies":"Shelled Parasite and Fungi","floor":21,"turns":1},{"damage":0,"enemies":"Book of Stabbing","floor":24,"turns":1},{"damage":0,"enemies":"Slavers","floor":27,"turns":1},{"damage":0,"enemies":"Gremlin Leader","floor":29,"turns":1},{"damage":0,"enemies":"Centurion and Healer","floor":30,"turns":1},{"damage":0,"enemies":"Automaton","floor":33,"turns":1},{"damage":0,"enemies":"3 Shapes","floor":35,"turns":1},{"damage":0,"enemies":"Orb Walker","floor":36,"turns":1},{"damage":0,"enemies":"Sphere and 2 Shapes","floor":38,"turns":1},{"damage":0,"enemies":"Nemesis","floor":41,"turns":1},{"damage":0,"enemies":"Giant Head","floor":44,"turns":1},{"damage":0,"enemies":"Nemesis","floor":45,"turns":1},{"damage":0,"enemies":"Reptomancer","floor":46,"turns":1},{"damage":0,"enemies":"3 Darklings","floor":48,"turns":1},{"damage":0,"enemies":"Time Eater","floor":50,"turns":1},{"damage":0,"enemies":"Donu and Deca","floor":51,"turns":1}],"seed_played":"2780761863102930901","potions_obtained":[{"floor":1,"key":"Swift Potion"},{"floor":4,"key":"StancePotion"},{"floor":12,"key":"BottledMiracle"},{"floor":33,"key":"Ambrosia"}],"is_trial":true,"path_per_floor":["M","?","T","M","M","E","M","E","T","E","R","M","R","$","R","B",null,"M","M","M","M","?","R","E","R","T","E","?","E","M","$","R","B",null,"M","M","$","M","?","R","E","R","T","E","E","E","?","M","R","B","B",null],"character_chosen":"WATCHER","items_purchased":["Energy Potion"],"campfire_rested":9,"item_purchase_floors":[14],"current_hp_per_floor":[73,78,78,80,82,84,86,88,88,90,90,92,92,92,92,94,94,96,98,100,102,102,102,104,104,104,106,106,108,110,110,112,114,114,116,118,118,120,120,122,124,126,126,128,130,132,132,134,136,136,136],"gold":13,"neow_bonus":"","is_daily":false,"chose_seed":false,"campfire_upgraded":0,"win_rate":0.0,"timestamp":1609201552,"path_taken":["M","?","?","M","?","E","M","E","T","E","R","M","R","$","R","BOSS","M","M","?","M","?","R","E","R","T","E","?","E","M","$","R","BOSS","M","M","$","M","?","R","E","R","T","E","?","E","?","M","R","BOSS","BOSS"],"items_purchased_type":["Potion"],"build_version":"2020-12-22","purchased_purges":0,"victory":true,"max_hp_per_floor":[73,78,78,80,82,84,86,88,88,90,90,92,92,92,92,94,94,96,98,100,102,102,102,104,104,104,106,106,108,110,110,112,114,114,116,118,118,120,120,122,124,126,126,128,130,132,132,134,136,136,136],"card_choices":[{"not_picked":["Swivel","Consecrate","Prostrate"],"picked":"Singing Bowl","floor":1},{"not_picked":["BowlingBash","FearNoEvil","JustLucky"],"picked":"Singing Bowl","floor":4},{"not_picked":["Prostrate","BattleHymn","Halt"],"picked":"Singing Bowl","floor":5},{"not_picked":["Vault","ConjureBlade","DeusExMachina"],"picked":"Singing Bowl","floor":6},{"not_picked":["PathToVictory","Swivel","EmptyFist"],"picked":"Singing Bowl","floor":7},{"not_picked":["LessonLearned","SpiritShield","Ragnarok"],"picked":"Singing Bowl","floor":8},{"not_picked":["Brilliance","Establishment","Blasphemy"],"picked":"Singing Bowl","floor":10},{"not_picked":["Conclude","ThirdEye","JustLucky"],"picked":"Singing Bowl","floor":12},{"not_picked":["Wish","MasterReality","LessonLearned"],"picked":"Singing Bowl","floor":16},{"not_picked":["Study","Fasting2","Protect+1"],"picked":"Singing Bowl","floor":18},{"not_picked":["SashWhip","EmptyBody","WaveOfTheHand"],"picked":"Singing Bowl","floor":19},{"not_picked":["Meditate","PathToVictory","WreathOfFlame"],"picked":"Singing Bowl","floor":20},{"not_picked":["JustLucky","Prostrate","EmptyBody"],"picked":"Singing Bowl","floor":21},{"not_picked":["LessonLearned","Judgement","Omniscience"],"picked":"Singing Bowl","floor":24},{"not_picked":["DevaForm","LessonLearned","Omniscience"],"picked":"Singing Bowl","floor":27},{"not_picked":["LessonLearned","Brilliance","Judgement"],"picked":"Singing Bowl","floor":29},{"not_picked":["FlyingSleeves+1","EmptyFist","Conclude"],"picked":"Singing Bowl","floor":30},{"not_picked":["Halt","Prostrate","Crescendo"],"picked":"Singing Bowl","floor":32},{"not_picked":["MasterReality","Judgement","DevaForm"],"picked":"Singing Bowl","floor":33},{"not_picked":["EmptyBody","FlurryOfBlows","WheelKick"],"picked":"Singing Bowl","floor":35},{"not_picked":["CrushJoints","Pray","Collect"],"picked":"Singing Bowl","floor":36},{"not_picked":["JustLucky","FollowUp","PathToVictory+1"],"picked":"Singing Bowl","floor":38},{"not_picked":["EmptyBody","FlyingSleeves","Protect"],"picked":"Singing Bowl","floor":40},{"not_picked":["Ragnarok","LessonLearned","Alpha"],"picked":"Singing Bowl","floor":41},{"not_picked":["FearNoEvil","ClearTheMind","Protect+1"],"picked":"Singing Bowl","floor":42},{"not_picked":["DeusExMachina","Scrawl","SpiritShield"],"picked":"Singing Bowl","floor":44},{"not_picked":["Vault","Establishment","DevaForm"],"picked":"Singing Bowl","floor":45},{"not_picked":["DeusExMachina","Establishment","Devotion"],"picked":"Singing Bowl","floor":46},{"not_picked":["JustLucky+1","PathToVictory","FlyingSleeves+1"],"picked":"Singing Bowl","floor":48},{"not_picked":["Establishment","Wallop+1","FlyingSleeves+1"],"picked":"Singing Bowl","floor":49}],"player_experience":344252,"relics_obtained":[{"floor":6,"key":"Ancient Tea Set"},{"floor":8,"key":"Nunchaku"},{"floor":9,"key":"The Courier"},{"floor":10,"key":"Potion Belt"},{"floor":24,"key":"CloakClasp"},{"floor":27,"key":"Blue Candle"},{"floor":29,"key":"Dream Catcher"},{"floor":41,"key":"PreservedInsect"},{"floor":43,"key":"Molten Egg 2"},{"floor":44,"key":"TungstenRod"},{"floor":45,"key":"Sundial"}],"event_choices":[{"damage_healed":0,"gold_gain":0,"player_choice":"Donut","damage_taken":0,"max_hp_gain":5,"max_hp_loss":0,"event_name":"Big Fish","floor":2,"gold_loss":0},{"cards_removed":["Miracle"],"damage_healed":0,"gold_gain":0,"player_choice":"Purged","damage_taken":0,"max_hp_gain":0,"max_hp_loss":0,"event_name":"Purifier","floor":22,"gold_loss":0},{"cards_removed":["Double Energy"],"damage_healed":0,"gold_gain":0,"player_choice":"Give","damage_taken":0,"max_hp_gain":0,"max_hp_loss":0,"event_name":"betterNote:BetterNote","floor":28,"gold_loss":0,"cards_obtained":["Blasphemy"]},{"damage_healed":0,"gold_gain":0,"player_choice":"0 cards matched","damage_taken":0,"max_hp_gain":0,"max_hp_loss":0,"event_name":"Match and Keep!","floor":39,"gold_loss":0,"cards_obtained":[]},{"damage_healed":0,"gold_gain":0,"player_choice":"Paid","damage_taken":0,"relics_obtained":["Red Mask"],"max_hp_gain":0,"max_hp_loss":0,"event_name":"Tomb of Lord Red Mask","floor":47,"gold_loss":759}],"is_beta":false,"boss_relics":[{"not_picked":["Calling Bell","Philosopher\u0027s Stone"],"picked":"VioletLotus"},{"not_picked":["Pandora\u0027s Box","Empty Cage","Astrolabe"]}],"items_purged_floors":[],"is_endless":false,"potions_floor_spawned":[1,4,5,12,18,29,33,35,38,41,48],"ascension_level":20}}