{"host":"nh1tx9wty0m9wedw","time":1609224059,"event":{"mods":["BaseMod","Colored Map","Colored Powertips","Minty Spire (QoL Compilation)"],"gold_per_floor":[110,37,50,66,66,105,30,105,105,105,126,147,147,167,167,298,298,317,330,330,330],"floor_reached":20,"playtime":1154,"items_purged":["Strike_R"],"score":220,"play_id":"7a849ff5-bc1f-4605-a3b3-7fd0f0c7fa03","local_time":"20201229074059","is_ascension_mode":true,"campfire_choices":[{"floor":10.0,"key":"REST"},{"floor":13.0,"key":"REST"},{"floor":15.0,"key":"REST"}],"circlet_count":0,"master_deck":["Strike_R","Strike_R","Strike_R","Strike_R","Defend_R","Defend_R","Defend_R","Defend_R","Bash","Rampage","Armaments","Cleave","Thunderclap","Thunderclap","Battle Trance","Anger","Limit Break","Cleave+1","Whirlwind"],"relics":["Burning Blood","Golden Idol","Incense Burner","Mummified Hand","Snecko Eye"],"acts_visited":["Exordium","TheCity"],"potions_floor_usage":[],"damage_taken":[{"damage":2.0,"enemies":"Small Slimes","floor":1.0,"turns":4.0},{"damage":9.0,"enemies":"Jaw Worm","floor":3.0,"turns":3.0},{"damage":9.0,"enemies":"2 Louse","floor":4.0,"turns":4.0},{"damage":54.0,"enemies":"Lagavulin","floor":6.0,"turns":7.0},{"damage":0.0,"enemies":"2 Fungi Beasts","floor":11.0,"turns":1.0},{"damage":4.0,"enemies":"Large Slime","floor":12.0,"turns":4.0},{"damage":7.0,"enemies":"Exordium Thugs","floor":14.0,"turns":4.0},{"damage":34.0,"enemies":"Slime Boss","floor":16.0,"turns":9.0},{"damage":0.0,"enemies":"3 Byrds","floor":18.0,"turns":3.0},{"damage":31.0,"enemies":"Spheric Guardian","floor":19.0,"turns":6.0},{"damage":0,"enemies":"Chosen and Byrds","floor":20,"turns":1}],"seed_played":"-1666421440361529367","potions_obtained":[{"floor":0.0,"key":"SpeedPotion"},{"floor":0.0,"key":"DistilledChaos"},{"floor":0.0,"key":"ElixirPotion"},{"floor":1.0,"key":"BloodPotion"},{"floor":6.0,"key":"SteroidPotion"},{"floor":12.0,"key":"FairyPotion"},{"floor":14.0,"key":"ColorlessPotion"},{"floor":16.0,"key":"Swift Potion"}],"is_trial":false,"path_per_floor":["M","$","M","M","?","E","$","?","T","R","M","M","R","M","R","B",null,"M","M","M"],"character_chosen":"IRONCLAD","items_purchased":["Rampage"],"campfire_rested":3,"item_purchase_floors":[2],"current_hp_per_floor":[80,80,77,74,54,22,22,11,11,35,41,43,67,66,80,52,73,79,54,54,54],"gold":330,"neow_bonus":"THREE_SMALL_POTIONS","is_daily":false,"chose_seed":false,"campfire_upgraded":0,"win_rate":0.0,"timestamp":1609224059,"path_taken":["M","$","M","M","?","E","$","?","T","R","M","M","R","M","R","BOSS","M","M","M"],"items_purchased_type":["Card"],"build_version":"2020-12-22","purchased_purges":1,"victory":false,"max_hp_per_floor":[80,80,80,80,80,80,80,80,80,80,80,80,80,80,80,80,80,80,80,80,80],"card_choices":[{"not_picked":["Bloodletting","Combust","Body Slam"],"picked":"SKIP","floor":1.0},{"not_picked":["Clothesline","Pummel"],"picked":"Armaments","floor":3.0},{"not_picked":["Shockwave","Rage"],"picked":"Cleave","floor":4.0},{"not_picked":["Heavy Blade","Clothesline"],"picked":"Thunderclap","floor":6.0},{"not_picked":["Sword Boomerang","Heavy Blade"],"picked":"Thunderclap","floor":11.0},{"not_picked":["Anger","Clash"],"picked":"Battle Trance","floor":12.0},{"not_picked":["Bloodletting","Sword Boomerang"],"picked":"Anger","floor":14.0},{"not_picked":["Double Tap","Exhume"],"picked":"Limit Break","floor":16.0},{"not_picked":["Sword Boomerang+1","Searing Blow"],"picked":"Cleave+1","floor":18.0},{"not_picked":["Warcry+1","Flex"],"picked":"Whirlwind","floor":19.0}],"player_experience":589176,"relics_obtained":[{"floor":6.0,"key":"Incense Burner"},{"floor":9.0,"key":"Mummified Hand"}],"event_choices":[{"damage_healed":0.0,"max_hp_gain":0.0,"max_hp_loss":0.0,"gold_gain":0.0,"event_name":"Golden Idol","player_choice":"Take Damage","floor":5.0,"gold_loss":0.0,"damage_taken":20.0,"relics_obtained":["Golden Idol"]},{"damage_healed":0.0,"max_hp_gain":0.0,"max_hp_loss":0.0,"gold_gain":75.0,"event_name":"World of Goop","player_choice":"Gather Gold","floor":8.0,"gold_loss":0.0,"damage_taken":11.0}],"is_beta":false,"boss_relics":[{"not_picked":["Ectoplasm","Velvet Choker"],"picked":"Snecko Eye"}],"items_purged_floors":[7],"is_endless":false,"potions_floor_spawned":[1,6,12,14,16],"killed_by":"Chosen and Byrds","ascension_level":5}}