{"host":"j3h0p3l2xgzxhnx7","time":1609254485,"event":{"mods":["BaseMod","Luminous","Marisa????????","Minty Spire (QoL Compilation)","Remilia??????","StSLib","The Bug Knight","The Cursed","The Servant 0.9.4"],"gold_per_floor":[110,110,135,135,150,150,225,225,250,250,268,312,12,26,26,149,149,173,173,192,192,192,192,192],"floor_reached":23,"playtime":818,"items_purged":[],"score":189,"play_id":"f41b82ee-4bf4-4602-9ae3-a706dbaffb95","local_time":"20201229230805","is_ascension_mode":false,"campfire_choices":[{"floor":6,"key":"REST"},{"data":"HollowMod:Weaversong","floor":8,"key":"SMITH"},{"floor":15,"key":"REST"}],"circlet_count":0,"master_deck":["HollowMod:NailStrikeStart","HollowMod:NailStrikeStart","HollowMod:NailStrikeStart","HollowMod:NailStrikeStart","HollowMod:QuickDashStart","HollowMod:QuickDashStart","HollowMod:QuickDashStart","HollowMod:FocusHealStart","HollowMod:PogoStrike+1","HollowMod:CycloneSlash","HollowMod:ChannelNail","HollowMod:VengefulVoid","HollowMod:Weaversong+1","HollowMod:DescendingDark","HollowMod:NewLastStag","HollowMod:ShadowDash","HollowMod:LordofShades","HollowMod:CloakDash+1","Envy_TH","HollowMod:SoulStrike+1","Shame"],"relics":["HollowMod:VesselMask","Golden Idol","Nunchaku","Lantern","Cursed Key","Gremlin Horn"],"acts_visited":["Exordium","TheCity"],"potions_floor_usage":[12,16,16,20,20],"damage_taken":[{"damage":2,"enemies":"Small Slimes","floor":1,"turns":3},{"damage":6,"enemies":"Jaw Worm","floor":3,"turns":3},{"damage":13,"enemies":"2 Louse","floor":5,"turns":2},{"damage":12,"enemies":"Blue Slaver","floor":11,"turns":2},{"damage":20,"enemies":"3 Sentries","floor":12,"turns":3},{"damage":0,"enemies":"3 Louse","floor":14,"turns":2},{"damage":58,"enemies":"The Guardian","floor":16,"turns":8},{"damage":23,"enemies":"Shell Parasite","floor":18,"turns":4},{"damage":13,"enemies":"3 Byrds","floor":20,"turns":3},{"damage":64,"enemies":"Book of Stabbing","floor":23,"turns":4}],"seed_played":"1852402612205323158","potions_obtained":[{"floor":3,"key":"SneckoOil"},{"floor":12,"key":"BlessingOfTheForge"},{"floor":14,"key":"AttackPotion"},{"floor":16,"key":"LiquidBronze"},{"floor":18,"key":"LiquidBronze"}],"is_trial":false,"path_per_floor":["M","?","M","?","M","R","?","R","T","?","M","E","?","M","R","B",null,"M","?","M","?","T","E"],"character_chosen":"THE_BUGKNIGHT","items_purchased":[],"campfire_rested":2,"item_purchase_floors":[],"current_hp_per_floor":[73,73,67,67,54,75,64,64,64,69,63,43,43,43,67,9,80,57,57,44,64,64,0,0],"gold":192,"neow_bonus":"UPGRADE_CARD","is_daily":false,"chose_seed":false,"campfire_upgraded":1,"win_rate":0.0,"timestamp":1609254485,"path_taken":["M","?","M","?","M","R","?","R","T","?","M","E","?","M","R","BOSS","M","?","M","?","?","E"],"items_purchased_type":[],"build_version":"2020-12-22","purchased_purges":0,"victory":false,"max_hp_per_floor":[75,75,75,75,75,75,75,75,75,80,80,80,80,80,80,80,80,80,80,80,80,80,80,80],"card_choices":[{"not_picked":["HollowMod:VengefulVoid","HollowMod:FallenFury"],"picked":"HollowMod:CycloneSlash","floor":1},{"not_picked":["HollowMod:NewJinnsSoul","HollowMod:MawleksShell"],"picked":"HollowMod:ChannelNail","floor":3},{"not_picked":["HollowMod:NewJinnsSoul","HollowMod:CornifersMapStart"],"picked":"HollowMod:Weaversong","floor":5},{"not_picked":["HollowMod:MawleksShell","HollowMod:FallenFury"],"picked":"HollowMod:DescendingDark","floor":11},{"not_picked":["HollowMod:HowlingWraiths","HollowMod:DoubleDash"],"picked":"HollowMod:DesolateDive","floor":12},{"not_picked":["HollowMod:SiblingsShadow","HollowMod:InfectedCysts"],"picked":"HollowMod:ShadowDash","floor":14},{"not_picked":["HollowMod:LifebloodCore","HollowMod:SoulMaster"],"picked":"HollowMod:LordofShades","floor":16},{"not_picked":["HollowMod:SiblingsShadow","HollowMod:HeavyBlow"],"picked":"HollowMod:CloakDash+1","floor":18},{"not_picked":["HollowMod:ShadowDash","HollowMod:PerfectDash"],"picked":"HollowMod:SoulStrike+1","floor":20}],"player_experience":45871,"relics_obtained":[{"floor":9,"key":"Nunchaku"},{"floor":12,"key":"Lantern"},{"floor":22,"key":"Gremlin Horn"}],"event_choices":[{"damage_healed":0,"gold_gain":0,"player_choice":"Take Wound","damage_taken":0,"relics_obtained":["Golden Idol"],"max_hp_gain":0,"max_hp_loss":0,"event_name":"Golden Idol","floor":2,"gold_loss":0,"cards_obtained":["Injury"]},{"damage_healed":0,"gold_gain":0,"cards_transformed":["HollowMod:QuickDashStart"],"player_choice":"Change","damage_taken":0,"max_hp_gain":0,"max_hp_loss":0,"event_name":"Living Wall","floor":4,"gold_loss":0,"cards_obtained":["HollowMod:VengefulVoid"]},{"damage_healed":0,"gold_gain":75,"player_choice":"Gather Gold","damage_taken":11,"max_hp_gain":0,"max_hp_loss":0,"event_name":"World of Goop","floor":7,"gold_loss":0},{"damage_healed":0,"gold_gain":0,"player_choice":"Donut","damage_taken":0,"max_hp_gain":5,"max_hp_loss":0,"event_name":"Big Fish","floor":10,"gold_loss":0}],"is_beta":false,"boss_relics":[{"not_picked":["Velvet Choker","Runic Pyramid"],"picked":"Cursed Key"}],"items_purged_floors":[],"is_endless":false,"potions_floor_spawned":[3,12,14,16,18],"killed_by":"Book of Stabbing","ascension_level":0}}