{"host":"9v3x998ddbx8o276","time":1609203760,"event":{"mods":["BaseMod","Colored Map","Highlight Path","Minty Spire (QoL Compilation)","Quick Restart","Rare Cards Sparkle"],"gold_per_floor":[15,15,40,40,64,64,87,87,141,174,174,199,239,264,264,360,360,376,396,396,396],"floor_reached":20,"playtime":881,"items_purged":[],"score":372,"play_id":"e9cf021c-d28a-4908-871d-821f5600d877","local_time":"20201229113240","is_ascension_mode":true,"campfire_choices":[{"data":"Bludgeon","floor":6,"key":"SMITH"},{"data":"Bash","floor":8,"key":"SMITH"},{"data":"Spot Weakness","floor":11,"key":"SMITH"},{"floor":15,"key":"REST"}],"circlet_count":0,"master_deck":["AscendersBane","Strike_R","Strike_R","Strike_R","Strike_R","Strike_R","Defend_R","Defend_R","Defend_R+1","Defend_R","Bash+1","Bludgeon+1","Headbutt","Second Wind+1","Havoc","Cleave","Spot Weakness+1","Feed","Demon Form","Sword Boomerang"],"relics":["Burning Blood","Golden Idol","NlothsMask","Strawberry","War Paint","SlaversCollar"],"acts_visited":["Exordium","TheCity"],"potions_floor_usage":[],"damage_taken":[{"damage":7,"enemies":"2 Louse","floor":1,"turns":3},{"damage":6,"enemies":"Cultist","floor":3,"turns":3},{"damage":16,"enemies":"Small Slimes","floor":5,"turns":4},{"damage":7,"enemies":"Looter","floor":7,"turns":3},{"damage":8,"enemies":"Gremlin Nob","floor":10,"turns":3},{"damage":14,"enemies":"2 Fungi Beasts","floor":12,"turns":4},{"damage":40,"enemies":"3 Sentries","floor":13,"turns":8},{"damage":17,"enemies":"Exordium Wildlife","floor":14,"turns":4},{"damage":26,"enemies":"Slime Boss","floor":16,"turns":10},{"damage":32,"enemies":"Chosen","floor":18,"turns":7},{"damage":35,"enemies":"Shell Parasite","floor":19,"turns":5},{"damage":5,"enemies":"Cultist and Chosen","floor":20,"turns":4}],"seed_played":"-842495892213112178","potions_obtained":[{"floor":3,"key":"Dexterity Potion"},{"floor":5,"key":"BlessingOfTheForge"},{"floor":13,"key":"EssenceOfSteel"},{"floor":16,"key":"Strength Potion"}],"is_trial":false,"path_per_floor":["M","?","M","?","M","R","M","R","T","E","R","M","E","M","R","B",null,"M","M","M"],"character_chosen":"IRONCLAD","items_purchased":[],"campfire_rested":1,"item_purchase_floors":[],"current_hp_per_floor":[67,67,67,67,57,57,56,56,56,61,61,53,19,11,34,14,62,39,10,5,5],"gold":396,"neow_bonus":"THREE_RARE_CARDS","is_daily":false,"chose_seed":false,"campfire_upgraded":3,"win_rate":0.0,"timestamp":1609203760,"path_taken":["M","?","M","?","M","R","M","R","T","E","R","M","E","M","R","BOSS","M","M","?"],"items_purchased_type":[],"build_version":"2020-12-22","purchased_purges":0,"victory":false,"max_hp_per_floor":[75,68,68,68,68,68,68,68,68,75,75,75,75,78,78,78,78,81,81,81,81],"card_choices":[{"not_picked":["Demon Form","Double Tap"],"picked":"Bludgeon","floor":0},{"not_picked":["Iron Wave","True Grit"],"picked":"Headbutt","floor":1},{"not_picked":["Infernal Blade","Carnage"],"picked":"Second Wind","floor":3},{"not_picked":["Perfected Strike","Anger"],"picked":"Havoc","floor":5},{"not_picked":["Body Slam","Uppercut"],"picked":"Cleave","floor":7},{"not_picked":["Rupture","Thunderclap"],"picked":"Spot Weakness","floor":10},{"not_picked":["Pummel","Sword Boomerang","Hemokinesis"],"picked":"SKIP","floor":12},{"not_picked":["Feel No Pain","Uppercut"],"picked":"Feed","floor":13},{"not_picked":["Clash","Carnage","Armaments"],"picked":"SKIP","floor":14},{"not_picked":["Immolate","Brutality"],"picked":"Demon Form","floor":16},{"not_picked":["Clash","Hemokinesis"],"picked":"Sword Boomerang","floor":18},{"not_picked":["Perfected Strike","Anger","Blood for Blood"],"picked":"SKIP","floor":19}],"player_experience":2075111,"relics_obtained":[{"floor":10,"key":"Strawberry"},{"floor":13,"key":"War Paint"}],"event_choices":[{"damage_healed":0,"gold_gain":0,"player_choice":"Lose Max HP","damage_taken":0,"relics_obtained":["Golden Idol"],"max_hp_gain":0,"max_hp_loss":7,"event_name":"Golden Idol","floor":2,"gold_loss":0},{"damage_healed":0,"gold_gain":0,"player_choice":"Trade","damage_taken":0,"relics_obtained":["NlothsMask"],"max_hp_gain":0,"max_hp_loss":0,"event_name":"FaceTrader","floor":4,"gold_loss":0}],"is_beta":false,"boss_relics":[{"not_picked":["SacredBark","Runic Cube"],"picked":"SlaversCollar"}],"items_purged_floors":[],"is_endless":false,"potions_floor_spawned":[3,5,10,13,16],"killed_by":"Cultist and Chosen","ascension_level":20}}