{"host":"w7dhjqgqsib0c3vt","time":1609248626,"event":{"mods":["ATMod(°¢èªMod)","BaseMod","Minty Spire (QoL Compilation)","Shop Mod","StSLib","TheWitcher"],"gold_per_floor":[119,135,285,285,303,336,336,348,394,359,369,369,380,18,18,393,393,406,406,440,5,16,16,29,29,56,56,56,56],"floor_reached":28,"playtime":611,"items_purged":[],"score":496,"play_id":"208fc58d-81d3-462e-ab2e-4d1f84eb9347","local_time":"20201229213026","is_ascension_mode":true,"campfire_choices":[{"floor":7.0,"key":"REST"},{"floor":15.0,"key":"REST"},{"floor":23,"key":"REST"},{"data":"Barricade","floor":25,"key":"SMITH"}],"circlet_count":0,"master_deck":["AscendersBane","Strike_R+1","Strike_R","Strike_R","Strike_R","Strike_R","Defend_R","Defend_R","Defend_R","Defend_R","Bash","AT_DrawKnifeCut+1","Battle Trance","Inflame","Flex","AT_CaressingTears","Impervious","Body Slam","Wild Strike","Intimidate","AT_BodySlamDance","Twin Strike","AT_Dispersion","Rupture","Bloodletting+1","Warcry","Barricade+1"],"relics":["Burning Blood","AT_ATBox","AT_BellowingDragoncrestRing","AT_BellDemon","AT_ChloranthyRing","Sundial","AT_ForceNature","SnafuTest:CatRelic","Old Coin","Philosopher\u0027s Stone","SnafuTest:BearRelic","Enchiridion","Red Mask","Blue Candle","Gremlin Horn","Whetstone","Letter Opener","Eternal Feather","AT_SpeedBoots","AT_TimeSand"],"acts_visited":["Exordium","TheCity"],"potions_floor_usage":[22,28,28,28],"damage_taken":[{"damage":17.0,"enemies":"Small Slimes","floor":1.0,"turns":4.0},{"damage":6.0,"enemies":"2 Louse","floor":2.0,"turns":2.0},{"damage":6.0,"enemies":"Jaw Worm","floor":5.0,"turns":4.0},{"damage":51.0,"enemies":"Gremlin Nob","floor":6.0,"turns":5.0},{"damage":13.0,"enemies":"Large Slime","floor":8.0,"turns":5.0},{"damage":0.0,"enemies":"2 Fungi Beasts","floor":11.0,"turns":2.0},{"damage":41.0,"enemies":"Lots of Slimes","floor":13.0,"turns":4.0},{"damage":0.0,"enemies":"Slime Boss","floor":16.0,"turns":5.0},{"damage":18.0,"enemies":"Chosen","floor":18.0,"turns":3.0},{"damage":29,"enemies":"Masked Bandits","floor":20,"turns":3},{"damage":12,"enemies":"Shell Parasite","floor":22,"turns":3},{"damage":8,"enemies":"Snecko","floor":24,"turns":3},{"damage":75,"enemies":"Snake Plant","floor":28,"turns":2}],"seed_played":"4672006259269403139","potions_obtained":[{"floor":5.0,"key":"SkillPotion"},{"floor":8.0,"key":"FearPotion"},{"floor":16.0,"key":"BloodPotion"},{"floor":18.0,"key":"SmokeBomb"},{"floor":24,"key":"EntropicBrew"}],"is_trial":false,"path_per_floor":["M","M","?","?","M","E","R","M","T","?","M","T","M","$","R","B",null,"M","?","?","$","M","R","M","R","T","?","M"],"character_chosen":"IRONCLAD","items_purchased":["SnafuTest:CatRelic","AT_BodySlamDance","Twin Strike","Gremlin Horn","Whetstone"],"campfire_rested":3,"item_purchase_floors":[14,14,14,21,21],"current_hp_per_floor":[57,57,57,57,57,12,34,31,31,49,55,55,20,20,42,48,68,59,50,28,28,37,59,57,72,72,72,0,0],"gold":56,"neow_bonus":"THREE_CARDS","is_daily":false,"chose_seed":false,"campfire_upgraded":1,"win_rate":0.0,"timestamp":1609248626,"path_taken":["M","M","?","?","M","E","R","M","T","?","M","?","M","$","R","BOSS","M","?","?","$","M","R","M","R","T","?","?"],"items_purchased_type":["Relic","Card","Card","Relic","Relic"],"build_version":"2020-12-22","purchased_purges":0,"victory":false,"max_hp_per_floor":[75,75,75,75,75,75,75,75,75,75,75,75,75,75,75,75,75,75,75,75,75,75,75,75,75,75,75,75,75],"card_choices":[{"not_picked":["Body Slam","Heavy Blade"],"picked":"Battle Trance","floor":0.0},{"not_picked":["Pommel Strike","Pummel"],"picked":"Inflame","floor":1.0},{"not_picked":["Heavy Blade","True Grit"],"picked":"Flex","floor":2.0},{"not_picked":["Evolve","Sword Boomerang"],"picked":"AT_CaressingTears","floor":5.0},{"not_picked":["Sentinel","Perfected Strike"],"picked":"Impervious","floor":6.0},{"not_picked":["Warcry","AT_CaressingTears"],"picked":"Body Slam","floor":8.0},{"not_picked":["Thunderclap","Perfected Strike"],"picked":"Wild Strike","floor":11.0},{"not_picked":["Sentinel","Clash"],"picked":"Intimidate","floor":13.0},{"not_picked":["Reaper","Double Tap"],"picked":"AT_Dispersion","floor":16.0},{"not_picked":["Inflame","Twin Strike"],"picked":"Rupture","floor":18.0},{"not_picked":["Anger","Clash"],"picked":"Bloodletting+1","floor":20},{"not_picked":["Iron Wave","Rampage"],"picked":"Warcry","floor":22},{"not_picked":["Anger","Battle Trance"],"picked":"Barricade","floor":24}],"player_experience":586389,"relics_obtained":[{"floor":6.0,"key":"AT_BellowingDragoncrestRing"},{"floor":9.0,"key":"AT_BellDemon"},{"floor":11.0,"key":"AT_ChloranthyRing"},{"floor":12.0,"key":"Sundial"},{"floor":13.0,"key":"AT_ForceNature"},{"floor":16.0,"key":"Old Coin"},{"floor":18.0,"key":"SnafuTest:BearRelic"},{"floor":19.0,"key":"Enchiridion"},{"floor":20,"key":"Red Mask"},{"floor":20,"key":"Blue Candle"},{"floor":22,"key":"Letter Opener"},{"floor":24,"key":"Eternal Feather"},{"floor":26,"key":"AT_SpeedBoots"}],"event_choices":[{"damage_healed":0.0,"max_hp_gain":0.0,"max_hp_loss":0.0,"gold_gain":150.0,"event_name":"Liars Game","player_choice":"AGREE","floor":3.0,"gold_loss":0.0,"damage_taken":0.0,"cards_obtained":["Doubt"]},{"cards_removed":["Doubt"],"damage_healed":0.0,"max_hp_gain":0.0,"max_hp_loss":0.0,"gold_gain":0.0,"event_name":"Living Wall","player_choice":"Forget","floor":4.0,"gold_loss":0.0,"damage_taken":0.0},{"damage_healed":18.0,"max_hp_gain":0.0,"max_hp_loss":0.0,"gold_gain":0.0,"event_name":"The Cleric","player_choice":"Healed","floor":10.0,"gold_loss":35.0,"damage_taken":0.0},{"damage_healed":0.0,"max_hp_gain":0.0,"max_hp_loss":0.0,"gold_gain":0.0,"event_name":"Cursed Tome","player_choice":"Obtained Book","floor":19.0,"gold_loss":0.0,"damage_taken":21.0},{"damage_healed":0,"gold_gain":0,"player_choice":"Fought Bandits","damage_taken":0,"max_hp_gain":0,"max_hp_loss":0,"event_name":"Masked Bandits","floor":20,"gold_loss":0},{"damage_healed":0,"gold_gain":0,"player_choice":"Gave Potion","damage_taken":0,"relics_obtained":["AT_TimeSand"],"max_hp_gain":0,"max_hp_loss":0,"event_name":"WeMeetAgain","floor":27,"gold_loss":0}],"is_beta":false,"boss_relics":[{"not_picked":["Snecko Eye","Sozu"],"picked":"Philosopher\u0027s Stone"}],"items_purged_floors":[],"is_endless":false,"potions_floor_spawned":[5,8,16,18,24],"killed_by":"Snake Plant","ascension_level":17}}