{"host":"2xqcnyceei4ojw3j","time":1609275822,"event":{"mods":["2.2 Compatiblity","AchievementEnabler","AlwaysNeverKeys","BaseMod","Better Note","BetterRewards","Custom Start","Energized Spire","Hubris","Jedi Mod","Minty Spire (QoL Compilation)","Quick Restart","Rare Cards Sparkle","Spicy Shops","StSLib","The Alterego"],"gold_per_floor":[113,113,113,132,142,173,173,187,187,67,80,108,120,130,130,225,225,244,23,23,25,25,25,58,58,58,58,73,73,73,73,73,73,73],"floor_reached":33,"playtime":2683,"items_purged":[],"score":300,"play_id":"6bea4818-2473-4ed2-a9d3-aea20f9b4833","local_time":"20201229190342","is_ascension_mode":false,"campfire_choices":[{"data":"alterego_mod:BreastValley","floor":7,"key":"SMITH"},{"data":"alterego_mod:Clones","floor":15,"key":"SMITH"},{"floor":23,"key":"REST"},{"data":"alterego_mod:Venus","floor":25,"key":"SMITH"},{"floor":27,"key":"REST"},{"floor":30,"key":"DIG"},{"data":"alterego_mod:Nekomimi","floor":32,"key":"SMITH"}],"circlet_count":0,"master_deck":["alterego_mod:Strike","alterego_mod:Strike+1","alterego_mod:Strike","alterego_mod:Strike","alterego_mod:Defend","alterego_mod:Defend","alterego_mod:Defend","alterego_mod:Defend","alterego_mod:Impale","alterego_mod:BigMeatyClaws","alterego_mod:BrynhildrsRune","alterego_mod:PainIsPleasure+1","alterego_mod:Jiggle","alterego_mod:BreastValley+1","alterego_mod:Bounce","alterego_mod:Valentines","alterego_mod:Nekomimi+1","alterego_mod:Schoolgirl","alterego_mod:PurpleHair","alterego_mod:Palingenesis","alterego_mod:Clones+1","alterego_mod:AlterEgo","alterego_mod:PurpleHair","alterego_mod:PresenceConcealment","alterego_mod:Venus+1"],"relics":["alterego_mod:MasochisticConstitution","Bronze Scales","Shovel","jedi:gremlinknob","jedi:heavyjacket","Regal Pillow","Runic Pyramid","Tiny Chest","hubris:Reverence","Toxic Egg 2","jedi:arcanewood"],"acts_visited":["Exordium","TheCity"],"potions_floor_usage":[8,12,12,13,16,24,33],"damage_taken":[{"damage":6,"enemies":"Cultist","floor":1,"turns":5},{"damage":7,"enemies":"Small Slimes","floor":4,"turns":5},{"damage":11,"enemies":"Jaw Worm","floor":5,"turns":4},{"damage":20,"enemies":"3 Sentries","floor":6,"turns":15},{"damage":9,"enemies":"Looter","floor":8,"turns":5},{"damage":18,"enemies":"Blue Slaver","floor":11,"turns":7},{"damage":0,"enemies":"Gremlin Nob","floor":12,"turns":1},{"damage":19,"enemies":"Gremlin Gang","floor":13,"turns":5},{"damage":11,"enemies":"Exordium Wildlife","floor":14,"turns":7},{"damage":79,"enemies":"Slime Boss","floor":16,"turns":21},{"damage":24,"enemies":"Spheric Guardian","floor":18,"turns":6},{"damage":44,"enemies":"2 Thieves","floor":21,"turns":5},{"damage":108,"enemies":"Slavers","floor":24,"turns":9},{"damage":28,"enemies":"Cultist and Chosen","floor":28,"turns":7},{"damage":81,"enemies":"Collector","floor":33,"turns":5}],"seed_played":"4287446523784845451","potions_obtained":[{"floor":6,"key":"Weak Potion"},{"floor":8,"key":"Strength Potion"},{"floor":11,"key":"AttackPotion"},{"floor":12,"key":"jedi:tentaclejuice"},{"floor":14,"key":"FearPotion"},{"floor":21,"key":"Block Potion"},{"floor":28,"key":"CultistPotion"}],"is_trial":false,"path_per_floor":["M","?","?","M","M","E","R","M","T","$","M","E","M","M","R","B",null,"M","$","$","M","?","R","E","R","T","R","M","$","R","$","R","B"],"character_chosen":"The_Alterego","items_purchased":["alterego_mod:PainIsPleasure","Bronze Scales","Shovel","alterego_mod:Nekomimi","alterego_mod:Schoolgirl","Tiny Chest","alterego_mod:PresenceConcealment"],"campfire_rested":2,"item_purchase_floors":[0,0,0,10,10,19,19],"current_hp_per_floor":[58,44,44,60,57,64,64,63,63,63,58,58,65,73,73,52,79,80,80,80,37,37,76,15,15,15,54,61,61,61,61,61,0,0],"gold":73,"neow_bonus":"","is_daily":false,"chose_seed":false,"campfire_upgraded":4,"win_rate":0.0,"timestamp":1609275822,"path_taken":["M","?","?","M","M","E","R","M","T","$","?","E","M","M","R","BOSS","M","?","$","M","?","R","E","R","T","R","M","?","R","$","R","BOSS"],"items_purchased_type":["Card","Relic","Relic","Card","Card","Relic","Card"],"build_version":"2020-12-22","purchased_purges":0,"victory":false,"max_hp_per_floor":[71,71,71,72,73,74,74,75,75,75,76,76,77,78,78,79,79,80,80,80,81,81,81,82,82,82,82,83,83,83,83,83,83,83],"card_choices":[{"not_picked":["alterego_mod:HighServant","alterego_mod:Cooking"],"picked":"alterego_mod:Jiggle","floor":1},{"not_picked":["alterego_mod:GoddessCore","alterego_mod:Undulate","alterego_mod:DiscoLights"],"picked":"SKIP","floor":4},{"not_picked":["alterego_mod:VirginLaserPalladion","alterego_mod:Jiggle"],"picked":"alterego_mod:BreastValley","floor":5},{"not_picked":["alterego_mod:Cycle","alterego_mod:Clap"],"picked":"alterego_mod:Bounce","floor":6},{"not_picked":["alterego_mod:Clap","alterego_mod:Rip"],"picked":"alterego_mod:Valentines","floor":8},{"not_picked":["alterego_mod:Smother","alterego_mod:Collar"],"picked":"alterego_mod:PurpleHair","floor":11},{"not_picked":["alterego_mod:Jiggle","alterego_mod:Valkyrie"],"picked":"alterego_mod:Palingenesis","floor":12},{"not_picked":["alterego_mod:MagicResistance","alterego_mod:BoobPocket","alterego_mod:DestructionOfProperty"],"picked":"SKIP","floor":13},{"not_picked":["alterego_mod:MaintainEyeContact","alterego_mod:Bloomers"],"picked":"alterego_mod:Clones","floor":14},{"not_picked":["alterego_mod:GIGAMILK","alterego_mod:Vow"],"picked":"alterego_mod:AlterEgo","floor":16},{"not_picked":["alterego_mod:Cooking","alterego_mod:Jiggle"],"picked":"alterego_mod:PurpleHair","floor":18},{"not_picked":["alterego_mod:Jiggle","alterego_mod:Smother","alterego_mod:DeftHands"],"picked":"SKIP","floor":21},{"not_picked":["alterego_mod:BiFurious+1","alterego_mod:PerceptionDisorder+1"],"picked":"alterego_mod:Venus","floor":24},{"not_picked":["alterego_mod:SakuraPetals","alterego_mod:Skirt","alterego_mod:Jiggle+1"],"picked":"SKIP","floor":28}],"player_experience":95464,"relics_obtained":[{"floor":6,"key":"jedi:gremlinknob"},{"floor":9,"key":"jedi:heavyjacket"},{"floor":12,"key":"Regal Pillow"},{"floor":24,"key":"hubris:Reverence"},{"floor":26,"key":"Toxic Egg 2"},{"floor":30,"key":"jedi:arcanewood"}],"event_choices":[{"damage_healed":0,"gold_gain":0,"player_choice":"Entered Light","damage_taken":14,"max_hp_gain":0,"max_hp_loss":0,"event_name":"Shining Light","floor":2,"gold_loss":0,"cards_upgraded":["alterego_mod:PainIsPleasure","alterego_mod:Strike"]},{"damage_healed":0,"gold_gain":0,"player_choice":"Bought 0 Potions","damage_taken":0,"max_hp_gain":0,"max_hp_loss":0,"event_name":"The Woman in Blue","floor":3,"gold_loss":0},{"cards_removed":["alterego_mod:PainIsPleasure"],"damage_healed":0,"gold_gain":0,"player_choice":"Give","damage_taken":0,"max_hp_gain":0,"max_hp_loss":0,"event_name":"betterNote:BetterNote","floor":22,"gold_loss":0,"cards_obtained":["None"]}],"is_beta":false,"boss_relics":[{"not_picked":["Empty Cage","hubris:Stopwatch"],"picked":"Runic Pyramid"}],"items_purged_floors":[],"is_endless":false,"potions_floor_spawned":[6,8,11,12,14,21,28],"killed_by":"Collector","ascension_level":0}}