{"host":"78zdngn0u28jm0pp","time":1609227900,"event":{"mods":["BaseMod","Jorbs\u0027s Wanderer Trilogy","Minty Spire (QoL Compilation)","Permanent Neow","Quick Restart","Relic Stats","StSLib","Unceasing Turn Reminder"],"gold_per_floor":[109,128,128,128,146,146,186,201,228,251,73,92,92,92,92,188,188,213,15,15,15,15,49,49,63,63,63,94,107,120,120,120,216,216,230,563,399,399,415,440,440,457,457,457,457,469,53,83,83,83,83,83],"floor_reached":51,"playtime":2229,"items_purged":["Strike_G","Strike_G","Strike_G+1","Defend_G+1"],"score":1486,"play_id":"ce0a1fa8-9401-4031-9649-d79bdbba2a5a","local_time":"20201229004500","is_ascension_mode":true,"campfire_choices":[{"data":"Neutralize","floor":6.0,"key":"SMITH"},{"floor":13.0,"key":"REST"},{"data":"Cloak And Dagger","floor":15.0,"key":"SMITH"},{"data":"Terror","floor":24.0,"key":"SMITH"},{"data":"Finisher","floor":27.0,"key":"SMITH"},{"data":"Footwork","floor":32.0,"key":"SMITH"},{"data":"After Image","floor":41.0,"key":"SMITH"},{"data":"Corpse Explosion","floor":44.0,"key":"SMITH"},{"floor":49.0,"key":"RECALL"}],"circlet_count":0,"master_deck":["AscendersBane","Strike_G+1","Defend_G+1","Defend_G+1","Defend_G+1","Defend_G+1","Survivor","Neutralize+1","Slice","Dagger Throw","Footwork+1","Cloak And Dagger+1","Leg Sweep","Slice","After Image+1","Terror+1","Finisher+1","Flash of Steel","Cloak And Dagger+1","Deflect+1","Dagger Throw","Acrobatics","Cloak And Dagger+1","Dodge and Roll","Footwork","Caltrops+1","PiercingWail","Corpse Explosion+1","Blade Dance","Finisher"],"relics":["WristBlade","Happy Flower","Smiling Mask","Ninja Scroll","SlaversCollar","Vajra","MealTicket","Coffee Dripper","Eternal Feather","Gremlin Horn","Paper Crane","Turnip"],"acts_visited":["Exordium","TheCity","TheBeyond"],"potions_floor_usage":[51],"damage_taken":[{"damage":1.0,"enemies":"2 Louse","floor":1.0,"turns":3.0},{"damage":1.0,"enemies":"Cultist","floor":2.0,"turns":4.0},{"damage":8.0,"enemies":"Small Slimes","floor":5.0,"turns":4.0},{"damage":29.0,"enemies":"3 Sentries","floor":7.0,"turns":14.0},{"damage":7.0,"enemies":"Exordium Thugs","floor":8.0,"turns":5.0},{"damage":2.0,"enemies":"3 Louse","floor":10.0,"turns":4.0},{"damage":0.0,"enemies":"2 Fungi Beasts","floor":12.0,"turns":4.0},{"damage":13.0,"enemies":"The Guardian","floor":16.0,"turns":12.0},{"damage":9.0,"enemies":"Shell Parasite","floor":18.0,"turns":5.0},{"damage":2.0,"enemies":"Book of Stabbing","floor":23.0,"turns":4.0},{"damage":0.0,"enemies":"3 Byrds","floor":25.0,"turns":5.0},{"damage":0.0,"enemies":"Gremlin Leader","floor":28.0,"turns":6.0},{"damage":0.0,"enemies":"Centurion and Healer","floor":29.0,"turns":3.0},{"damage":0.0,"enemies":"Snake Plant","floor":30.0,"turns":2.0},{"damage":36.0,"enemies":"Collector","floor":33.0,"turns":8.0},{"damage":2.0,"enemies":"Orb Walker","floor":35.0,"turns":2.0},{"damage":0.0,"enemies":"3 Shapes","floor":39.0,"turns":4.0},{"damage":0.0,"enemies":"Giant Head","floor":40.0,"turns":6.0},{"damage":1.0,"enemies":"Sphere and 2 Shapes","floor":42.0,"turns":6.0},{"damage":5.0,"enemies":"3 Darklings","floor":46.0,"turns":4.0},{"damage":6.0,"enemies":"Reptomancer","floor":48.0,"turns":3.0},{"damage":29.0,"enemies":"Awakened One","floor":50.0,"turns":14.0},{"damage":32,"enemies":"Time Eater","floor":51,"turns":9}],"seed_played":"3860558963174560205","potions_obtained":[{"floor":1.0,"key":"LiquidMemories"},{"floor":4.0,"key":"DuplicationPotion"},{"floor":7.0,"key":"SteroidPotion"},{"floor":10.0,"key":"Energy Potion"},{"floor":23.0,"key":"Block Potion"},{"floor":29.0,"key":"DistilledChaos"},{"floor":33.0,"key":"FearPotion"},{"floor":35.0,"key":"DistilledChaos"},{"floor":40.0,"key":"FearPotion"},{"floor":42.0,"key":"LiquidMemories"},{"floor":48.0,"key":"Weak Potion"}],"is_trial":false,"path_per_floor":["M","M","?","?","M","R","E","M","T","M","$","M","R","T","R","B",null,"M","$","?","$","?","E","R","M","T","R","E","M","M","?","R","B",null,"M","?","$","?","M","E","R","M","T","R","?","M","$","E","R","B","B"],"character_chosen":"THE_SILENT","items_purchased":["Cloak And Dagger","Leg Sweep","Finisher","Flash of Steel","Dodge and Roll","Footwork","Paper Crane","Finisher"],"campfire_rested":1,"item_purchase_floors":[11,11,19,19,37,37,47,47],"current_hp_per_floor":[58,57,57,57,49,49,20,13,13,11,11,11,29,29,29,16,49,40,40,40,40,52,50,50,50,50,50,50,50,50,50,50,14,49,47,47,60,57,57,57,57,56,56,57,57,52,57,51,57,28,0,0],"gold":83,"neow_bonus":"BOSS_RELIC","is_daily":false,"chose_seed":false,"campfire_upgraded":7,"win_rate":0.0,"timestamp":1609227900,"path_taken":["M","M","?","?","M","R","E","M","T","?","$","M","R","?","R","BOSS","M","$","?","?","?","E","R","M","T","R","E","M","M","?","R","BOSS","M","?","$","?","M","E","R","M","T","R","?","M","$","E","R","BOSS","BOSS"],"items_purchased_type":["Card","Card","Card","Card","Card","Card","Relic","Card"],"build_version":"2020-12-22","purchased_purges":4,"victory":false,"max_hp_per_floor":[66,66,60,60,60,60,60,60,60,60,60,60,60,60,60,60,60,60,60,60,60,60,60,60,60,60,60,60,60,60,60,60,60,60,60,60,60,57,57,57,57,57,57,57,57,57,57,57,57,57,57,57],"relic_stats":{"Happy Flower":[35],"Gremlin Horn":[8,8],"counters":[23,131],"MealTicket":18,"Eternal Feather":7,"Turnip":[2],"Smiling Mask":250,"obtain_stats":[{"Happy Flower":7,"Gremlin Horn":43,"Golden Idol":3,"Vajra":23,"Eternal Feather":40,"Paper Crane":47,"Smiling Mask":9,"SlaversCollar":17,"WristBlade":0,"Ninja Scroll":14,"MealTicket":28,"Turnip":48,"Coffee Dripper":34,"Ring of the Snake":0},{"Happy Flower":4,"Gremlin Horn":19,"Golden Idol":2,"Vajra":10,"Eternal Feather":18,"Paper Crane":20,"Smiling Mask":5,"SlaversCollar":8,"WristBlade":0,"Ninja Scroll":7,"MealTicket":12,"Turnip":21,"Coffee Dripper":15,"Ring of the Snake":0},{"Happy Flower":25,"Gremlin Horn":101,"Golden Idol":7,"Vajra":59,"Eternal Feather":95,"Paper Crane":105,"Smiling Mask":30,"SlaversCollar":50,"WristBlade":0,"Ninja Scroll":38,"MealTicket":70,"Turnip":108,"Coffee Dripper":83,"Ring of the Snake":0}]},"card_choices":[{"not_picked":["Flechettes","Expertise","Sucker Punch"],"picked":"SKIP","floor":1.0},{"not_picked":["Deflect","Underhanded Strike"],"picked":"Slice","floor":2.0},{"not_picked":["Sucker Punch","Deflect"],"picked":"Dagger Throw","floor":5.0},{"not_picked":["Bane","Catalyst","Night Terror"],"picked":"SKIP","floor":7.0},{"not_picked":["Dagger Throw","Quick Slash"],"picked":"Footwork","floor":8.0},{"not_picked":["Dodge and Roll","Sucker Punch","Bane"],"picked":"SKIP","floor":10.0},{"not_picked":["Flechettes","Outmaneuver"],"picked":"Slice","floor":12.0},{"not_picked":["Glass Knife","Envenom"],"picked":"After Image","floor":16.0},{"not_picked":["Backflip","Dagger Spray"],"picked":"Terror","floor":18.0},{"not_picked":["Dagger Throw","Envenom"],"picked":"Cloak And Dagger+1","floor":23.0},{"not_picked":["Outmaneuver","Expertise"],"picked":"Deflect+1","floor":25.0},{"not_picked":["Distraction","Outmaneuver","Grand Finale"],"picked":"SKIP","floor":28.0},{"not_picked":["Sucker Punch","Concentrate"],"picked":"Dagger Throw","floor":29.0},{"not_picked":["Dodge and Roll+1","Concentrate"],"picked":"Acrobatics","floor":30.0},{"not_picked":["Poisoned Stab","Tactician"],"picked":"Cloak And Dagger+1","floor":35.0},{"not_picked":["Flying Knee+1","Poisoned Stab"],"picked":"Caltrops+1","floor":39.0},{"not_picked":["Bane","Dodge and Roll"],"picked":"PiercingWail","floor":40.0},{"not_picked":["Deadly Poison","Accuracy+1"],"picked":"Corpse Explosion","floor":42.0},{"not_picked":["Leg Sweep+1","Dodge and Roll+1"],"picked":"Blade Dance","floor":46.0},{"not_picked":["Dodge and Roll","Flechettes","Bouncing Flask"],"picked":"SKIP","floor":48.0}],"player_experience":704217,"relics_obtained":[{"floor":7.0,"key":"Happy Flower"},{"floor":9.0,"key":"Smiling Mask"},{"floor":14.0,"key":"Ninja Scroll"},{"floor":23.0,"key":"Vajra"},{"floor":28.0,"key":"MealTicket"},{"floor":40.0,"key":"Eternal Feather"},{"floor":43.0,"key":"Gremlin Horn"},{"floor":48.0,"key":"Turnip"}],"event_choices":[{"damage_healed":0.0,"max_hp_gain":0.0,"max_hp_loss":6.0,"gold_gain":0.0,"event_name":"Golden Idol","player_choice":"Lose Max HP","floor":3.0,"gold_loss":0.0,"damage_taken":0.0,"relics_obtained":["Golden Idol"]},{"damage_healed":0.0,"max_hp_gain":0.0,"max_hp_loss":0.0,"gold_gain":0.0,"event_name":"Lab","player_choice":"Got Potions","floor":4.0,"gold_loss":0.0,"damage_taken":0.0},{"cards_removed":["Strike_G"],"damage_healed":0.0,"max_hp_gain":0.0,"max_hp_loss":0.0,"gold_gain":0.0,"event_name":"Bonfire Elementals","player_choice":"Offered Basic","floor":20.0,"gold_loss":0.0,"damage_taken":0.0},{"damage_healed":12.0,"max_hp_gain":0.0,"max_hp_loss":0.0,"gold_gain":0.0,"event_name":"The Library","player_choice":"Heal","floor":22.0,"gold_loss":0.0,"damage_taken":0.0},{"damage_healed":0.0,"max_hp_gain":0.0,"max_hp_loss":0.0,"gold_gain":0.0,"event_name":"Back to Basics","player_choice":"Simplicity","floor":31.0,"gold_loss":0.0,"damage_taken":0.0,"cards_upgraded":["Strike_G","Strike_G","Defend_G","Defend_G","Defend_G","Defend_G","Defend_G"]},{"damage_healed":0.0,"max_hp_gain":0.0,"max_hp_loss":0.0,"gold_gain":333.0,"event_name":"The Moai Head","player_choice":"Gave Idol","floor":36.0,"relics_lost":["Golden Idol"],"gold_loss":0.0,"damage_taken":0.0},{"damage_healed":0.0,"max_hp_gain":0.0,"max_hp_loss":3.0,"gold_gain":0.0,"event_name":"Winding Halls","player_choice":"Max HP","floor":38.0,"gold_loss":0.0,"damage_taken":0.0},{"damage_healed":0.0,"max_hp_gain":0.0,"max_hp_loss":0.0,"gold_gain":0.0,"event_name":"Tomb of Lord Red Mask","player_choice":"Ignored","floor":45.0,"gold_loss":0.0,"damage_taken":0.0}],"is_beta":false,"boss_relics":[{"not_picked":["Ectoplasm","Pandora\u0027s Box"],"picked":"SlaversCollar"},{"not_picked":["Calling Bell","Tiny House"],"picked":"Coffee Dripper"}],"items_purged_floors":[11,19,37,47],"is_endless":false,"potions_floor_spawned":[1,7,10,23,29,33,35,40,42,48],"killed_by":"Time Eater","ascension_level":20}}