{"host":"s1vy8rtdj748rey3","time":1609244710,"event":{"mods":["Aspiration","BaseMod","Beaked The Cultist","BetterRewards","Block Reminder","Conspire","Downfall","Friendly Minions","GifTheSpireLib","Halation","Hermit","Hubris","Infinite Spire","Jorbs\u0027s Wanderer Trilogy","Minty Spire (QoL Compilation)","Rare Cards Sparkle","Replay The Spire","Small Relic Pack","StSLib","Stuff the Spire","Transform Curses","Waifu the Spire","vexMod"],"gold_per_floor":[113,44,44,81,81,108,108,26,105,136,136,34,34,34],"floor_reached":13,"playtime":1131,"items_purged":[],"score":96,"play_id":"a55870d3-0b88-4ca4-a8aa-3dc252211c7f","local_time":"20201229162510","is_ascension_mode":true,"campfire_choices":[{"floor":7,"key":"REST"},{"floor":11,"key":"REST"}],"circlet_count":0,"master_deck":["hermit:Strike_Hermit","hermit:Strike_Hermit","hermit:Strike_Hermit","hermit:Strike_Hermit","hermit:Defend_Hermit","hermit:Defend_Hermit","hermit:Defend_Hermit","hermit:Defend_Hermit","hermit:Snapshot","hermit:Covet","hermit:Combo","hermit:GoldenBullet","hermit:TrackingShot","hermit:Malice","hermit:Brawl","hermit:CalledShot","hermit:Grudge","hermit:HighNoon","Regret","hermit:EyeOfTheStorm","Doubt","hermit:Cheat","hermit:Enervate","hermit:Roulette","hermit:Determination+1","hermit:DeadMansHand","hermit:HighCaliber","hermit:HighCaliber"],"relics":["Du-Vu Doll","conspire:TreasureMap","Strawberry","Blue Doll","ReplayTheSpireMod:Ring of Exchange","Ring of Peace","Pet Ghost","hubris:MobiusCoin","Tiny Chest"],"acts_visited":["Exordium"],"potions_floor_usage":[4],"damage_taken":[{"damage":1,"enemies":"Cultist","floor":1,"turns":4},{"damage":52,"enemies":"conspire:MimicChest","floor":4,"turns":7},{"damage":24,"enemies":"Lagavulin","floor":6,"turns":6},{"damage":25,"enemies":"Gremlin Nob","floor":10,"turns":5},{"damage":24,"enemies":"3 Sentries","floor":13,"turns":3}],"seed_played":"-5897711045596917452","potions_obtained":[{"floor":1,"key":"Swift Potion"}],"is_trial":false,"path_per_floor":["M","$","?","?","?","E","R","$","T","E","R","$","E"],"character_chosen":"HERMIT","items_purchased":["hermit:Combo","hermit:GoldenBullet","hermit:TrackingShot","conspire:TreasureMap","hermit:Malice","hermit:Brawl","hermit:CalledShot","hermit:HighNoon","hermit:Enervate","hermit:Determination+1","hermit:DeadMansHand","hermit:HighCaliber"],"campfire_rested":2,"item_purchase_floors":[0,0,0,0,0,0,0,2,8,12,12,12],"current_hp_per_floor":[74,74,81,29,29,5,29,29,29,4,28,28,4,4],"gold":34,"neow_bonus":"","is_daily":false,"chose_seed":false,"campfire_upgraded":0,"win_rate":0.0,"timestamp":1609244710,"path_taken":["M","$","?","?","?","E","R","?","T","E","R","?","E"],"items_purchased_type":["Card","Card","Card","Relic","Card","Card","Card","Card","Card","Card","Card","Card"],"build_version":"2020-12-22","purchased_purges":0,"victory":false,"max_hp_per_floor":[75,75,82,82,82,82,82,82,82,82,82,82,82,82],"card_choices":[{"not_picked":["hermit:Gestalt","hermit:SprayPray"],"picked":"hermit:Grudge","floor":1},{"not_picked":["hermit:FullyLoaded","hermit:Desperado"],"picked":"hermit:EyeOfTheStorm","floor":4},{"not_picked":["hermit:Manifest","hermit:LowProfile"],"picked":"hermit:Cheat","floor":6},{"not_picked":["hermit:Feint","hermit:Dissolve"],"picked":"hermit:Roulette","floor":10}],"player_experience":197470,"relics_obtained":[{"floor":4,"key":"Blue Doll"},{"floor":5,"key":"ReplayTheSpireMod:Ring of Exchange"},{"floor":5,"key":"Ring of Peace"},{"floor":6,"key":"Pet Ghost"},{"floor":9,"key":"hubris:MobiusCoin"},{"floor":10,"key":"Tiny Chest"}],"event_choices":[{"damage_healed":0,"gold_gain":0,"player_choice":"Box","damage_taken":0,"relics_obtained":["Strawberry"],"max_hp_gain":0,"max_hp_loss":0,"event_name":"Big Fish","floor":3,"gold_loss":0,"cards_obtained":["Regret"]}],"is_beta":false,"boss_relics":[],"items_purged_floors":[],"is_endless":false,"potions_floor_spawned":[1],"killed_by":"3 Sentries","ascension_level":2}}