{"host":"vmo6qas4tfa0p776","time":1609265216,"event":{"mods":["AchievementEnabler","BaseMod","Bestiary","Better Altar","Better Match","Better Note","Better Sensory Stone","Better Skull","Better Third Choice","Colored Map","Downfall","Minty Spire (QoL Compilation)","Relic Stats","Robot Space Explorer","Spicy Shops","StSLib","The Marked"],"gold_per_floor":[118,69,69,31,49,77,93,73,123,137,193,210,210,243,243,243,243],"floor_reached":16,"playtime":741,"items_purged":[],"score":110,"play_id":"e6731431-6555-4e19-ad23-39abc9ca061d","local_time":"20201229130656","is_ascension_mode":false,"campfire_choices":[{"floor":13,"key":"REST"},{"floor":15,"key":"REST"}],"circlet_count":0,"master_deck":["theMarked:Strike","theMarked:Strike","theMarked:Strike","theMarked:Strike","theMarked:Defend","theMarked:Defend","theMarked:Defend","theMarked:Defend","theMarked:SoldierOfQuellstein","theMarked:EmpowerWeapon","theMarked:ResourceFulStrike","theMarked:MuscleMemory","theMarked:KeepCalmAndFightOn","theMarked:WardOff","theMarked:HeightenedSenses","theMarked:Convert","theMarked:TakeCover","theMarked:ParalyzingBlade","theMarked:WastefulDefense"],"relics":["theMarked:ArtifactOfAir","Toy Ornithopter","Omamori","Bird Faced Urn"],"acts_visited":["Exordium"],"potions_floor_usage":[6,10,12,14,16],"damage_taken":[{"damage":0,"enemies":"Cultist","floor":1,"turns":3},{"damage":1,"enemies":"Jaw Worm","floor":5,"turns":3},{"damage":23,"enemies":"3 Sentries","floor":6,"turns":6},{"damage":0,"enemies":"Small Slimes","floor":7,"turns":3},{"damage":8,"enemies":"Red Slaver","floor":10,"turns":2},{"damage":7,"enemies":"Blue Slaver","floor":12,"turns":2},{"damage":24,"enemies":"Lagavulin","floor":14,"turns":6},{"damage":84,"enemies":"Hexaghost","floor":16,"turns":14}],"seed_played":"-2651765277632945656","potions_obtained":[{"floor":5,"key":"LiquidMemories"},{"floor":6,"key":"theMarked:SummonPotion"},{"floor":7,"key":"theMarked:SummonPotion"},{"floor":8,"key":"FearPotion"},{"floor":14,"key":"theMarked:ChargePotion"}],"is_trial":false,"path_per_floor":["M","$","?","$","M","E","M","?","T","M","?","M","R","E","R","B"],"character_chosen":"THE_DEFAULT","items_purchased":["theMarked:ResourceFulStrike","theMarked:KeepCalmAndFightOn"],"campfire_rested":2,"item_purchase_floors":[2,4],"current_hp_per_floor":[77,77,77,77,76,53,53,53,53,50,50,48,71,52,75,0,0],"gold":243,"neow_bonus":"TEN_PERCENT_HP_BONUS","is_daily":false,"chose_seed":false,"campfire_upgraded":0,"win_rate":0.0,"timestamp":1609265216,"path_taken":["M","?","?","?","M","E","M","?","T","?","?","M","R","E","R","BOSS"],"items_purchased_type":["Card","Card"],"build_version":"2020-12-22","purchased_purges":0,"victory":false,"max_hp_per_floor":[77,77,77,77,77,77,77,77,77,77,77,77,77,77,77,77,77],"relic_stats":{"counters":[8,39],"Bird Faced Urn":[0],"obtain_stats":[{"theMarked:ArtifactOfAir":0,"Bird Faced Urn":14,"Omamori":9,"Toy Ornithopter":6},{"theMarked:ArtifactOfAir":0,"Bird Faced Urn":7,"Omamori":4,"Toy Ornithopter":3},{"theMarked:ArtifactOfAir":0,"Bird Faced Urn":25,"Omamori":15,"Toy Ornithopter":12}],"Toy Ornithopter":17},"card_choices":[{"not_picked":["theMarked:ResourceFulStrike","theMarked:ChainLightning"],"picked":"theMarked:EmpowerWeapon","floor":1},{"not_picked":["theMarked:DeterminationOfTheMarked","theMarked:ShockingTouch"],"picked":"theMarked:WardOff","floor":5},{"not_picked":["theMarked:WardOff","theMarked:SelfDefenseTraining"],"picked":"theMarked:HeightenedSenses","floor":6},{"not_picked":["theMarked:TwofoldDefense","theMarked:ResourceFulStrike"],"picked":"theMarked:Convert","floor":7},{"not_picked":["theMarked:SwordAndMagic","theMarked:Parkour"],"picked":"theMarked:TakeCover","floor":10},{"not_picked":["theMarked:Aftermath","theMarked:Electrify"],"picked":"theMarked:ParalyzingBlade","floor":12},{"not_picked":["theMarked:Improvise","theMarked:WastefulAttack"],"picked":"theMarked:WastefulDefense","floor":14}],"player_experience":191612,"relics_obtained":[{"floor":6,"key":"Toy Ornithopter"},{"floor":9,"key":"Omamori"},{"floor":14,"key":"Bird Faced Urn"}],"event_choices":[{"damage_healed":0,"gold_gain":0,"cards_transformed":["theMarked:Strike"],"player_choice":"Change","damage_taken":0,"max_hp_gain":0,"max_hp_loss":0,"event_name":"Living Wall","floor":3,"gold_loss":0,"cards_obtained":["theMarked:MuscleMemory"]},{"damage_healed":0,"gold_gain":0,"player_choice":"Bought 1 Potion","damage_taken":0,"max_hp_gain":0,"max_hp_loss":0,"event_name":"The Woman in Blue","floor":8,"gold_loss":0},{"damage_healed":0,"gold_gain":56,"player_choice":"Gained Gold","damage_taken":0,"max_hp_gain":0,"max_hp_loss":0,"event_name":"Golden Wing","floor":11,"gold_loss":0}],"is_beta":false,"boss_relics":[],"items_purged_floors":[],"is_endless":false,"potions_floor_spawned":[5,6,7,14],"killed_by":"Hexaghost","ascension_level":0}}