{"host":"5hj512uv6i1x1iks","time":1609221228,"event":{"mods":["BaseMod","Bestiary","Colored Powertips","Highlight Path","Minty Spire (QoL Compilation)","Random Character Button","Rare Cards Sparkle","Relic Stats","StSLib"],"gold_per_floor":[114,114,128,139,159,159,175,188,214,226,253,136,136,101,101,101,101],"floor_reached":16,"playtime":451,"items_purged":[],"score":174,"play_id":"bd63fecb-5d87-4777-81ce-027337c4cbe8","local_time":"20201228235348","is_ascension_mode":true,"campfire_choices":[{"data":"CrushJoints","floor":6,"key":"SMITH"},{"floor":10,"key":"REST"},{"data":"Tantrum","floor":15,"key":"SMITH"}],"circlet_count":0,"master_deck":["AscendersBane","Strike_P","Strike_P","Strike_P","Strike_P","Defend_P","Defend_P","Defend_P","Defend_P","Eruption","Vigilance+1","CrushJoints+1","MentalFortress","Tantrum+1","EmptyFist","FlurryOfBlows","Protect","ReachHeaven"],"relics":["PureWater","MawBank","Golden Idol"],"acts_visited":["Exordium"],"potions_floor_usage":[16],"damage_taken":[{"damage":4,"enemies":"Jaw Worm","floor":1,"turns":6},{"damage":2,"enemies":"Cultist","floor":3,"turns":3},{"damage":1,"enemies":"2 Louse","floor":4,"turns":3},{"damage":9,"enemies":"Looter","floor":5,"turns":4},{"damage":10,"enemies":"Large Slime","floor":7,"turns":6},{"damage":36,"enemies":"3 Louse","floor":8,"turns":5},{"damage":11,"enemies":"2 Fungi Beasts","floor":11,"turns":3},{"damage":34,"enemies":"The Guardian","floor":16,"turns":8}],"seed_played":"-7344044458460281845","potions_obtained":[{"floor":1,"key":"PowerPotion"},{"floor":3,"key":"FearPotion"}],"is_trial":false,"path_per_floor":["M","?","M","M","M","R","M","M","T","R","M","$","?","?","R","B"],"character_chosen":"WATCHER","items_purchased":["Protect","ReachHeaven"],"campfire_rested":1,"item_purchase_floors":[12,12],"current_hp_per_floor":[63,63,61,60,51,51,41,5,5,27,16,16,16,32,32,0,0],"gold":101,"neow_bonus":"TEN_PERCENT_HP_BONUS","is_daily":false,"chose_seed":false,"campfire_upgraded":2,"win_rate":0.0,"timestamp":1609221228,"path_taken":["M","?","M","M","M","R","?","M","T","R","M","?","?","?","R","BOSS"],"items_purchased_type":["Card","Card"],"build_version":"2020-12-22","purchased_purges":0,"victory":false,"max_hp_per_floor":[74,74,74,74,74,74,74,74,74,74,74,74,67,67,67,67,67],"relic_stats":{"counters":[8,38],"Golden Idol":0,"MawBank":36,"obtain_stats":[{"Golden Idol":13,"PureWater":0,"MawBank":9},{"Golden Idol":7,"PureWater":0,"MawBank":6},{"Golden Idol":30,"PureWater":0,"MawBank":27}]},"card_choices":[{"not_picked":["Weave","EmptyBody","JustLucky"],"picked":"SKIP","floor":1},{"not_picked":["PathToVictory","FollowUp"],"picked":"CrushJoints","floor":3},{"not_picked":["WindmillStrike","Worship","ClearTheMind"],"picked":"SKIP","floor":4},{"not_picked":["MasterReality","CrushJoints"],"picked":"MentalFortress","floor":5},{"not_picked":["BowlingBash","Nirvana"],"picked":"Tantrum","floor":7},{"not_picked":["CrushJoints","FlurryOfBlows"],"picked":"EmptyFist","floor":8},{"not_picked":["DevaForm","JustLucky"],"picked":"FlurryOfBlows","floor":11}],"player_experience":527394,"relics_obtained":[{"floor":9,"key":"MawBank"}],"event_choices":[{"damage_healed":0,"gold_gain":0,"player_choice":"Upgraded","damage_taken":0,"max_hp_gain":0,"max_hp_loss":0,"event_name":"Upgrade Shrine","floor":2,"gold_loss":0,"cards_upgraded":["Vigilance"]},{"damage_healed":0,"gold_gain":0,"player_choice":"Lose Max HP","damage_taken":0,"relics_obtained":["Golden Idol"],"max_hp_gain":0,"max_hp_loss":7,"event_name":"Golden Idol","floor":13,"gold_loss":0},{"damage_healed":16,"gold_gain":0,"player_choice":"Healed","damage_taken":0,"max_hp_gain":0,"max_hp_loss":0,"event_name":"The Cleric","floor":14,"gold_loss":35}],"is_beta":false,"boss_relics":[],"items_purged_floors":[],"is_endless":false,"potions_floor_spawned":[1,3,11],"killed_by":"The Guardian","ascension_level":17}}