{"host":"khm4we1ijduz33xh","time":1609244909,"event":{"mods":["AchievementEnabler","BaseMod","Colored Map","Minty Spire (QoL Compilation)","Rare Cards Sparkle","StSLib","SuperFastMode"],"gold_per_floor":[110,110,120,137,153,182,199,234,234,264,155,155,0,0,0,101,101,117,131,81,98,8,34,34,64,64,98,98,116,116,14,14,111,111,122,137,151,169,1,1,38,38,88,114,137,0,40,52,52,52,52,52,15,42,42],"floor_reached":56,"playtime":3957,"items_purged":["Defend_P","Defend_P","Strike_P","Strike_P"],"score":1554,"play_id":"6b6e68fe-632f-4eab-b55a-3ff6f677230d","local_time":"20201229212829","is_ascension_mode":true,"campfire_choices":[{"data":"Adaptation","floor":12.0,"key":"SMITH"},{"floor":15.0,"key":"REST"},{"floor":24.0,"key":"RECALL"},{"data":"ClearTheMind","floor":28.0,"key":"SMITH"},{"floor":32.0,"key":"REST"},{"data":"WaveOfTheHand","floor":40,"key":"SMITH"},{"data":"FlurryOfBlows","floor":42,"key":"SMITH"},{"floor":49,"key":"REST"},{"data":"Tantrum","floor":52,"key":"SMITH"}],"circlet_count":0,"master_deck":["Eruption+1","Vigilance","CrushJoints","FlurryOfBlows+1","Tantrum+1","Adaptation+1","Adaptation+1","DeusExMachina","ClearTheMind+1","Halt+1","Meditate+1","WaveOfTheHand+1","FlurryOfBlows+1","EmptyBody+1","FearNoEvil+1","ClearTheMind+1"],"relics":["HolyWater","Bag of Preparation","Mummified Hand","Oddly Smooth Stone","Damaru","Membership Card","Singing Bowl","Meat on the Bone","Orichalcum","Empty Cage","Vajra","CeramicFish","Boot","Red Mask","Blue Candle","Bottled Lightning"],"acts_visited":["Exordium","TheCity","TheBeyond","TheEnding"],"potions_floor_usage":[33,33,44,55,55],"damage_taken":[{"damage":0.0,"enemies":"Small Slimes","floor":1.0,"turns":2.0},{"damage":2.0,"enemies":"2 Louse","floor":3.0,"turns":2.0},{"damage":0.0,"enemies":"Cultist","floor":4.0,"turns":2.0},{"damage":0.0,"enemies":"Large Slime","floor":5.0,"turns":3.0},{"damage":30.0,"enemies":"Gremlin Nob","floor":6.0,"turns":3.0},{"damage":0.0,"enemies":"Red Slaver","floor":7.0,"turns":1.0},{"damage":0.0,"enemies":"Lagavulin","floor":8.0,"turns":3.0},{"damage":0.0,"enemies":"Gremlin Nob","floor":10.0,"turns":2.0},{"damage":23.0,"enemies":"The Guardian","floor":16.0,"turns":8.0},{"damage":0.0,"enemies":"Spheric Guardian","floor":18.0,"turns":1.0},{"damage":0.0,"enemies":"3 Byrds","floor":19.0,"turns":2.0},{"damage":3.0,"enemies":"3 Cultists","floor":21.0,"turns":3.0},{"damage":0.0,"enemies":"Gremlin Leader","floor":23.0,"turns":2.0},{"damage":15.0,"enemies":"Slavers","floor":25.0,"turns":2.0},{"damage":0.0,"enemies":"Gremlin Leader","floor":27.0,"turns":2.0},{"damage":20.0,"enemies":"Centurion and Healer","floor":29.0,"turns":3.0},{"damage":19,"enemies":"Collector","floor":33,"turns":3},{"damage":13,"enemies":"Orb Walker","floor":35,"turns":2},{"damage":0,"enemies":"3 Shapes","floor":36,"turns":2},{"damage":0,"enemies":"Transient","floor":37,"turns":5},{"damage":0,"enemies":"Sphere and 2 Shapes","floor":38,"turns":3},{"damage":9,"enemies":"Reptomancer","floor":41,"turns":2},{"damage":3,"enemies":"Writhing Mass","floor":44,"turns":3},{"damage":0,"enemies":"Transient","floor":45,"turns":5},{"damage":0,"enemies":"Nemesis","floor":47,"turns":1},{"damage":0,"enemies":"Maw","floor":48,"turns":4},{"damage":11,"enemies":"Donu and Deca","floor":50,"turns":3},{"damage":2,"enemies":"Shield and Spear","floor":54,"turns":2},{"damage":116,"enemies":"The Heart","floor":55,"turns":9}],"seed_played":"7506531409583987019","potions_obtained":[{"floor":4.0,"key":"ColorlessPotion"},{"floor":5.0,"key":"SkillPotion"},{"floor":7.0,"key":"BlessingOfTheForge"},{"floor":10.0,"key":"FearPotion"},{"floor":16.0,"key":"EntropicBrew"},{"floor":29.0,"key":"Weak Potion"},{"floor":37,"key":"EssenceOfSteel"},{"floor":45,"key":"FairyPotion"},{"floor":47,"key":"Regen Potion"},{"floor":48,"key":"Block Potion"}],"is_trial":false,"path_per_floor":["M","?","M","M","M","E","M","E","T","E","$","R","$","?","R","B",null,"M","M","$","M","?","E","R","E","T","E","R","M","?","$","R","B",null,"M","M","M","M","$","R","E","R","T","M","M","?","E","M","R","B",null,"R","$","E","B",null],"character_chosen":"WATCHER","items_purchased":["Adaptation","Membership Card","GamblersBrew","Vajra","WaveOfTheHand","Ancient Potion"],"campfire_rested":3,"item_purchase_floors":[11,13,31,39,39,53],"current_hp_per_floor":[72,72,70,70,70,40,40,40,40,40,40,40,40,40,61,38,72,72,72,72,69,69,71,71,58,58,60,60,42,27,27,52,47,87,74,76,78,78,78,78,69,69,69,66,66,66,66,68,93,82,93,93,93,93,38],"gold":42,"neow_bonus":"TRANSFORM_CARD","is_daily":false,"chose_seed":false,"campfire_upgraded":5,"win_rate":0.0,"timestamp":1609244909,"path_taken":["M","?","M","M","M","E","M","E","T","E","$","R","$","?","R","BOSS","M","?","$","M","?","E","R","E","T","E","R","?","?","$","R","BOSS","M","M","M","M","$","R","E","R","T","M","M","?","E","M","R","BOSS","R","$","E","BOSS"],"items_purchased_type":["Card","Relic","Potion","Relic","Card","Potion"],"build_version":"2020-12-22","purchased_purges":4,"victory":true,"max_hp_per_floor":[72,72,72,72,72,72,72,72,72,72,72,72,72,72,72,72,72,72,72,72,72,72,74,74,76,76,78,78,80,85,85,85,87,87,87,89,91,91,91,91,91,91,91,91,91,91,91,93,93,93,93,93,93,95,95],"card_choices":[{"not_picked":["CutThroughFate","BattleHymn","Collect"],"picked":"SKIP","floor":1.0},{"not_picked":["CutThroughFate","BattleHymn","CrushJoints"],"picked":"SKIP","floor":3.0},{"not_picked":["BattleHymn","Consecrate"],"picked":"FlurryOfBlows","floor":4.0},{"not_picked":["BowlingBash","Prostrate","Perseverance"],"picked":"SKIP","floor":5.0},{"not_picked":["Tantrum","BattleHymn","WindmillStrike"],"picked":"SKIP","floor":6.0},{"not_picked":["ThirdEye","Consecrate"],"picked":"Tantrum","floor":7.0},{"not_picked":["Consecrate","Wallop","PathToVictory"],"picked":"SKIP","floor":8.0},{"not_picked":["Omniscience","CarveReality"],"picked":"Adaptation","floor":10.0},{"not_picked":["Vault","Alpha"],"picked":"DeusExMachina","floor":16.0},{"not_picked":["Meditate+1","JustLucky","PathToVictory"],"picked":"SKIP","floor":18.0},{"not_picked":["CrushJoints+1","BowlingBash"],"picked":"ClearTheMind","floor":19.0},{"not_picked":["Protect","SashWhip","ReachHeaven"],"picked":"SKIP","floor":21.0},{"not_picked":["CutThroughFate+1","Fasting2","FlurryOfBlows"],"picked":"Singing Bowl","floor":23.0},{"not_picked":["Halt+1","InnerPeace","Indignation"],"picked":"Singing Bowl","floor":25.0},{"not_picked":["Meditate+1","Blasphemy","ThirdEye"],"picked":"Singing Bowl","floor":27.0},{"not_picked":["Consecrate","WaveOfTheHand","ThirdEye"],"picked":"Singing Bowl","floor":29.0},{"not_picked":["Establishment","Devotion","Omniscience"],"picked":"Singing Bowl","floor":33},{"not_picked":["Protect+1","FlurryOfBlows"],"picked":"Halt+1","floor":35},{"not_picked":["CutThroughFate","PathToVictory+1","Prostrate"],"picked":"Singing Bowl","floor":36},{"not_picked":["Nirvana","WreathOfFlame","CutThroughFate"],"picked":"Singing Bowl","floor":37},{"not_picked":["Crescendo+1","Consecrate"],"picked":"Meditate+1","floor":38},{"not_picked":["Meditate+1","Nirvana"],"picked":"FlurryOfBlows","floor":41},{"not_picked":["Meditate","ThirdEye+1"],"picked":"EmptyBody+1","floor":44},{"not_picked":["Crescendo+1","Wish"],"picked":"FearNoEvil+1","floor":45},{"not_picked":["ThirdEye+1","ForeignInfluence+1"],"picked":"ClearTheMind+1","floor":47},{"not_picked":["CrushJoints+1","Worship","ClearTheMind"],"picked":"Singing Bowl","floor":48},{"not_picked":["ClearTheMind","Wallop+1","ThirdEye+1"],"picked":"Singing Bowl","floor":54}],"player_experience":156980,"relics_obtained":[{"floor":6.0,"key":"Bag of Preparation"},{"floor":8.0,"key":"Mummified Hand"},{"floor":9.0,"key":"Oddly Smooth Stone"},{"floor":10.0,"key":"Damaru"},{"floor":23.0,"key":"Singing Bowl"},{"floor":25.0,"key":"Meat on the Bone"},{"floor":27.0,"key":"Orichalcum"},{"floor":41,"key":"CeramicFish"},{"floor":43,"key":"Boot"},{"floor":47,"key":"Blue Candle"},{"floor":54,"key":"Bottled Lightning"}],"event_choices":[{"damage_healed":0.0,"max_hp_gain":0.0,"max_hp_loss":0.0,"gold_gain":0.0,"event_name":"Living Wall","player_choice":"Grow","floor":2.0,"gold_loss":0.0,"damage_taken":0.0,"cards_upgraded":["Eruption"]},{"damage_healed":0.0,"max_hp_gain":0.0,"max_hp_loss":0.0,"gold_gain":0.0,"event_name":"Accursed Blacksmith","player_choice":"Forge","floor":14.0,"gold_loss":0.0,"damage_taken":0.0,"cards_upgraded":["Adaptation"]},{"cards_removed":["Defend_P"],"damage_healed":0.0,"max_hp_gain":0.0,"max_hp_loss":0.0,"gold_gain":0.0,"event_name":"Designer","player_choice":"Upgrade and Remove","floor":22.0,"gold_loss":90.0,"damage_taken":0.0,"cards_upgraded":["FlurryOfBlows"]},{"damage_healed":0.0,"max_hp_gain":5.0,"max_hp_loss":0.0,"gold_gain":0.0,"event_name":"Forgotten Altar","player_choice":"Shed Blood","floor":30.0,"gold_loss":0.0,"damage_taken":20.0},{"damage_healed":0,"gold_gain":0,"player_choice":"Paid","damage_taken":0,"relics_obtained":["Red Mask"],"max_hp_gain":0,"max_hp_loss":0,"event_name":"Tomb of Lord Red Mask","floor":46,"gold_loss":137}],"is_beta":false,"boss_relics":[{"not_picked":["Ectoplasm","Velvet Choker"],"picked":"HolyWater"},{"not_picked":["Snecko Eye","Fusion Hammer"],"picked":"Empty Cage"}],"items_purged_floors":[11,20,31,39],"is_endless":false,"potions_floor_spawned":[4,5,7,10,16,18,19,29,37,45,47,48],"ascension_level":3}}