{"host":"èèòbeta","time":1609270328,"event":{"mods":["2.2 Compatiblity","Aspiration","BaseMod","BetterRewards","Colored Map","Colored Powertips","Conspire","Downfall","Hermit","Highlight Path","Hubris","Infinite Spire","Lobotomy","LobotomyExtend","Marisa????????","Minty Spire (QoL Compilation)","READ ME - Snecko Mod","Relic Stats","Replay The Spire","Spicy Shops","StSLib","SuperFastMode","Td1madao Mod","The Administrix","The Bug Knight","The Construct","The Cursed","The Disciple","The Jungle","The Mystic","The Necromancer","The Runesmith","The Servant 0.9.4","vexMod"],"gold_per_floor":[99,99,99,21,40,75,75,175,195,195,208,208,208,233,253,349,349,349,360,375,375,375,375],"floor_reached":21,"playtime":1604,"items_purged":[],"score":187,"play_id":"ea3d43b2-4fce-459f-8cce-fe348e27d16a","local_time":"20201230003208","is_ascension_mode":false,"campfire_choices":[{"data":"Guardian:TwinSlam","floor":1,"key":"SMITH"},{"data":"Guardian:RefractedBeam","floor":13,"key":"SMITH"},{"data":"Guardian:StasisField","floor":18,"key":"SMITH"}],"circlet_count":0,"master_deck":["Guardian:Strike_Guardian","Guardian:Strike_Guardian","Guardian:Strike_Guardian","Guardian:Strike_Guardian","Guardian:Defend_Guardian","Guardian:Defend_Guardian","Guardian:Defend_Guardian","Guardian:Defend_Guardian","Guardian:CurlUp","Guardian:TwinSlam+1","Guardian:RefractedBeam+1","Guardian:ShieldCharger","Guardian:PiercingHide","Guardian:StasisField+1","Guardian:Reroute","Guardian:PrimingBeam","Guardian:BronzeOrb","Guardian:TemporalStrike","Guardian:SphericShield","Guardian:PolyBeam","Guardian:TemporalShield+1"],"relics":["Guardian:ModeShifter","downfall:HeartsMalice","LetterFromLob","Sundial","Onion Ring","hubris:MedicalManual","ReplayFunnel","vexMod:MysteryBossChallenge","hubris:CrackedHourglass"],"acts_visited":["Exordium","TheCity"],"potions_floor_usage":[21],"damage_taken":[{"damage":0,"enemies":"2 Louse","floor":2,"turns":1},{"damage":0,"enemies":"Small Slimes","floor":3,"turns":1},{"damage":0,"enemies":"downfall:FleeingMerchant","floor":4,"turns":1},{"damage":8,"enemies":"Jaw Worm","floor":5,"turns":4},{"damage":10,"enemies":"3 Sentries","floor":6,"turns":12},{"damage":6,"enemies":"Gremlin Gang","floor":9,"turns":4},{"damage":0,"enemies":"3 Louse","floor":11,"turns":3},{"damage":3,"enemies":"Lagavulin","floor":14,"turns":4},{"damage":0,"enemies":"2 Fungi Beasts","floor":15,"turns":1},{"damage":23,"enemies":"downfall:Silent","floor":16,"turns":9},{"damage":16,"enemies":"conspire:FuzzyDice","floor":19,"turns":6},{"damage":10,"enemies":"Chosen and Byrds","floor":20,"turns":8},{"damage":30,"enemies":"downfall:LadyInBlue","floor":21,"turns":10}],"seed_played":"5228931478484698383","potions_obtained":[{"floor":6,"key":"conspire:TimeTravelPotion"},{"floor":9,"key":"PowerPotion"},{"floor":14,"key":"Weak Potion"}],"is_trial":false,"path_per_floor":["R","M","M","$","M","E","T","?","M","?","M","?","R","E","M","B",null,"R","M","M","?"],"character_chosen":"GUARDIAN","items_purchased":["Guardian:Gem_Orange"],"campfire_rested":0,"item_purchase_floors":[4],"current_hp_per_floor":[80,80,80,80,72,62,62,62,56,56,56,56,56,53,53,30,80,80,64,54,0,0,0],"gold":375,"neow_bonus":"THREE_ENEMY_KILL","is_daily":false,"chose_seed":false,"campfire_upgraded":3,"win_rate":0.0,"timestamp":1609270328,"path_taken":["R","M","M","$","M","E","T","?","M","?","M","?","R","E","M","BOSS","R","M","M","?"],"items_purchased_type":["Card"],"build_version":"2020-12-18","purchased_purges":0,"victory":false,"max_hp_per_floor":[80,80,80,80,80,80,80,80,80,80,80,80,80,80,80,80,80,80,80,80,80,80,80],"relic_stats":{"counters":[13,61],"Sundial":[4],"obtain_stats":[{"ReplayFunnel":14,"Sundial":6,"Guardian:ModeShifter":0,"vexMod:MysteryBossChallenge":17,"downfall:HeartsMalice":0,"Onion Ring":7,"hubris:MedicalManual":10,"LetterFromLob":2,"hubris:CrackedHourglass":17},{"ReplayFunnel":8,"Sundial":5,"Guardian:ModeShifter":0,"vexMod:MysteryBossChallenge":10,"downfall:HeartsMalice":0,"Onion Ring":5,"hubris:MedicalManual":6,"LetterFromLob":1,"hubris:CrackedHourglass":10},{"ReplayFunnel":27,"Sundial":16,"Guardian:ModeShifter":0,"vexMod:MysteryBossChallenge":37,"downfall:HeartsMalice":0,"Onion Ring":16,"hubris:MedicalManual":20,"LetterFromLob":0,"hubris:CrackedHourglass":37}]},"card_choices":[{"not_picked":["Guardian:WalkerClaw","Guardian:CrystalBeam"],"picked":"Guardian:RefractedBeam","floor":2},{"not_picked":["Guardian:Clone","Guardian:TemporalStrike"],"picked":"Guardian:ShieldCharger","floor":3},{"not_picked":["Guardian:Recover","Guardian:RefractedBeam"],"picked":"Guardian:Gem_Cyan","floor":4},{"not_picked":["Guardian:PrismaticBeam","Guardian:Gem_Cyan"],"picked":"Guardian:PiercingHide","floor":5},{"not_picked":["Guardian:Planning","Guardian:Gem_White"],"picked":"Guardian:StasisField","floor":6},{"not_picked":["Guardian:Recover","Guardian:Gem_Cyan"],"picked":"Guardian:Reroute","floor":9},{"not_picked":["Guardian:Gem_Red","Guardian:ShieldCharger"],"picked":"Guardian:PrimingBeam","floor":11},{"not_picked":["Guardian:StasisField","Guardian:Gem_Cyan"],"picked":"Guardian:BronzeOrb","floor":14},{"not_picked":["Guardian:Reroute","Guardian:CrystalBeam"],"picked":"Guardian:TemporalStrike","floor":15},{"not_picked":["Guardian:Gem_Orange","Guardian:FastForward"],"picked":"Guardian:SphericShield","floor":16},{"not_picked":["Guardian:CrystalBeam+1","Guardian:SpikerProtocol"],"picked":"Guardian:PolyBeam","floor":19},{"not_picked":["Guardian:Incinerate","Guardian:Repulse"],"picked":"Guardian:TemporalShield+1","floor":20}],"player_experience":70353,"relics_obtained":[{"floor":2,"key":"LetterFromLob"},{"floor":6,"key":"Sundial"},{"floor":7,"key":"Onion Ring"},{"floor":10,"key":"hubris:MedicalManual"},{"floor":14,"key":"ReplayFunnel"}],"event_choices":[{"damage_healed":0,"gold_gain":0,"player_choice":"Disagree","damage_taken":0,"max_hp_gain":0,"max_hp_loss":0,"event_name":"conspire:LoneGhost","floor":12,"gold_loss":0}],"is_beta":true,"boss_relics":[{"not_picked":["Ring of Chaos","ReplayTheSpireMod:DimensionalGlitch"],"picked":"vexMod:MysteryBossChallenge"}],"items_purged_floors":[],"is_endless":false,"potions_floor_spawned":[6,9,14,15,20],"killed_by":"downfall:LadyInBlue","ascension_level":0}}