{"host":"k85tjwrh7mjrrc9a","time":1609275674,"event":{"mods":["AchievementEnabler","BaseMod","Colored Powertips","Highlight Path","Minty Spire (QoL Compilation)","Rare Cards Sparkle","StSLib"],"gold_per_floor":[110,60,60,60,73,98,115,63,63,80,80,106,119,138,138,243,243,261,461,474,486,486,486],"floor_reached":22,"playtime":1567,"items_purged":[],"score":208,"play_id":"4a65e5b3-74e7-4388-9d6e-5eba319dd2a9","local_time":"20201229160114","is_ascension_mode":true,"campfire_choices":[{"floor":11,"key":"REST"},{"floor":15,"key":"REST"}],"circlet_count":0,"master_deck":["Strike_B","Strike_B","Strike_B","Strike_B","Defend_B","Defend_B","Defend_B","Defend_B","Zap","Dualcast","Redo+1","Redo","Coolheaded","Sweeping Beam","Doom and Gloom+1","Hologram","Lockon+1","Seek","Hologram","Go for the Eyes+1","Leap"],"relics":["Cracked Core","Torii","NlothsMask","Darkstone Periapt","Molten Egg 2","Black Star"],"acts_visited":["Exordium","TheCity"],"potions_floor_usage":[21,22],"damage_taken":[{"damage":1,"enemies":"Small Slimes","floor":1,"turns":3},{"damage":0,"enemies":"Cultist","floor":5,"turns":2},{"damage":30,"enemies":"3 Sentries","floor":6,"turns":6},{"damage":2,"enemies":"Jaw Worm","floor":7,"turns":3},{"damage":10,"enemies":"Exordium Thugs","floor":10,"turns":4},{"damage":26,"enemies":"Lagavulin","floor":12,"turns":8},{"damage":1,"enemies":"Large Slime","floor":13,"turns":5},{"damage":2,"enemies":"Blue Slaver","floor":14,"turns":3},{"damage":25,"enemies":"The Guardian","floor":16,"turns":10},{"damage":2,"enemies":"Chosen","floor":18,"turns":4},{"damage":36,"enemies":"3 Byrds","floor":20,"turns":5},{"damage":30,"enemies":"Snake Plant","floor":21,"turns":5},{"damage":8,"enemies":"Centurion and Healer","floor":22,"turns":5}],"seed_played":"2420867828093514314","potions_obtained":[{"floor":1,"key":"GamblersBrew"},{"floor":6,"key":"DistilledChaos"}],"is_trial":false,"path_per_floor":["M","?","?","?","M","E","M","$","T","M","R","E","M","M","R","B",null,"M","?","M","M","M"],"character_chosen":"DEFECT","items_purchased":["Sweeping Beam"],"campfire_rested":2,"item_purchase_floors":[8],"current_hp_per_floor":[74,72,72,72,72,42,40,40,40,30,51,25,24,22,43,18,72,70,70,34,4,0,0],"gold":486,"neow_bonus":"ONE_RARE_RELIC","is_daily":false,"chose_seed":false,"campfire_upgraded":0,"win_rate":0.0,"timestamp":1609275674,"path_taken":["M","?","?","?","?","E","M","?","T","M","R","E","M","M","R","BOSS","M","?","?","M","M"],"items_purchased_type":["Card"],"build_version":"2020-12-22","purchased_purges":0,"victory":false,"max_hp_per_floor":[75,72,72,72,72,72,72,72,72,72,72,72,72,72,72,72,72,72,72,72,72,72,72],"card_choices":[{"not_picked":["Steam","Streamline"],"picked":"Redo","floor":1},{"not_picked":["Heatsinks","Cold Snap"],"picked":"Redo","floor":5},{"not_picked":["Aggregate","Tempest","Cold Snap"],"picked":"SKIP","floor":6},{"not_picked":["Streamline","Lockon"],"picked":"Coolheaded","floor":7},{"not_picked":["Reboot","Hello World","Melter"],"picked":"SKIP","floor":10},{"not_picked":["Streamline+1","Leap"],"picked":"Doom and Gloom+1","floor":12},{"not_picked":["Steam","Cold Snap+1"],"picked":"Hologram","floor":13},{"not_picked":["Beam Cell+1","Hello World"],"picked":"Lockon+1","floor":14},{"not_picked":["Electrodynamics","Thunder Strike+1"],"picked":"Seek","floor":16},{"not_picked":["Sweeping Beam+1","Stack"],"picked":"Hologram","floor":18},{"not_picked":["Beam Cell+1","Fusion"],"picked":"Go for the Eyes+1","floor":20},{"not_picked":["Self Repair","Streamline+1"],"picked":"Leap","floor":21}],"player_experience":92720,"relics_obtained":[{"floor":6,"key":"Darkstone Periapt"},{"floor":12,"key":"Molten Egg 2"}],"event_choices":[{"cards_removed":["Parasite"],"damage_healed":0,"gold_gain":0,"player_choice":"Card Removal","damage_taken":0,"max_hp_gain":0,"max_hp_loss":0,"event_name":"The Cleric","floor":2,"gold_loss":50},{"damage_healed":0,"gold_gain":0,"player_choice":"Grow","damage_taken":0,"max_hp_gain":0,"max_hp_loss":0,"event_name":"Living Wall","floor":3,"gold_loss":0,"cards_upgraded":["Redo"]},{"damage_healed":0,"gold_gain":0,"player_choice":"Trade","damage_taken":0,"relics_obtained":["NlothsMask"],"max_hp_gain":0,"max_hp_loss":0,"event_name":"FaceTrader","floor":4,"gold_loss":0},{"damage_healed":0,"gold_gain":250,"player_choice":"Bet on Owner","damage_taken":0,"max_hp_gain":0,"max_hp_loss":0,"event_name":"The Joust","floor":19,"gold_loss":50}],"is_beta":false,"boss_relics":[{"not_picked":["FrozenCore","Runic Pyramid"],"picked":"Black Star"}],"items_purged_floors":[],"is_endless":false,"potions_floor_spawned":[1,6],"killed_by":"Centurion and Healer","ascension_level":1}}