{"host":"j45ucdvl5ntpx4kf","time":1609261516,"event":{"mods":["AchievementEnabler","BaseMod","Bestiary","Colored Map","Colored Powertips","Downfall","Minty Spire (QoL Compilation)","StSLib"],"gold_per_floor":[99,114,130,230,248,261,284,302,44,69,89,89,101,153,172,273,273,198,198,198,198],"floor_reached":19,"playtime":1258,"items_purged":[],"score":171,"play_id":"0152771f-0132-4135-9478-83856e15bfe9","local_time":"20201229120516","is_ascension_mode":false,"campfire_choices":[{"data":"champ:Taunt","floor":1.0,"key":"SMITH"},{"data":"champ:EnragedBash","floor":18.0,"key":"SMITH"}],"circlet_count":0,"master_deck":["champ:Strike+1","champ:Defend","champ:Defend","champ:Defend","champ:Defend","champ:Execute+1","champ:Taunt+1","champ:AdrenalArmor","champ:Balance","champ:EnragedBash+1","champ:BringItOn","champ:LastStand","champ:AdrenalArmor","champ:Backstep","champ:FanOfKnives","champ:SwordThrow","champ:HeavySlash+1","champ:DefensiveStyle+1","champ:FlashCut+1"],"relics":["champ:ChampionCrown","champ:FightingForDummies","White Beast Statue","Regal Pillow","Boot","Whetstone","Astrolabe","downfall:HeartBlessingGreen"],"acts_visited":["Exordium","TheCity"],"potions_floor_usage":[],"damage_taken":[{"damage":11.0,"enemies":"Jaw Worm","floor":2.0,"turns":5.0},{"damage":10.0,"enemies":"Cultist","floor":3.0,"turns":4.0},{"damage":5.0,"enemies":"2 Louse","floor":5.0,"turns":4.0},{"damage":19.0,"enemies":"Blue Slaver","floor":6.0,"turns":6.0},{"damage":19.0,"enemies":"Exordium Wildlife","floor":8.0,"turns":5.0},{"damage":16.0,"enemies":"downfall:FleeingMerchant","floor":9.0,"turns":4.0},{"damage":40.0,"enemies":"3 Sentries","floor":10.0,"turns":10.0},{"damage":2.0,"enemies":"Gremlin Gang","floor":11.0,"turns":2.0},{"damage":18.0,"enemies":"Large Slime","floor":13.0,"turns":8.0},{"damage":7.0,"enemies":"Blue Slaver","floor":15.0,"turns":3.0},{"damage":62.0,"enemies":"downfall:Ironclad","floor":16.0,"turns":10.0},{"damage":0,"enemies":"3 Byrds","floor":19,"turns":1}],"seed_played":"-4348692585879354540","potions_obtained":[{"floor":3.0,"key":"Swift Potion"},{"floor":6.0,"key":"ColorlessPotion"},{"floor":10.0,"key":"SkillPotion"},{"floor":11.0,"key":"CultistPotion"},{"floor":13.0,"key":"DuplicationPotion"},{"floor":16.0,"key":"hexamod:EctoCoolerPotion"}],"is_trial":false,"path_per_floor":["R","M","M","?","M","M","T","M","$","E","M","?","M","T","M","B",null,"R","M"],"character_chosen":"THE_CHAMP","items_purchased":["White Beast Statue"],"campfire_rested":0,"item_purchase_floors":[9],"current_hp_per_floor":[90,89,89,89,86,86,86,86,86,78,78,66,66,66,66,25,90,90,90,90,90],"gold":198,"neow_bonus":"REMOVE_CARD","is_daily":false,"chose_seed":false,"campfire_upgraded":2,"win_rate":0.0,"timestamp":1609261516,"path_taken":["R","M","M","?","?","M","T","M","$","E","M","?","M","?","M","BOSS","R","M"],"items_purchased_type":["Relic"],"build_version":"2020-12-22","purchased_purges":0,"victory":false,"max_hp_per_floor":[90,90,90,90,90,90,90,90,90,90,90,90,90,90,90,90,90,90,90,90,90],"card_choices":[{"not_picked":["champ:CrookedStrike","champ:FanOfKnives"],"picked":"champ:AdrenalArmor","floor":2.0},{"not_picked":["champ:ViciousMockery","champ:BringItOn"],"picked":"champ:Balance","floor":3.0},{"not_picked":["champ:FlashCut","champ:GladiatorsShout"],"picked":"champ:IgnorePain","floor":5.0},{"not_picked":["champ:BladeFlurry","champ:BringItOn"],"picked":"champ:EnragedBash","floor":6.0},{"not_picked":["champ:BringItOn","champ:CrookedStrike","champ:Haymaker"],"picked":"SKIP","floor":8.0},{"not_picked":["champ:CrookedStrike","champ:Haymaker"],"picked":"champ:BringItOn","floor":8.0},{"not_picked":["champ:AdrenalArmor","champ:FocusedDefense","champ:MurderStrike"],"picked":"SKIP","floor":9.0},{"not_picked":["champ:FanOfKnives","champ:FalseCounter"],"picked":"champ:LastStand","floor":10.0},{"not_picked":["champ:FanOfKnives","champ:BringItOn"],"picked":"champ:AdrenalArmor","floor":11.0},{"not_picked":["champ:Circumvent","champ:BladeFlurry"],"picked":"champ:Backstep","floor":13.0},{"not_picked":["champ:DefensiveShout","champ:Haymaker"],"picked":"champ:FanOfKnives","floor":15.0},{"not_picked":["champ:HoldFirm","champ:IgnorePain"],"picked":"champ:SwordThrow","floor":16.0}],"player_experience":152214,"relics_obtained":[{"floor":7.0,"key":"champ:FightingForDummies"},{"floor":10.0,"key":"Regal Pillow"},{"floor":14.0,"key":"Whetstone"}],"event_choices":[{"damage_healed":0.0,"max_hp_gain":0.0,"max_hp_loss":0.0,"gold_gain":0.0,"event_name":"Scrap Ooze","player_choice":"Success","floor":12.0,"gold_loss":0.0,"damage_taken":12.0,"relics_obtained":["Boot"]}],"is_beta":false,"boss_relics":[{"not_picked":["Black Star","Pandora\u0027s Box"],"picked":"Astrolabe"}],"items_purged_floors":[],"is_endless":false,"potions_floor_spawned":[3,6,10,11,13,15,16],"killed_by":"3 Byrds","ascension_level":0}}