{"host":"yq9dmb6jykv04g7m","time":1609248896,"event":{"mods":["Aspiration","BaseMod","Colored Map","Colored Powertips","Hubris","Infinite Spire","Minty Spire (QoL Compilation)","MostiFishMod","Rare Cards Sparkle","Replay The Spire","Spicy Shops","StSLib","SuperFastMode","【功能Mod】聪明的最终Boss"],"gold_per_floor":[114,114,134,234,251,277,277,277,347,36,53,69,99,113,113,214,214,233,233,248,248,258,258,288,288,333,333,359,359,389,314,314,417,417,432,447,461,236,254,254,285,285,311,326,354,354,354,354,354,354,354,354,17,46,46],"floor_reached":56,"playtime":3311,"items_purged":["infinitespire:Pacifist","Defend_B","Defend_B","Defend_B"],"score":1741,"play_id":"46b59cd8-4b42-48d5-b87f-916e4fb39d2a","local_time":"20201229213456","is_ascension_mode":true,"campfire_choices":[{"data":"MostiFishMod:FluxCapactior","floor":7.0,"key":"SMITH"},{"data":"MostiFishMod:PerfectForm","floor":15.0,"key":"SMITH"},{"data":"MostiFishMod:DawningShadow","floor":23.0,"key":"SMITH"},{"data":"Loop","floor":25.0,"key":"SMITH"},{"floor":27.0,"key":"RECALL"},{"data":"Dualcast","floor":32.0,"key":"SMITH"},{"data":"MostiFishMod:ActiveDefenseSystem","floor":40.0,"key":"SMITH"},{"data":"Zap","floor":42,"key":"SMITH"},{"data":"Time Bomb","floor":49,"key":"SMITH"},{"data":"Glacier","floor":52,"key":"SMITH"}],"circlet_count":0,"master_deck":["Strike_B","Strike_B","Strike_B","Zap+1","Multi-Cast+1","MostiFishMod:FluxCapactior+1","Time Bomb+1","MostiFishMod:ActiveDefenseSystem+1","MostiFishMod:PerfectForm+1","Glacier+1","Loop+1","MostiFishMod:DawningShadow+1","ReplayTheSpireMod:Reroute Power","Time Bomb+1","hubris:DuctTapeCard","MostiFishMod:ReadyAimFire+1","White Noise","Lockon"],"relics":["Cracked Core","DaveBox","aspiration:Nostalgia","infinitespire:DarkRift","SynthV:TestCard","Transparent","infinitespire:FocusingShard","infinitespire:SolderingIron","MutagenicStrength","Pen Nib","hubris:Metronome","aspiration:HummingbirdHeart","Red Mask","SlaversCollar","hubris:DuctTape"],"acts_visited":["Exordium","TheCity","TheBeyond","TheEnding"],"potions_floor_usage":[],"damage_taken":[{"damage":2.0,"enemies":"Jaw Worm","floor":1.0,"turns":3.0},{"damage":1.0,"enemies":"Cultist","floor":3.0,"turns":3.0},{"damage":17.0,"enemies":"Small Slimes","floor":5.0,"turns":2.0},{"damage":35.0,"enemies":"Lagavulin","floor":6.0,"turns":4.0},{"damage":7.0,"enemies":"Exordium Wildlife","floor":11.0,"turns":5.0},{"damage":27.0,"enemies":"3 Louse","floor":12.0,"turns":4.0},{"damage":7.0,"enemies":"Gremlin Nob","floor":13.0,"turns":1.0},{"damage":15.0,"enemies":"Exordium Thugs","floor":14.0,"turns":4.0},{"damage":14.0,"enemies":"Fading Forest","floor":16.0,"turns":11.0},{"damage":28.0,"enemies":"Shell Parasite","floor":18.0,"turns":4.0},{"damage":18.0,"enemies":"Spheric Guardian","floor":20.0,"turns":4.0},{"damage":9.0,"enemies":"Cultist and Chosen","floor":22.0,"turns":5.0},{"damage":18.0,"enemies":"Nightmare","floor":24.0,"turns":6.0},{"damage":10.0,"enemies":"Gremlin Leader","floor":28.0,"turns":5.0},{"damage":16.0,"enemies":"Masked Bandits","floor":30.0,"turns":4.0},{"damage":8.0,"enemies":"Champ","floor":33.0,"turns":6.0},{"damage":17.0,"enemies":"3 Darklings","floor":35.0,"turns":5.0},{"damage":17.0,"enemies":"3 Shapes","floor":36.0,"turns":4.0},{"damage":16.0,"enemies":"Writhing Mass","floor":37.0,"turns":5.0},{"damage":16.0,"enemies":"Sphere and 2 Shapes","floor":39.0,"turns":5.0},{"damage":11.0,"enemies":"R_Hoarder","floor":41.0,"turns":4.0},{"damage":8,"enemies":"3 Darklings","floor":44,"turns":3},{"damage":21,"enemies":"Nightmare","floor":45,"turns":5},{"damage":17,"enemies":"Time Eater","floor":50,"turns":13},{"damage":18,"enemies":"Shield and Spear","floor":54,"turns":3},{"damage":23,"enemies":"The Heart","floor":55,"turns":5}],"seed_played":"-3546670103835519431","potions_obtained":[{"floor":1.0,"key":"Swift Potion"},{"floor":11.0,"key":"SpeedPotion"},{"floor":13.0,"key":"Energy Potion"}],"is_trial":false,"path_per_floor":["M","?","M","?","M","E","R","?","T","$","M","M","E","M","R","B",null,"M","?","M","?","M","R","NM","R","T","R","E","?","?","$","R","B",null,"M","M","M","$","M","R","E","R","T","M","NM","?","?","?","R","B",null,"R","$","E","B",null],"character_chosen":"DEFECT","items_purchased":["MostiFishMod:ActiveDefenseSystem","MostiFishMod:PerfectForm","White Noise"],"campfire_rested":0,"item_purchase_floors":[10,10,53],"current_hp_per_floor":[66,66,65,65,75,75,75,75,75,75,75,75,75,75,75,75,75,75,61,80,80,80,80,80,80,80,80,80,80,80,80,80,80,80,80,80,80,80,80,80,80,80,80,80,80,80,80,80,80,80,80,80,80,80,80],"gold":46,"neow_bonus":"NOSTALGIA","is_daily":false,"chose_seed":false,"campfire_upgraded":9,"win_rate":0.0,"timestamp":1609248896,"path_taken":["M","?","M","?","?","E","R","?","T","?","M","M","E","?","R","BOSS","M","?","M","?","M","R","NM","R","T","R","E","?","?","$","R","BOSS","M","M","M","$","M","R","E","R","T","M","NM","?","?","?","R","BOSS","R","$","E","BOSS"],"items_purchased_type":["Card","Card","Card"],"build_version":"2020-12-22","purchased_purges":4,"victory":true,"max_hp_per_floor":[75,75,75,75,75,75,75,75,75,75,75,75,75,75,75,75,75,75,80,80,80,80,80,80,80,80,80,80,80,80,80,80,80,80,80,80,80,80,80,80,80,80,80,80,80,80,80,80,80,80,80,80,80,80,80],"card_choices":[{"not_picked":["Gash","BasicCrystalCard","Cold Snap"],"picked":"SKIP","floor":1.0},{"not_picked":["Rebound","Cold Snap","Coolheaded","Go for the Eyes"],"picked":"MostiFishMod:FluxCapactior","floor":3.0},{"not_picked":["Heatsinks","Redo","Leap","FTL"],"picked":"Time Bomb","floor":5.0},{"not_picked":["hubris:Ukulele","Rebound","Recycle","Hologram","MostiFishMod:Hijack"],"picked":"SKIP","floor":6.0},{"not_picked":["Skim","Leap","Panic Button","Steam"],"picked":"Glacier","floor":11.0},{"not_picked":["Heatsinks","ReplayTheSpireMod:System Scan","ReplayGash","Stack","ReplayTheSpireMod:GoodbyeWorld"],"picked":"SKIP","floor":12.0},{"not_picked":["MostiFishMod:Culaccino","MostiFishMod:PushDownKick","Gash","Streamline"],"picked":"Loop","floor":13.0},{"not_picked":["Turbo","Gash","Ball Lightning","Panic Button","Storm"],"picked":"SKIP","floor":14.0},{"not_picked":["Turbo","Gash","Ball Lightning","Panic Button","Storm"],"picked":"SKIP","floor":14.0},{"not_picked":["hubris:SpecializedCircuitry","Reboot","Multi-Cast","Core Surge"],"picked":"MostiFishMod:DawningShadow","floor":16.0},{"not_picked":["MostiFishMod:PushDownKick","Redo","Reprogram","Sweeping Beam"],"picked":"ReplayTheSpireMod:Reroute Power","floor":18.0},{"not_picked":["Ball Lightning+1","Compile Driver","ReplaySort","Leap"],"picked":"Time Bomb","floor":20.0},{"not_picked":["Rebound+1","Sweeping Beam+1","Leap+1","Streamline","BasicCrystalCard"],"picked":"SKIP","floor":22.0},{"not_picked":["Steam","Redo","hubris:PowerSurge","MostiFishMod:PushDownKick","All For One"],"picked":"SKIP","floor":24.0},{"not_picked":["Hello World","Rebound+1","Recycle","Panic Button","Coolheaded"],"picked":"SKIP","floor":28.0},{"not_picked":["ReplayTheSpireMod:Reroute Power+1","hubris:Ukulele+1","Beam Cell+1","Redo"],"picked":"Double Energy+1","floor":35.0},{"not_picked":["White Noise","ReplayTheSpireMod:Reroute Power+1","Steam","Skim","Go for the Eyes"],"picked":"SKIP","floor":36.0},{"not_picked":["Redo","Sweeping Beam+1","Auto Shields","Go for the Eyes","MostiFishMod:PushDownKick"],"picked":"SKIP","floor":37.0},{"not_picked":["Streamline","Coolheaded","Redo+1","Recycle+1","Steam"],"picked":"SKIP","floor":39.0},{"not_picked":["Hologram+1","Chaos","Steam","Rip and Tear","Redo"],"picked":"SKIP","floor":41},{"not_picked":["Hologram+1","Chaos","Steam","Rip and Tear","Redo"],"picked":"SKIP","floor":41},{"not_picked":["ReplayTheSpireMod:Reroute Power+1","Stack","Double Energy","MostiFishMod:GatherIntelligence","Sweeping Beam"],"picked":"SKIP","floor":44},{"not_picked":["Go for the Eyes","Doom and Gloom","Rebound","Melter"],"picked":"MostiFishMod:ReadyAimFire","floor":45},{"not_picked":["Tempest+1","Redo","BasicCrystalCard+1","ReplayTheSpireMod:GoodbyeWorld"],"picked":"Lockon","floor":54}],"player_experience":105643,"relics_obtained":[{"floor":1.0,"key":"SynthV:TestCard"},{"floor":6.0,"key":"infinitespire:FocusingShard"},{"floor":13.0,"key":"infinitespire:SolderingIron"},{"floor":26.0,"key":"Pen Nib"},{"floor":28.0,"key":"hubris:Metronome"},{"floor":30.0,"key":"Red Mask"},{"floor":41,"key":"hubris:DuctTape"}],"event_choices":[{"damage_healed":0.0,"max_hp_gain":0.0,"max_hp_loss":0.0,"gold_gain":100.0,"event_name":"Golden Shrine","player_choice":"Pray","floor":4.0,"gold_loss":0.0,"damage_taken":0.0},{"damage_healed":0.0,"max_hp_gain":5.0,"max_hp_loss":0.0,"gold_gain":0.0,"event_name":"Forgotten Altar","player_choice":"Shed Blood","floor":19.0,"gold_loss":0.0,"damage_taken":19.0},{"damage_healed":0.0,"max_hp_gain":0.0,"max_hp_loss":0.0,"gold_gain":0.0,"event_name":"Drug Dealer","player_choice":"Inject Mutagens","floor":21.0,"gold_loss":0.0,"damage_taken":0.0,"relics_obtained":["MutagenicStrength"]},{"damage_healed":0.0,"max_hp_gain":0.0,"max_hp_loss":0.0,"gold_gain":0.0,"event_name":"Masked Bandits","player_choice":"Fought Bandits","floor":30.0,"gold_loss":0.0,"damage_taken":0.0},{"damage_healed":0,"gold_gain":0,"player_choice":"Forge","damage_taken":0,"max_hp_gain":0,"max_hp_loss":0,"event_name":"Accursed Blacksmith","floor":48,"gold_loss":0,"cards_upgraded":["Time Bomb"]}],"is_beta":false,"boss_relics":[{"not_picked":["Runic Pyramid","Painkiller Herb","hubris:HollowSoul"]},{"not_picked":["RhineFirstAidKit","aspiration:IroncladSkillbook"],"picked":"SlaversCollar"}],"items_purged_floors":[31,38,38,53],"is_endless":false,"potions_floor_spawned":[1,11,13,14,16,20,22,30,36,39,45],"ascension_level":6}}