{"host":"no0bdlpxzp7bzzks","time":1609202203,"event":{"mods":["BaseMod","Better Match","Block Reminder","Colored Map","Curses Come First","DeckTracker","Filter the Spire","Highlight Path","Key Reminder","Minty Spire (QoL Compilation)","Permanent Neow","Relic Sorter","Relic Stats","StSLib","The Saiyan"],"gold_per_floor":[93,93,93,93,118,118,161,35,61,61,80,111,147,2,2,123,123,146,166,166,182,201,240,240,281,352,395,395,395,4,17,17,142,142,165,11,34,34,48,48,48,48],"floor_reached":41,"playtime":4664,"items_purged":["Saiyan:SAIYA_Defend"],"score":607,"play_id":"bc05be92-a244-4098-ba9f-9886df79d661","local_time":"20201228183643","is_ascension_mode":true,"campfire_choices":[{"floor":6,"key":"DIG"},{"floor":10,"key":"DIG"},{"floor":15,"key":"DIG"},{"floor":24,"key":"RECALL"},{"data":"Saiyan:Rekindle","floor":29,"key":"SMITH"},{"floor":32,"key":"DIG"},{"floor":40,"key":"DIG"}],"circlet_count":0,"master_deck":["Saiyan:SAIYA_Strike","Saiyan:SAIYA_Strike","Saiyan:SAIYA_Defend+1","Saiyan:SAIYA_Defend","Saiyan:EnergyBlast","Saiyan:KaioKen","Saiyan:RuthlessBlow","Saiyan:Expend","Saiyan:Makankosappo","Saiyan:Quickening+1","Saiyan:PowerUp","Saiyan:Flurry+1","Saiyan:Quickening","Saiyan:SoulSpice","Saiyan:GhostAttack","Saiyan:Planning","Saiyan:KameHameHa+1","Saiyan:DragonFist+1","Saiyan:UltraInstinct+1","Saiyan:Rekindle+1","Saiyan:KiExplosion","Saiyan:SolarFlare+1","Saiyan:Honing+1","Saiyan:TurtleShell","Saiyan:Furor","Saiyan:SenzuBean+1","Saiyan:Quickening+1"],"relics":["SaiyanSoul","Kunai","Medical Kit","Orichalcum","Incense Burner","Nunchaku","keyreminder:keyreminder","SaiyanHeart","Shovel","Golden Idol","Vajra","Pantograph","War Paint","Ancient Tea Set","Odd Mushroom","Sozu","Gambling Chip","CaptainsWheel","Toxic Egg 2","Blood Vial","PreservedInsect","Lantern","Regal Pillow","Philosopher\u0027s Stone","Boot","Juzu Bracelet","Whetstone","Bag of Preparation","Toy Ornithopter"],"acts_visited":["Exordium","TheCity","TheBeyond"],"potions_floor_usage":[12,12,13,16,16,18],"damage_taken":[{"damage":0,"enemies":"Small Slimes","floor":1,"turns":2},{"damage":0,"enemies":"2 Louse","floor":5,"turns":2},{"damage":15,"enemies":"3 Sentries","floor":7,"turns":5},{"damage":0,"enemies":"Jaw Worm","floor":11,"turns":2},{"damage":0,"enemies":"Lagavulin","floor":12,"turns":4},{"damage":0,"enemies":"The Mushroom Lair","floor":13,"turns":2},{"damage":5,"enemies":"The Guardian","floor":16,"turns":9},{"damage":9,"enemies":"Spheric Guardian","floor":18,"turns":6},{"damage":3,"enemies":"Shell Parasite","floor":19,"turns":5},{"damage":7,"enemies":"Snake Plant","floor":21,"turns":5},{"damage":18,"enemies":"Shelled Parasite and Fungi","floor":22,"turns":8},{"damage":6,"enemies":"Gremlin Leader","floor":23,"turns":8},{"damage":14,"enemies":"Slavers","floor":25,"turns":7},{"damage":0,"enemies":"Gremlin Leader","floor":27,"turns":7},{"damage":0,"enemies":"Cultist and Chosen","floor":31,"turns":3},{"damage":11,"enemies":"Champ","floor":33,"turns":11},{"damage":6,"enemies":"3 Shapes","floor":35,"turns":7},{"damage":15,"enemies":"Orb Walker","floor":37,"turns":6},{"damage":2,"enemies":"Maw","floor":39,"turns":11},{"damage":81,"enemies":"Giant Head","floor":41,"turns":13}],"seed_played":"4218317161058172762","potions_obtained":[{"floor":5,"key":"FearPotion"},{"floor":11,"key":"DuplicationPotion"},{"floor":12,"key":"EntropicBrew"},{"floor":16,"key":"ColorlessPotion"}],"is_trial":false,"path_per_floor":["M","?","?","?","M","R","E","$","T","R","M","E","?","$","R","B",null,"M","M","?","M","M","E","R","E","T","E","?","R","$","M","R","B",null,"M","$","M","T","M","R","E"],"character_chosen":"SAIYAJIN","items_purchased":["Saiyan:PowerUp","Medical Kit","Saiyan:Honing+1","Saiyan:TurtleShell","PreservedInsect","Lantern","Juzu Bracelet"],"campfire_rested":0,"item_purchase_floors":[8,14,30,30,30,30,36],"current_hp_per_floor":[62,44,29,22,23,23,9,9,9,9,10,11,12,12,12,33,68,60,58,58,54,37,33,33,21,21,22,22,22,22,24,24,42,81,75,75,63,63,66,66,0,0],"gold":48,"neow_bonus":"REMOVE_CARD","is_daily":false,"chose_seed":false,"campfire_upgraded":1,"win_rate":0.0,"timestamp":1609202203,"path_taken":["M","?","?","?","M","R","E","$","T","R","M","E","?","?","R","BOSS","M","M","?","M","M","E","R","E","T","E","?","R","?","M","R","BOSS","M","$","M","?","M","R","E"],"items_purchased_type":["Card","Relic","Card","Card","Relic","Relic","Relic"],"build_version":"2020-12-22","purchased_purges":1,"victory":false,"max_hp_per_floor":[62,62,62,62,63,63,64,64,64,64,65,66,67,67,67,68,68,69,70,70,73,74,76,76,78,78,79,79,79,79,79,79,81,81,81,81,82,82,85,85,87,87],"relic_stats":{"Regal Pillow":0,"counters":[20,123],"Golden Idol":137,"PreservedInsect":125,"Juzu Bracelet":0,"Bag of Preparation":[4],"Whetstone":["Saiyan:Flurry","Saiyan:DragonFist"],"Orichalcum":[210],"War Paint":["Saiyan:Quickening","Saiyan:SAIYA_Defend"],"Medical Kit":[20],"Boot":[9],"Sozu":7,"Blood Vial":10,"Nunchaku":[1],"Shovel":5,"Pantograph":50,"Gambling Chip":[37],"Kunai":[24],"obtain_stats":[{"Lantern":30,"Regal Pillow":32,"Vajra":6,"Incense Burner":28,"Juzu Bracelet":36,"Bag of Preparation":38,"Whetstone":37,"Ancient Tea Set":12,"Boot":35,"Sozu":17,"Blood Vial":27,"Nunchaku":39,"Shovel":2,"Pantograph":7,"Gambling Chip":23,"Philosopher\u0027s Stone":34,"Kunai":10,"Toxic Egg 2":26,"Golden Idol":3,"PreservedInsect":30,"SaiyanHeart":0,"War Paint":9,"Odd Mushroom":13,"Orichalcum":15,"Medical Kit":14,"keyreminder:keyreminder":12,"CaptainsWheel":25,"SaiyanSoul":0,"Toy Ornithopter":40},{"Lantern":14,"Regal Pillow":15,"Vajra":2,"Incense Burner":14,"Juzu Bracelet":17,"Bag of Preparation":18,"Whetstone":18,"Ancient Tea Set":5,"Boot":17,"Sozu":7,"Blood Vial":14,"Nunchaku":19,"Shovel":1,"Pantograph":3,"Gambling Chip":12,"Philosopher\u0027s Stone":16,"Kunai":3,"Toxic Egg 2":13,"Golden Idol":1,"PreservedInsect":14,"SaiyanHeart":0,"War Paint":3,"Odd Mushroom":6,"Orichalcum":6,"Medical Kit":6,"keyreminder:keyreminder":5,"CaptainsWheel":13,"SaiyanSoul":0,"Toy Ornithopter":19},{"Lantern":72,"Regal Pillow":75,"Vajra":4,"Incense Burner":72,"Juzu Bracelet":93,"Bag of Preparation":99,"Whetstone":99,"Ancient Tea Set":15,"Boot":93,"Sozu":26,"Blood Vial":72,"Nunchaku":110,"Shovel":2,"Pantograph":9,"Gambling Chip":58,"Philosopher\u0027s Stone":86,"Kunai":9,"Toxic Egg 2":65,"Golden Idol":2,"PreservedInsect":72,"SaiyanHeart":0,"War Paint":9,"Odd Mushroom":17,"Orichalcum":17,"Medical Kit":17,"keyreminder:keyreminder":15,"CaptainsWheel":65,"SaiyanSoul":0,"Toy Ornithopter":110}],"Toy Ornithopter":0},"card_choices":[{"not_picked":["Saiyan:DoubleMasenko","Saiyan:MeteorDash"],"picked":"Saiyan:Expend","floor":1},{"not_picked":["Saiyan:MeteorDash","Saiyan:AugmentedBlast"],"picked":"Saiyan:Makankosappo","floor":5},{"not_picked":["Saiyan:BackAttack","Saiyan:PlotArmor"],"picked":"Saiyan:Quickening","floor":7},{"not_picked":["Saiyan:PowerPole","Saiyan:PressOn"],"picked":"Saiyan:Flurry","floor":11},{"not_picked":["Saiyan:Makankosappo","Saiyan:RemoveWeights"],"picked":"Saiyan:Quickening","floor":12},{"not_picked":["Saiyan:ReverberatingForce","Saiyan:SaiyanHubris"],"picked":"Saiyan:SoulSpice","floor":13},{"not_picked":["Saiyan:MonkeyTail","Saiyan:Momentum"],"picked":"Saiyan:GhostAttack","floor":16},{"not_picked":["Saiyan:SaiyanHubris","Saiyan:Scouter"],"picked":"Saiyan:Planning","floor":18},{"not_picked":["Saiyan:RemoveWeights","Saiyan:PowerPole"],"picked":"Saiyan:KameHameHa+1","floor":19},{"not_picked":["Saiyan:Expend+1","Saiyan:BigBangAttack"],"picked":"Saiyan:DragonFist","floor":21},{"not_picked":["Saiyan:KiExplosion+1","Saiyan:MeteorDash"],"picked":"Saiyan:UltraInstinct+1","floor":22},{"not_picked":["Saiyan:Furor","Saiyan:DragonRadar"],"picked":"Saiyan:Rekindle","floor":23},{"not_picked":["Saiyan:FingerParry","Saiyan:Flurry"],"picked":"Saiyan:KiExplosion","floor":25},{"not_picked":["Saiyan:PressOn+1","Saiyan:TurtleShell"],"picked":"Saiyan:SolarFlare+1","floor":27},{"not_picked":["Saiyan:Flurry","Saiyan:KameHameHa+1"],"picked":"Saiyan:Furor","floor":31},{"not_picked":["Saiyan:Rekindle+1","Saiyan:TheBomb+1"],"picked":"Saiyan:SenzuBean+1","floor":33},{"not_picked":["Saiyan:FingerParry+1","Saiyan:BackAttack","Saiyan:Flurry+1"],"picked":"SKIP","floor":35},{"not_picked":["Saiyan:TurtleShell","Saiyan:LastResort+1"],"picked":"Saiyan:Quickening+1","floor":37},{"not_picked":["Saiyan:BackAttack+1","Saiyan:PowerStance","Saiyan:RemoveWeights+1"],"picked":"SKIP","floor":39}],"player_experience":74631,"relics_obtained":[{"floor":6,"key":"Vajra"},{"floor":7,"key":"Pantograph"},{"floor":9,"key":"War Paint"},{"floor":10,"key":"Kunai"},{"floor":12,"key":"Ancient Tea Set"},{"floor":13,"key":"Odd Mushroom"},{"floor":15,"key":"Orichalcum"},{"floor":23,"key":"Gambling Chip"},{"floor":25,"key":"CaptainsWheel"},{"floor":26,"key":"Toxic Egg 2"},{"floor":27,"key":"Blood Vial"},{"floor":32,"key":"Regal Pillow"},{"floor":35,"key":"Boot"},{"floor":37,"key":"Whetstone"},{"floor":38,"key":"Bag of Preparation"},{"floor":39,"key":"Nunchaku"},{"floor":40,"key":"Toy Ornithopter"}],"event_choices":[{"damage_healed":0,"gold_gain":0,"player_choice":"Success","damage_taken":18,"relics_obtained":["Shovel"],"max_hp_gain":0,"max_hp_loss":0,"event_name":"Scrap Ooze","floor":2,"gold_loss":0},{"damage_healed":0,"gold_gain":0,"player_choice":"Take Damage","damage_taken":15,"relics_obtained":["Golden Idol"],"max_hp_gain":0,"max_hp_loss":0,"event_name":"Golden Idol","floor":3,"gold_loss":0},{"cards_removed":["Saiyan:SAIYA_Strike"],"damage_healed":0,"gold_gain":0,"player_choice":"Card Removal","damage_taken":7,"max_hp_gain":0,"max_hp_loss":0,"event_name":"Golden Wing","floor":4,"gold_loss":0},{"damage_healed":0,"gold_gain":0,"player_choice":"Fought Mushrooms","damage_taken":0,"max_hp_gain":0,"max_hp_loss":0,"event_name":"Mushrooms","floor":13,"gold_loss":0},{"cards_removed":["Saiyan:SAIYA_Strike"],"damage_healed":0,"gold_gain":0,"player_choice":"Elegance","damage_taken":0,"max_hp_gain":0,"max_hp_loss":0,"event_name":"Back to Basics","floor":20,"gold_loss":0},{"damage_healed":0,"gold_gain":0,"player_choice":"Opened","damage_taken":0,"relics_obtained":["Incense Burner"],"max_hp_gain":0,"max_hp_loss":0,"event_name":"The Mausoleum","floor":28,"gold_loss":0}],"is_beta":false,"boss_relics":[{"not_picked":["Tiny House","Snecko Eye"],"picked":"Sozu"},{"not_picked":["Runic Pyramid","Astrolabe"],"picked":"Philosopher\u0027s Stone"}],"items_purged_floors":[8],"is_endless":false,"potions_floor_spawned":[5,11,12,16,19,22,23,25,33,35,37],"killed_by":"Giant Head","ascension_level":1}}