{"host":"kh6fvhxn285ncg0o","time":1609225769,"event":{"mods":["Act Like it!","BaseMod","Colored Map","Friendly Minions","Keyboard Shortcuts","Minty Spire (QoL Compilation)","Quick Restart","Relic Stats","StSLib","SuperFastMode"],"gold_per_floor":[118,136,136,136,61,86,86,117,117,117,37,57,90,104,104,176,176,190,221,240,68,68,68,68,86,113,130,52,98,127,137,137,212,212,223,223,223,238,286,319,319,354,354,365,395,420,439,468,468,468,468,468,468,85,113,113],"floor_reached":57,"playtime":1843,"items_purged":["Defend_R"],"score":3387,"play_id":"32bc5308-1b2a-4d07-91b9-036c6797b185","local_time":"20201229160929","is_ascension_mode":true,"campfire_choices":[{"data":"Body Slam","floor":7.0,"key":"SMITH"},{"data":"Fire Breathing","floor":15.0,"key":"SMITH"},{"floor":23,"key":"REST"},{"data":"Entrench","floor":32,"key":"SMITH"},{"data":"Apotheosis","floor":41,"key":"SMITH"},{"floor":49,"key":"RECALL"},{"data":"Feel No Pain","floor":53,"key":"SMITH"}],"circlet_count":0,"master_deck":["AscendersBane","Defend_R","Defend_R","Body Slam+1","Shrug It Off","Feel No Pain+1","Fire Breathing+1","Burning Pact","Barricade","Battle Trance+1","Rage","Disarm","Entrench+1","Shockwave","Impatience","Flash of Steel","Apotheosis+1","Evolve"],"relics":["Burning Blood","NeowsBlessing","HornCleat","Regal Pillow","Question Card","Singing Bowl","Runic Dome","Red Mask","Medical Kit","Art of War","Pen Nib","Thread and Needle","Empty Cage","Magic Flower","Kunai","Torii","The Courier","Pantograph","Ice Cream","Bronze Scales","Toy Ornithopter","Lantern","Nunchaku"],"acts_visited":["Exordium","TheCity","TheBeyond","TheEnding"],"potions_floor_usage":[19,19,30,42,56,56],"damage_taken":[{"damage":0.0,"enemies":"Jaw Worm","floor":1.0,"turns":1.0},{"damage":0.0,"enemies":"Small Slimes","floor":2.0,"turns":1.0},{"damage":0.0,"enemies":"Lagavulin","floor":6.0,"turns":2.0},{"damage":0.0,"enemies":"Gremlin Nob","floor":8.0,"turns":2.0},{"damage":0.0,"enemies":"2 Louse","floor":12.0,"turns":3.0},{"damage":42.0,"enemies":"Lagavulin","floor":13.0,"turns":7.0},{"damage":6.0,"enemies":"Blue Slaver","floor":14.0,"turns":4.0},{"damage":36.0,"enemies":"Hexaghost","floor":16.0,"turns":10.0},{"damage":17.0,"enemies":"Shell Parasite","floor":18.0,"turns":8.0},{"damage":37,"enemies":"Masked Bandits","floor":19,"turns":6},{"damage":0,"enemies":"Chosen","floor":20,"turns":4},{"damage":0,"enemies":"3 Cultists","floor":25,"turns":5},{"damage":0,"enemies":"Chosen and Byrds","floor":27,"turns":5},{"damage":5,"enemies":"Book of Stabbing","floor":30,"turns":4},{"damage":0,"enemies":"Snecko","floor":31,"turns":4},{"damage":0,"enemies":"Automaton","floor":33,"turns":4},{"damage":6,"enemies":"Orb Walker","floor":35,"turns":6},{"damage":5,"enemies":"3 Shapes","floor":38,"turns":3},{"damage":4,"enemies":"2 Orb Walkers","floor":39,"turns":4},{"damage":0,"enemies":"Nemesis","floor":40,"turns":7},{"damage":71,"enemies":"Reptomancer","floor":42,"turns":5},{"damage":0,"enemies":"Maw","floor":44,"turns":6},{"damage":1,"enemies":"Nemesis","floor":45,"turns":5},{"damage":0,"enemies":"Mind Bloom Boss Battle","floor":46,"turns":6},{"damage":23,"enemies":"Transient","floor":47,"turns":6},{"damage":0,"enemies":"Giant Head","floor":48,"turns":3},{"damage":1,"enemies":"Time Eater","floor":50,"turns":4},{"damage":9,"enemies":"Awakened One","floor":51,"turns":6},{"damage":13,"enemies":"Shield and Spear","floor":55,"turns":3},{"damage":0,"enemies":"The Heart","floor":56,"turns":6}],"seed_played":"-6647981197595445922","potions_obtained":[{"floor":1.0,"key":"LiquidMemories"},{"floor":13.0,"key":"Block Potion"},{"floor":14.0,"key":"Swift Potion"},{"floor":16.0,"key":"LiquidBronze"},{"floor":18.0,"key":"EssenceOfSteel"},{"floor":25,"key":"Weak Potion"},{"floor":27,"key":"ElixirPotion"},{"floor":33,"key":"HeartOfIron"},{"floor":42,"key":"BlessingOfTheForge"},{"floor":47,"key":"HeartOfIron"}],"is_trial":false,"path_per_floor":["M","M","?","?","?","E","R","E","T","T","$","M","E","M","R","B",null,"M","?","M","$","?","R","?","M","T","M","$","T","E","M","R","B",null,"M","?","?","M","?","E","R","E","T","M","E","?","M","E","R","B","B",null,"R","$","E","B",null],"character_chosen":"IRONCLAD","items_purchased":["Fire Breathing","Medical Kit","Entrench","Toy Ornithopter","Lantern","DistilledChaos"],"campfire_rested":1,"item_purchase_floors":[11,21,28,54,54,54],"current_hp_per_floor":[74,75,68,68,68,74,74,75,75,75,75,75,41,43,43,13,63,52,23,31,31,7,48,48,56,56,64,64,64,67,73,73,79,90,92,92,82,85,89,100,100,40,40,51,61,108,96,107,107,112,112,112,112,112,110,114],"gold":113,"neow_bonus":"THREE_ENEMY_KILL","is_daily":false,"chose_seed":false,"campfire_upgraded":5,"win_rate":0.0,"timestamp":1609225769,"path_taken":["M","M","?","?","?","E","R","E","T","?","$","?","E","M","R","BOSS","M","?","M","$","?","R","?","M","T","?","?","?","E","M","R","BOSS","M","?","?","M","?","E","R","E","T","M","E","?","?","E","R","BOSS","BOSS","R","$","E","BOSS"],"items_purchased_type":["Card","Relic","Card","Relic","Relic","Potion"],"build_version":"2020-12-22","purchased_purges":1,"victory":true,"max_hp_per_floor":[75,75,75,75,75,75,75,75,75,75,75,75,77,79,79,79,79,79,81,83,83,88,88,88,90,90,92,92,92,94,94,94,94,94,96,96,96,98,100,102,102,104,104,106,108,108,110,112,112,112,112,112,112,112,114,114],"relic_stats":{"Regal Pillow":15,"Singing Bowl":34,"Torii":7,"counters":[30,140],"Magic Flower":[40],"Pen Nib":[11],"Question Card":26,"Medical Kit":[39],"Burning Blood":180,"Nunchaku":[1],"Pantograph":47,"Bronze Scales":[147],"Art of War":[31],"Kunai":[13],"obtain_stats":[{"Ice Cream":46,"Regal Pillow":8,"Lantern":54,"NeowsBlessing":0,"Singing Bowl":13,"Torii":42,"Magic Flower":39,"Thread and Needle":30,"Pen Nib":29,"The Courier":43,"Question Card":9,"Medical Kit":21,"Empty Cage":34,"Burning Blood":0,"Runic Dome":17,"Nunchaku":55,"HornCleat":6,"Pantograph":45,"Bronze Scales":48,"Red Mask":19,"Art of War":26,"Kunai":40,"Toy Ornithopter":54},{"Ice Cream":24,"Regal Pillow":4,"Lantern":28,"NeowsBlessing":0,"Singing Bowl":6,"Torii":21,"Magic Flower":19,"Thread and Needle":14,"Pen Nib":13,"The Courier":21,"Question Card":4,"Medical Kit":11,"Empty Cage":16,"Burning Blood":0,"Runic Dome":8,"Nunchaku":29,"HornCleat":3,"Pantograph":23,"Bronze Scales":26,"Red Mask":10,"Art of War":12,"Kunai":20,"Toy Ornithopter":28},{"Ice Cream":112,"Regal Pillow":6,"Lantern":131,"NeowsBlessing":0,"Singing Bowl":16,"Torii":95,"Magic Flower":83,"Thread and Needle":62,"Pen Nib":58,"The Courier":95,"Question Card":6,"Medical Kit":48,"Empty Cage":70,"Burning Blood":0,"Runic Dome":30,"Nunchaku":134,"HornCleat":4,"Pantograph":106,"Bronze Scales":121,"Red Mask":44,"Art of War":53,"Kunai":90,"Toy Ornithopter":131}],"Toy Ornithopter":0},"card_choices":[{"not_picked":["Inflame","Heavy Blade"],"picked":"Body Slam","floor":1.0},{"not_picked":["Havoc","Combust"],"picked":"Shrug It Off","floor":2.0},{"not_picked":["Brutality","Iron Wave","Perfected Strike"],"picked":"SKIP","floor":6.0},{"not_picked":["Iron Wave","Exhume"],"picked":"Feel No Pain","floor":8.0},{"not_picked":["Clash","Entrench","Hemokinesis"],"picked":"Burning Pact","floor":12.0},{"not_picked":["Fire Breathing","Perfected Strike","Thunderclap","Wild Strike"],"picked":"Singing Bowl","floor":13.0},{"not_picked":["Wild Strike","Flex","Cleave","Carnage"],"picked":"Singing Bowl","floor":14.0},{"not_picked":["Impervious","Juggernaut","Brutality"],"picked":"Barricade","floor":16.0},{"not_picked":["True Grit","Cleave","Anger"],"picked":"Battle Trance+1","floor":18.0},{"not_picked":["Perfected Strike","Headbutt","Wild Strike","Cleave"],"picked":"Singing Bowl","floor":19},{"not_picked":["Clash","Twin Strike","Metallicize","Pommel Strike"],"picked":"Singing Bowl","floor":20},{"not_picked":["Blood for Blood","Rupture","Anger","Infernal Blade"],"picked":"Singing Bowl","floor":25},{"not_picked":["Cleave+1","Sever Soul","Wild Strike+1","Perfected Strike"],"picked":"Singing Bowl","floor":27},{"not_picked":["Juggernaut","Shrug It Off","Demon Form","Exhume"],"picked":"Singing Bowl","floor":30},{"not_picked":["Perfected Strike","Havoc","Sword Boomerang"],"picked":"Shockwave","floor":31},{"not_picked":["Corruption","Bludgeon","Demon Form"],"picked":"Immolate","floor":33},{"not_picked":["Twin Strike","Body Slam+1","Cleave","Rage"],"picked":"Singing Bowl","floor":35},{"not_picked":["Secret Weapon","Discovery","Good Instincts"],"picked":"Impatience","floor":37},{"not_picked":["Blind","Madness","Secret Weapon"],"picked":"Flash of Steel","floor":37},{"not_picked":["Discovery","Dark Shackles","Chrysalis"],"picked":"Apotheosis","floor":37},{"not_picked":["Battle Trance","Clash","Shrug It Off","Burning Pact"],"picked":"Singing Bowl","floor":38},{"not_picked":["Dual Wield+1","Clothesline","Anger","Infernal Blade"],"picked":"Singing Bowl","floor":39},{"not_picked":["Perfected Strike","Wild Strike+1","Thunderclap+1","Metallicize+1"],"picked":"Singing Bowl","floor":40},{"not_picked":["Blood for Blood+1","Carnage+1","Iron Wave","Twin Strike+1"],"picked":"Singing Bowl","floor":42},{"not_picked":["Warcry","Twin Strike","Spot Weakness+1","True Grit"],"picked":"Singing Bowl","floor":44},{"not_picked":["Metallicize","True Grit","Wild Strike","Anger"],"picked":"Singing Bowl","floor":45},{"not_picked":["Searing Blow+1","Havoc","Body Slam"],"picked":"Evolve","floor":46},{"not_picked":["Headbutt","Double Tap","Body Slam","Metallicize"],"picked":"Singing Bowl","floor":47},{"not_picked":["Searing Blow","Flex","Iron Wave","Rage"],"picked":"Singing Bowl","floor":48},{"not_picked":["Shrug It Off+1","Armaments","Pommel Strike","Iron Wave"],"picked":"Singing Bowl","floor":55}],"player_experience":3304294,"relics_obtained":[{"floor":6.0,"key":"HornCleat"},{"floor":8.0,"key":"Regal Pillow"},{"floor":9.0,"key":"Question Card"},{"floor":13.0,"key":"Singing Bowl"},{"floor":19,"key":"Red Mask"},{"floor":26,"key":"Art of War"},{"floor":29,"key":"Pen Nib"},{"floor":30,"key":"Thread and Needle"},{"floor":39,"key":"Magic Flower"},{"floor":40,"key":"Kunai"},{"floor":42,"key":"Torii"},{"floor":43,"key":"The Courier"},{"floor":45,"key":"Pantograph"},{"floor":46,"key":"Ice Cream"},{"floor":48,"key":"Bronze Scales"},{"floor":55,"key":"Nunchaku"}],"event_choices":[{"cards_removed":["Strike_R"],"damage_healed":0.0,"max_hp_gain":0.0,"max_hp_loss":0.0,"gold_gain":0.0,"event_name":"Golden Wing","player_choice":"Card Removal","floor":3.0,"gold_loss":0.0,"damage_taken":7.0},{"cards_removed":["Strike_R"],"damage_healed":0.0,"max_hp_gain":0.0,"max_hp_loss":0.0,"gold_gain":0.0,"event_name":"Living Wall","player_choice":"Forget","floor":4.0,"gold_loss":0.0,"damage_taken":0.0},{"cards_removed":["Strike_R"],"damage_healed":0.0,"max_hp_gain":0.0,"max_hp_loss":0.0,"gold_gain":0.0,"event_name":"The Cleric","player_choice":"Card Removal","floor":5.0,"gold_loss":75.0,"damage_taken":0.0},{"damage_healed":0,"gold_gain":0,"player_choice":"Fought Bandits","damage_taken":0,"max_hp_gain":0,"max_hp_loss":0,"event_name":"Masked Bandits","floor":19,"gold_loss":0},{"damage_healed":0,"gold_gain":0,"player_choice":"Shed Blood","damage_taken":29,"max_hp_gain":5,"max_hp_loss":0,"event_name":"Forgotten Altar","floor":22,"gold_loss":0},{"damage_healed":0,"gold_gain":0,"cards_transformed":["Strike_R","Strike_R"],"player_choice":"Became Test Subject","damage_taken":0,"max_hp_gain":0,"max_hp_loss":0,"event_name":"Drug Dealer","floor":24,"gold_loss":0,"cards_obtained":["Rage","Disarm"]},{"cards_removed":["Immolate"],"damage_healed":0,"gold_gain":0,"player_choice":"Removed Attack","damage_taken":0,"max_hp_gain":0,"max_hp_loss":0,"event_name":"Falling","floor":36,"gold_loss":0},{"damage_healed":0,"gold_gain":0,"player_choice":"Memory 3","damage_taken":10,"max_hp_gain":0,"max_hp_loss":0,"event_name":"SensoryStone","floor":37,"gold_loss":0},{"damage_healed":0,"gold_gain":0,"player_choice":"Fight","damage_taken":0,"max_hp_gain":0,"max_hp_loss":0,"event_name":"Mysterious Sphere","floor":39,"gold_loss":0},{"damage_healed":0,"gold_gain":0,"player_choice":"Fight","damage_taken":0,"max_hp_gain":0,"max_hp_loss":0,"event_name":"MindBloom","floor":46,"gold_loss":0}],"is_beta":false,"boss_relics":[{"not_picked":["Pandora\u0027s Box","Velvet Choker"],"picked":"Runic Dome"},{"not_picked":["Snecko Eye","Astrolabe"],"picked":"Empty Cage"}],"items_purged_floors":[54],"is_endless":false,"potions_floor_spawned":[1,13,14,16,18,25,27,33,38,39,40,42,47],"ascension_level":20}}