{"host":"2yqfi47fogfu1ic4","time":1609258076,"event":{"mods":["AchievementEnabler","BaseMod","Colored Map","Colored Powertips","Highlight Path","Minty Spire (QoL Compilation)","Permanent Neow","Relic Stats","StSLib"],"gold_per_floor":[115,115,129,129,54,54,54,54,54,67,67,78,105,122,122,193,193,211,224,224,242,252,279,279,279,279,279,279,311,2,28,28,105,105,123,135,155,155,173,208,208,235,235,13,50,50,79,79,79,79,79,79,79,29,70,70],"floor_reached":57,"playtime":9733,"items_purged":["Strike_G","Parasite"],"score":3246,"play_id":"f1d34940-09ca-4493-a010-013cdb8cd494","local_time":"20201229170756","is_ascension_mode":true,"campfire_choices":[{"data":"1","floor":6.0,"key":"LIFT"},{"data":"2","floor":8.0,"key":"LIFT"},{"data":"3","floor":11.0,"key":"LIFT"},{"data":"Terror","floor":15.0,"key":"SMITH"},{"data":"Adrenaline","floor":24.0,"key":"SMITH"},{"floor":27.0,"key":"REST"},{"data":"Well Laid Plans","floor":32.0,"key":"SMITH"},{"data":"Leg Sweep","floor":41,"key":"SMITH"},{"floor":46,"key":"RECALL"},{"data":"After Image","floor":49,"key":"SMITH"},{"data":"Neutralize","floor":53,"key":"SMITH"}],"circlet_count":0,"master_deck":["AscendersBane","Strike_G+1","Strike_G+1","Strike_G","Defend_G","Defend_G","Defend_G","Defend_G","Survivor","Neutralize+1","CurseOfTheBell","Terror+1","Backstab","Backflip","Backflip","Leg Sweep+1","Blade Dance","Adrenaline+1","Deflect+1","PiercingWail","Endless Agony","Blade Dance","Blur","After Image+1","Backflip+1","Well Laid Plans+1","Night Terror+1","Burst+1","Blur+1","Adrenaline+1","Acrobatics+1","Escape Plan+1","Dagger Throw+1","Blade Dance+1","Backflip+1","Caltrops+1","Choke+1","PiercingWail+1"],"relics":["Calling Bell","Blood Vial","Gremlin Horn","Girya","Kunai","The Courier","Black Star","Tough Bandages","MealTicket","Nilry\u0027s Codex","Toxic Egg 2","Toy Ornithopter","Lantern","Shuriken","PreservedInsect","Philosopher\u0027s Stone","Smiling Mask","Oddly Smooth Stone","Ginger","CaptainsWheel","Frozen Eye","CeramicFish","Whetstone","Boot","Bottled Tornado"],"acts_visited":["Exordium","TheCity","TheBeyond","TheEnding"],"potions_floor_usage":[33,33,37,55,56,56],"damage_taken":[{"damage":25.0,"enemies":"Jaw Worm","floor":1.0,"turns":11.0},{"damage":4.0,"enemies":"Small Slimes","floor":3.0,"turns":4.0},{"damage":0.0,"enemies":"2 Louse","floor":10.0,"turns":1.0},{"damage":0.0,"enemies":"Large Slime","floor":12.0,"turns":3.0},{"damage":8.0,"enemies":"Lagavulin","floor":13.0,"turns":7.0},{"damage":0.0,"enemies":"Lots of Slimes","floor":14.0,"turns":4.0},{"damage":0.0,"enemies":"The Guardian","floor":16.0,"turns":12.0},{"damage":2.0,"enemies":"3 Byrds","floor":18.0,"turns":6.0},{"damage":1.0,"enemies":"Shell Parasite","floor":19.0,"turns":5.0},{"damage":0.0,"enemies":"Shelled Parasite and Fungi","floor":21.0,"turns":3.0},{"damage":9.0,"enemies":"Snecko","floor":22.0,"turns":5.0},{"damage":23.0,"enemies":"Slavers","floor":23.0,"turns":9.0},{"damage":0.0,"enemies":"Gremlin Leader","floor":29.0,"turns":4.0},{"damage":27.0,"enemies":"Slavers","floor":31.0,"turns":6.0},{"damage":16,"enemies":"Collector","floor":33,"turns":21},{"damage":0,"enemies":"Orb Walker","floor":35,"turns":3},{"damage":20,"enemies":"3 Shapes","floor":36,"turns":5},{"damage":0,"enemies":"Sphere and 2 Shapes","floor":37,"turns":4},{"damage":6,"enemies":"Writhing Mass","floor":39,"turns":10},{"damage":0,"enemies":"Reptomancer","floor":40,"turns":5},{"damage":0,"enemies":"Giant Head","floor":42,"turns":5},{"damage":0,"enemies":"Nemesis","floor":45,"turns":5},{"damage":0,"enemies":"Maw","floor":47,"turns":5},{"damage":8,"enemies":"Time Eater","floor":50,"turns":16},{"damage":0,"enemies":"Awakened One","floor":51,"turns":17},{"damage":50,"enemies":"Shield and Spear","floor":55,"turns":9},{"damage":15,"enemies":"The Heart","floor":56,"turns":14}],"seed_played":"2887568343717668732","potions_obtained":[{"floor":12.0,"key":"BlessingOfTheForge"},{"floor":13.0,"key":"FearPotion"},{"floor":14.0,"key":"SteroidPotion"},{"floor":22.0,"key":"SteroidPotion"},{"floor":23.0,"key":"SteroidPotion"},{"floor":31.0,"key":"Regen Potion"},{"floor":33,"key":"SteroidPotion"},{"floor":39,"key":"Energy Potion"},{"floor":45,"key":"Dexterity Potion"},{"floor":47,"key":"Weak Potion"},{"floor":55,"key":"Strength Potion"}],"is_trial":false,"path_per_floor":["M","?","M","?","?","R","?","R","T","M","R","M","E","M","R","B",null,"M","M","?","M","M","E","R","?","T","R","?","E","$","E","R","B",null,"M","M","M","?","M","E","R","E","T","$","E","R","M","?","R","B","B",null,"R","$","E","B",null],"character_chosen":"THE_SILENT","items_purchased":["Well Laid Plans","Night Terror+1","Burst+1","Frozen Eye","Backflip+1"],"campfire_rested":1,"item_purchase_floors":[30,30,30,44,44],"current_hp_per_floor":[36,29,27,27,27,27,66,66,66,66,66,66,58,60,60,62,65,64,65,65,66,57,36,36,15,15,34,34,36,51,26,26,37,59,61,43,50,50,46,48,48,50,50,63,63,63,63,63,63,55,57,62,62,60,10,7],"gold":70,"neow_bonus":"BOSS_RELIC","is_daily":false,"chose_seed":false,"campfire_upgraded":6,"win_rate":0.0,"timestamp":1609258076,"path_taken":["M","?","M","?","?","R","?","R","T","M","R","M","E","?","R","BOSS","M","?","?","M","M","E","R","?","T","R","?","E","$","E","R","BOSS","M","M","M","?","M","E","R","E","T","$","E","R","M","?","R","BOSS","BOSS","R","$","E","BOSS"],"items_purchased_type":["Card","Card","Card","Relic","Card"],"build_version":"2020-12-22","purchased_purges":2,"victory":true,"max_hp_per_floor":[66,66,66,66,66,66,66,66,66,66,66,66,66,66,66,66,66,66,66,66,66,66,66,66,66,66,66,66,66,66,66,66,66,66,66,66,66,63,63,63,63,63,63,63,63,63,63,63,63,63,63,63,63,60,60,60],"relic_stats":{"Gremlin Horn":[37,37],"counters":[27,199],"CeramicFish":27,"PreservedInsect":350,"Ginger":[9],"Whetstone":["Strike_G","Strike_G"],"Smiling Mask":40,"Boot":[0],"Blood Vial":36,"Tough Bandages":[129],"Shuriken":[83],"MealTicket":29,"Black Star":7,"Kunai":[118],"obtain_stats":[{"Lantern":29,"Gremlin Horn":0,"Nilry\u0027s Codex":25,"CeramicFish":45,"Ginger":42,"Whetstone":45,"Bottled Tornado":55,"Smiling Mask":40,"Boot":55,"Blood Vial":0,"Frozen Eye":44,"Tough Bandages":23,"MealTicket":23,"Philosopher\u0027s Stone":34,"Kunai":9,"Toxic Egg 2":26,"Ring of the Snake":0,"Girya":0,"Oddly Smooth Stone":40,"The Courier":13,"PreservedInsect":31,"Calling Bell":0,"CaptainsWheel":42,"Shuriken":31,"Black Star":17,"Toy Ornithopter":29},{"Lantern":13,"Gremlin Horn":0,"Nilry\u0027s Codex":12,"CeramicFish":22,"Ginger":21,"Whetstone":22,"Bottled Tornado":26,"Smiling Mask":20,"Boot":26,"Blood Vial":0,"Frozen Eye":21,"Tough Bandages":12,"MealTicket":12,"Philosopher\u0027s Stone":15,"Kunai":2,"Toxic Egg 2":12,"Ring of the Snake":0,"Girya":0,"Oddly Smooth Stone":20,"The Courier":5,"PreservedInsect":14,"Calling Bell":0,"CaptainsWheel":21,"Shuriken":14,"Black Star":7,"Toy Ornithopter":13},{"Lantern":74,"Gremlin Horn":0,"Nilry\u0027s Codex":70,"CeramicFish":138,"Ginger":133,"Whetstone":138,"Bottled Tornado":185,"Smiling Mask":128,"Boot":185,"Blood Vial":0,"Frozen Eye":133,"Tough Bandages":70,"MealTicket":70,"Philosopher\u0027s Stone":101,"Kunai":15,"Toxic Egg 2":70,"Ring of the Snake":0,"Girya":0,"Oddly Smooth Stone":128,"The Courier":26,"PreservedInsect":80,"Calling Bell":0,"CaptainsWheel":133,"Shuriken":80,"Black Star":42,"Toy Ornithopter":74}],"Toy Ornithopter":25},"card_choices":[{"not_picked":["Infinite Blades","Escape Plan"],"picked":"Terror","floor":1.0},{"not_picked":["Cloak And Dagger","PiercingWail"],"picked":"Backstab","floor":3.0},{"not_picked":["Masterful Stab","Outmaneuver"],"picked":"Backflip","floor":10.0},{"not_picked":["Prepared","Bouncing Flask"],"picked":"Backflip","floor":12.0},{"not_picked":["Infinite Blades","Calculated Gamble"],"picked":"Leg Sweep","floor":13.0},{"not_picked":["Underhanded Strike","Acrobatics"],"picked":"Blade Dance","floor":14.0},{"not_picked":["Corpse Explosion","Tools of the Trade"],"picked":"Adrenaline","floor":16.0},{"not_picked":["Quick Slash","Reflex"],"picked":"Deflect+1","floor":18.0},{"not_picked":["Poisoned Stab","Slice"],"picked":"PiercingWail","floor":19.0},{"not_picked":["Flying Knee+1","Calculated Gamble"],"picked":"Endless Agony","floor":21.0},{"not_picked":["Distraction","Cloak And Dagger"],"picked":"Blade Dance","floor":22.0},{"not_picked":["Slice","Flying Knee+1"],"picked":"Blur","floor":23.0},{"not_picked":["Slice","Prepared+1"],"picked":"Backflip+1","floor":29.0},{"not_picked":["Bane","Storm of Steel+1"],"picked":"Blur+1","floor":31.0},{"not_picked":["Burst+1","After Image"],"picked":"Adrenaline+1","floor":33},{"not_picked":["Sucker Punch","Finisher","Infinite Blades"],"picked":"SKIP","floor":35},{"not_picked":["Deflect+1","Cloak And Dagger+1"],"picked":"Acrobatics+1","floor":36},{"not_picked":["Flying Knee","Calculated Gamble+1"],"picked":"Escape Plan+1","floor":37},{"not_picked":["Tactician+1","Sucker Punch+1","Deflect+1"],"picked":"SKIP","floor":39},{"not_picked":["Tactician+1","Sucker Punch+1","Deflect+1"],"picked":"SKIP","floor":39},{"not_picked":["Bane","Bullet Time+1"],"picked":"Dagger Throw+1","floor":40},{"not_picked":["Slice","Noxious Fumes+1"],"picked":"Blade Dance+1","floor":42},{"not_picked":["Dagger Throw","Dagger Spray"],"picked":"Caltrops+1","floor":45},{"not_picked":["Quick Slash+1","Dagger Throw"],"picked":"Choke+1","floor":47},{"not_picked":["Predator","Well Laid Plans"],"picked":"PiercingWail+1","floor":55}],"player_experience":1932914,"relics_obtained":[{"floor":0.0,"key":"Blood Vial"},{"floor":0.0,"key":"Gremlin Horn"},{"floor":0.0,"key":"Girya"},{"floor":9.0,"key":"Kunai"},{"floor":13.0,"key":"The Courier"},{"floor":23.0,"key":"Tough Bandages"},{"floor":23.0,"key":"MealTicket"},{"floor":25.0,"key":"Nilry\u0027s Codex"},{"floor":26.0,"key":"Toxic Egg 2"},{"floor":29.0,"key":"Toy Ornithopter"},{"floor":29.0,"key":"Lantern"},{"floor":31.0,"key":"Shuriken"},{"floor":31.0,"key":"PreservedInsect"},{"floor":40,"key":"Smiling Mask"},{"floor":40,"key":"Oddly Smooth Stone"},{"floor":42,"key":"Ginger"},{"floor":42,"key":"CaptainsWheel"},{"floor":45,"key":"CeramicFish"},{"floor":45,"key":"Whetstone"},{"floor":55,"key":"Boot"},{"floor":55,"key":"Bottled Tornado"}],"event_choices":[{"cards_removed":["Defend_G"],"damage_healed":0.0,"max_hp_gain":0.0,"max_hp_loss":0.0,"gold_gain":0.0,"event_name":"Golden Wing","player_choice":"Card Removal","floor":2.0,"gold_loss":0.0,"damage_taken":7.0},{"damage_healed":0.0,"max_hp_gain":0.0,"max_hp_loss":0.0,"gold_gain":0.0,"event_name":"Shining Light","player_choice":"Ignored","floor":4.0,"gold_loss":0.0,"damage_taken":0.0},{"cards_removed":["Strike_G"],"damage_healed":0.0,"max_hp_gain":0.0,"max_hp_loss":0.0,"gold_gain":0.0,"event_name":"The Cleric","player_choice":"Card Removal","floor":5.0,"gold_loss":75.0,"damage_taken":0.0},{"damage_healed":39.0,"max_hp_gain":0.0,"max_hp_loss":0.0,"gold_gain":0.0,"event_name":"Wheel of Change","player_choice":"Full Heal","floor":7.0,"gold_loss":0.0,"damage_taken":0.0},{"damage_healed":0.0,"max_hp_gain":0.0,"max_hp_loss":0.0,"gold_gain":0.0,"event_name":"Ghosts","player_choice":"Ignored","floor":20.0,"gold_loss":0.0,"damage_taken":0.0},{"damage_healed":0.0,"max_hp_gain":0.0,"max_hp_loss":0.0,"gold_gain":0.0,"event_name":"Cursed Tome","player_choice":"Obtained Book","floor":25.0,"gold_loss":0.0,"damage_taken":21.0},{"damage_healed":0.0,"max_hp_gain":0.0,"max_hp_loss":0.0,"gold_gain":0.0,"event_name":"The Library","player_choice":"Read","floor":28.0,"gold_loss":0.0,"damage_taken":0.0,"cards_obtained":["After Image"]},{"damage_healed":0,"gold_gain":0,"player_choice":"Max HP","damage_taken":0,"max_hp_gain":0,"max_hp_loss":3,"event_name":"Winding Halls","floor":38,"gold_loss":0},{"damage_healed":0,"gold_gain":0,"player_choice":"Ignored","damage_taken":0,"max_hp_gain":0,"max_hp_loss":0,"event_name":"Tomb of Lord Red Mask","floor":48,"gold_loss":0}],"is_beta":false,"boss_relics":[{"not_picked":["Empty Cage","Busted Crown"],"picked":"Black Star"},{"not_picked":["Pandora\u0027s Box","SacredBark"],"picked":"Philosopher\u0027s Stone"}],"items_purged_floors":[44,54],"is_endless":false,"potions_floor_spawned":[12,13,14,18,22,23,31,33,39,45,47,55],"ascension_level":20}}