{"host":"l9d4bclu8pwa3q15","time":1609226901,"event":{"mods":["Act Like it!","BaseMod","Better Altar","Better Match","Better Note","Better Sensory Stone","Better Skull","BetterRewards","Colored Map","Colored Powertips","Downfall","Emptier Cage","Gensokyo","GifTheSpireLib","Keyboard Shortcuts","Koishi","KomeijiMod","Lobotomy","LobotomyExtend","Minty Spire (QoL Compilation)","Quick Restart","Rare Cards Sparkle","Relic Sorter","Remilia_Scarlet Moed（蕾米莉亚・斯卡雷特）3.3.5","Replay The Spire","Spicy Shops","StSLib","The Alterego","UnlockEverythingMod","Waifu the Spire","WarShipGirlsR/战舰少女R mod","Yakumo Yukari mod","Youmu（魂魄妖梦）","Yuyuko"],"gold_per_floor":[99,113,222,15,42,60,86,110,110,110,132,132,168,192,217,328,337,337,337,366,375,114,123,148,157,146,166,188,213,240,299,324,324,324,324],"floor_reached":33,"playtime":2601,"items_purged":["Injury"],"score":247,"play_id":"10eb6924-50d8-4f18-85d5-51621d57b8aa","local_time":"20201229152821","is_ascension_mode":false,"campfire_choices":[{"floor":9,"key":"REST"},{"floor":12,"key":"REST"},{"floor":18,"key":"RECALL"}],"circlet_count":0,"master_deck":["Guardian:Strike_Guardian","Guardian:Strike_Guardian","Guardian:Strike_Guardian","Guardian:Defend_Guardian","Guardian:Defend_Guardian","Guardian:Defend_Guardian","Guardian:CurlUp","Guardian:TwinSlam","Guardian:Repulse","Guardian:SpikerProtocol","Guardian:BaubleBeam","Guardian:ShieldSpikes","Guardian:ChargeUp","Guardian:HyperBeam_Guardian+1","CurseOfTheBell","Pot Of Greed","Guardian:ShieldCharger","Guardian:PrismaticBeam","Shame","Guardian:StasisStrike","Guardian:SphericShield","Guardian:TimeCapacitor","Guardian:Gem_Purple","Guardian:Gem_Green","Guardian:Harden+1","Guardian:Gem_Blue"],"relics":["Guardian:ModeShifter","LetterFromLob","CeramicFish","Boot","Pet Ghost","HandDrill","Sling","Regal Pillow","Centennial Puzzle","PreservedInsect","Replay:Grab Bag","ChewingGum","SlaversCollar","Snecko Eye","Calling Bell","Bronze Scales","Kunai","Ginger","Potion Belt","Nunchaku","Replay:Bottled Eggs"],"acts_visited":["Exordium","TheCity"],"potions_floor_usage":[15,16,22,22,29,33,33,33],"damage_taken":[{"damage":3,"enemies":"Small Slimes","floor":2,"turns":4},{"damage":2,"enemies":"downfall:FleeingMerchant","floor":4,"turns":4},{"damage":4,"enemies":"Cultist","floor":8,"turns":4},{"damage":3,"enemies":"Jaw Worm","floor":11,"turns":3},{"damage":22,"enemies":"Lagavulin","floor":13,"turns":9},{"damage":7,"enemies":"2 Fungi Beasts","floor":14,"turns":4},{"damage":0,"enemies":"Lots of Slimes","floor":15,"turns":2},{"damage":41,"enemies":"downfall:Defect","floor":16,"turns":11},{"damage":8,"enemies":"Spheric Guardian","floor":20,"turns":4},{"damage":0,"enemies":"downfall:FleeingMerchant","floor":22,"turns":4},{"damage":16,"enemies":"3 Byrds","floor":27,"turns":3},{"damage":0,"enemies":"3 Cultists","floor":28,"turns":4},{"damage":10,"enemies":"Centurion and Healer","floor":29,"turns":4},{"damage":0,"enemies":"Chosen and Byrds","floor":30,"turns":4},{"damage":0,"enemies":"Snecko","floor":32,"turns":6},{"damage":27,"enemies":"downfall:Ironclad","floor":33,"turns":9}],"seed_played":"-5714301365622699556","potions_obtained":[{"floor":14,"key":"Explosive Potion"},{"floor":15,"key":"ColorlessPotion"},{"floor":16,"key":"Fire Potion"},{"floor":20,"key":"PowerPotion"},{"floor":27,"key":"Reflective Coating"},{"floor":29,"key":"Fruit Juice"},{"floor":31,"key":"Fire Potion"},{"floor":32,"key":"SkillPotion"}],"is_trial":false,"path_per_floor":["R_BF","M","?","$","T","?","T","M","R","?","M","R","E","M","M","B",null,"R","M","M","?","$","?","T","?","?","M","M","M","M","?","M","B"],"character_chosen":"GUARDIAN","items_purchased":["HandDrill","Sling","Guardian:PrismaticBeam","Potion Belt"],"campfire_rested":2,"item_purchase_floors":[4,4,22,22],"current_hp_per_floor":[88,85,12,10,10,10,10,6,47,47,44,85,63,56,56,15,88,88,88,80,80,80,80,80,80,80,64,64,54,54,19,19,0,0,0],"gold":324,"neow_bonus":"TEN_PERCENT_HP_BONUS","is_daily":false,"chose_seed":false,"campfire_upgraded":0,"win_rate":0.0,"timestamp":1609226901,"path_taken":["R_BF","M","?","?","?","?","T","?","R","?","M","R","E","M","M","BOSS","R","M","M","?","$","?","T","?","?","M","M","?","M","?","M","BOSS"],"items_purchased_type":["Relic","Relic","Card","Relic"],"build_version":"2020-12-22","purchased_purges":1,"victory":false,"max_hp_per_floor":[88,88,88,88,88,88,88,88,88,88,88,88,88,88,88,88,88,88,88,88,88,88,88,88,88,88,88,88,88,88,88,88,93,93,93],"card_choices":[{"not_picked":["Guardian:TemporalStrike","Guardian:Emergency"],"picked":"Guardian:Repulse","floor":2},{"not_picked":["Guardian:FloatingOrbs","Guardian:SentryBeam"],"picked":"Guardian:Gem_Green","floor":4},{"not_picked":["Guardian:WalkerClaw","Guardian:PiercingHide"],"picked":"Guardian:Gem_Lightblue","floor":8},{"not_picked":["Guardian:TimeBomb","Guardian:Gem_Red"],"picked":"Guardian:SpikerProtocol","floor":11},{"not_picked":["Guardian:Preprogram","Guardian:GuardianWhirl"],"picked":"Guardian:BaubleBeam","floor":13},{"not_picked":["Guardian:PiercingHide","Guardian:Recover"],"picked":"Guardian:ShieldSpikes","floor":14},{"not_picked":["Guardian:PiercingHide","Guardian:Emergency"],"picked":"Guardian:ChargeUp","floor":15},{"not_picked":["Guardian:Gem_Synthetic","Guardian:BaubleBeam"],"picked":"Guardian:HyperBeam_Guardian","floor":16},{"not_picked":["Guardian:GuardianWhirl+1","Guardian:Recover"],"picked":"Guardian:Gem_Purple","floor":20},{"not_picked":["Guardian:PiercingHide","Guardian:RollAttack"],"picked":"Guardian:ShieldCharger","floor":22},{"not_picked":[],"picked":"Guardian:StasisStrike","floor":26},{"not_picked":["Guardian:TemporalStrike+1","Guardian:Clone"],"picked":"Guardian:SphericShield","floor":27},{"not_picked":["Guardian:RefractedBeam","Guardian:Planning"],"picked":"Guardian:TimeCapacitor","floor":28},{"not_picked":["Guardian:ShieldSpikes","Guardian:Gem_Lightblue"],"picked":"Guardian:Gem_Purple","floor":29},{"not_picked":["Guardian:Reroute","Guardian:Recover"],"picked":"Guardian:Gem_Green","floor":30},{"not_picked":["Guardian:PrimingBeam+1","Guardian:Suspension"],"picked":"Guardian:Harden+1","floor":31},{"not_picked":["Guardian:ShieldCharger","Guardian:CrystalBeam"],"picked":"Guardian:Gem_Blue","floor":32}],"player_experience":75997,"relics_obtained":[{"floor":2,"key":"LetterFromLob"},{"floor":5,"key":"Regal Pillow"},{"floor":7,"key":"Centennial Puzzle"},{"floor":13,"key":"PreservedInsect"},{"floor":17,"key":"Bronze Scales"},{"floor":17,"key":"Kunai"},{"floor":17,"key":"Ginger"},{"floor":31,"key":"Replay:Bottled Eggs"}],"event_choices":[{"damage_healed":0,"gold_gain":109,"player_choice":"RE RE RE GO ","damage_taken":80,"relics_obtained":["CeramicFish","Boot","Pet Ghost"],"max_hp_gain":0,"max_hp_loss":0,"event_name":"betterSkull:BetterSkull","floor":3,"gold_loss":0,"cards_upgraded":[]},{"cards_removed":["Injury"],"damage_healed":0,"gold_gain":0,"player_choice":"Take \u0026 Give","damage_taken":0,"max_hp_gain":0,"max_hp_loss":0,"event_name":"betterNote:BetterNote","floor":21,"gold_loss":0,"cards_obtained":["Pot Of Greed"]},{"damage_healed":0,"gold_gain":0,"player_choice":"Stole Relic","damage_taken":0,"relics_obtained":["Nunchaku"],"max_hp_gain":0,"max_hp_loss":0,"event_name":"Addict","floor":25,"gold_loss":0,"cards_obtained":["Shame"]}],"is_beta":false,"boss_relics":[{"not_picked":["Fusion Hammer","Ring of Chaos"],"picked":"Replay:Grab Bag"},{"not_picked":["Cursed Key","Velvet Choker"],"picked":"ChewingGum"},{"not_picked":["downfall:Hecktoplasm","Busted Crown"],"picked":"SlaversCollar"},{"not_picked":["Tiny House","Honey Jar"],"picked":"Snecko Eye"},{"not_picked":["Kintsugi","Pandora\u0027s Box"],"picked":"Calling Bell"}],"items_purged_floors":[22],"is_endless":false,"potions_floor_spawned":[14,15,16,20,27,29,32],"killed_by":"downfall:Ironclad","ascension_level":0}}