{"host":"6eqettg8x500vlqx","time":1609240517,"event":{"mods":["Act Like it!","Ascension Reborn","BaseMod","Beaked The Cultist","Colored Powertips","Defuse TimeMaze Blight","Downfall","Energized Spire","Gremlin Mod","GungeonMod","Hallownest","Hubris","Minty Spire (QoL Compilation)","Pale of the Ancients","Quick Restart","READ ME - Guardian Mod","Relic Stats","Replay The Spire","Shop Mod","Spicy Shops","StSLib","The Bug Knight","The Jungle","The Runesmith","Waifu the Spire","vexMod","¡¾ÒÅÎï¿¨ÅÆ¡¿REMEMod","óô»ðÖ¸ÄÏ"],"gold_per_floor":[112,112,112,132,142,142,158,158,158,158,176,176,176,191,191,286,286,302,302,217,12,12,44,44,79,79,79,96,96,115,135,135,230,230,250,1,16,65,78,78,97,128,154,114,127,156,156,174,174,156],"floor_reached":51,"playtime":3236,"items_purged":[],"score":762,"play_id":"8ed4c18f-41ad-4628-834a-1e01d4e8af64","local_time":"20201229191517","is_ascension_mode":true,"campfire_choices":[{"floor":6.0,"key":"REST"},{"data":"REME_EyeOfCthun","floor":8.0,"key":"SMITH"},{"data":"Gremlin:ProperTools","floor":10.0,"key":"SMITH"},{"data":"Gremlin:TwistTheKnife","floor":13.0,"key":"SMITH"},{"data":"Gremlin:Revel","floor":15.0,"key":"SMITH"},{"data":"Gremlin:GremlinDance","floor":32.0,"key":"SMITH"},{"floor":49.0,"key":"REST"}],"circlet_count":0,"master_deck":["Gremlin:Strike+1","Gremlin:Strike+1","Gremlin:Strike+1","Gremlin:Strike+1","Gremlin:Defend+1","Gremlin:Defend+1","Gremlin:Defend+1","Gremlin:Defend+1","Gremlin:TagTeam+1","Gremlin:GremlinDance+1","REME_EyeOfCthun+1","Gremlin:Changeo+1","Gremlin:TwistTheKnife+1","Gremlin:Pretaliation+1","Gremlin:ProperTools+1","Gremlin:Stupend+1","Gremlin:Revel+1","Gremlin:Unforgiving+1","Gremlin:GremlinArms","Gremlin:Kablamo+1","Gremlin:Raid+1","Gremlin:Changeo+1","Gremlin:AggressiveDefense+1","Gremlin:BubbleBarrier+1","Gremlin:GremlinArms+1","Gremlin:Exacerbate","Gremlin:CounterStrike+1","ReplayUltimateDefense+1","Gremlin:Presto+1","Gremlin:FanOfKnives+1","Gremlin:ShowOfHands+1","Gremlin:Rhythm+1","Gremlin:Enthusiasm+1","Gremlin:ToeStub","Gremlin:BulkUp+1","Gremlin:PinNeedle"],"relics":["Gremlin:GremlinKnob","REME_ComplimentaryCards","Eternal Feather","hubris:Icosahedron","vexMod:ImprovementManual","hubris:PeanutButter","Strawberry","Centennial Puzzle","Unceasing Top","hubris:Reverence","vexMod:DeviousBotling","DemoMod:BigBoy","Replay:Baseball","vexMod:MemoryStick","DemoMod:ClearGuonStone","DemoMod:GlassGuonStoneRelic"],"acts_visited":["Exordium","TheCity","TheBeyond"],"potions_floor_usage":[50],"damage_taken":[{"damage":3.0,"enemies":"2 Louse","floor":1.0,"turns":2.0},{"damage":0.0,"enemies":"Small Slimes","floor":4.0,"turns":2.0},{"damage":5.0,"enemies":"Jaw Worm","floor":5.0,"turns":2.0},{"damage":3.0,"enemies":"Large Slime","floor":7.0,"turns":5.0},{"damage":0.0,"enemies":"3 Louse","floor":11.0,"turns":2.0},{"damage":1.0,"enemies":"Blue Slaver","floor":14.0,"turns":3.0},{"damage":16.0,"enemies":"Hexaghost","floor":16.0,"turns":9.0},{"damage":5.0,"enemies":"2 Thieves","floor":18.0,"turns":4.0},{"damage":10.0,"enemies":"Replay:Snechameleon","floor":23.0,"turns":6.0},{"damage":20.0,"enemies":"HollowMod:Nosk","floor":25.0,"turns":7.0},{"damage":0.0,"enemies":"3 Byrds","floor":28.0,"turns":2.0},{"damage":13.0,"enemies":"Snake Plant","floor":30.0,"turns":4.0},{"damage":0.0,"enemies":"Cultist and Chosen","floor":31.0,"turns":6.0},{"damage":72.0,"enemies":"Pondfish","floor":33.0,"turns":12.0},{"damage":0.0,"enemies":"Orb Walker","floor":35.0,"turns":2.0},{"damage":0.0,"enemies":"3 Shapes","floor":37.0,"turns":4.0},{"damage":5.0,"enemies":"2 Orb Walkers","floor":38.0,"turns":6.0},{"damage":0.0,"enemies":"Sphere and 2 Shapes","floor":39.0,"turns":5.0},{"damage":13.0,"enemies":"4 Shapes","floor":41.0,"turns":3.0},{"damage":0.0,"enemies":"Reptomancer","floor":42.0,"turns":4.0},{"damage":0.0,"enemies":"Transient","floor":45.0,"turns":5.0},{"damage":11.0,"enemies":"Giant Head","floor":46.0,"turns":8.0},{"damage":0.0,"enemies":"Sphere and 2 Shapes","floor":48.0,"turns":6.0},{"damage":0,"enemies":"Replay:Hell Engine","floor":50,"turns":16}],"seed_played":"-3327634913449824480","potions_obtained":[{"floor":4.0,"key":"BlessingOfTheForge"},{"floor":7.0,"key":"DemoMod:LeadSkinPotion"},{"floor":14.0,"key":"Elixir"},{"floor":16.0,"key":"Fire Potion"},{"floor":23.0,"key":"Dexterity Potion"},{"floor":25.0,"key":"Regen Potion"}],"is_trial":false,"path_per_floor":["M","?","?","M","M","R","M","R","T","R","M","?","R","M","R","B",null,"M","?","?","$","?","E","$","E","T","R","M","?","M","M","R","B",null,"M","$","M","?","M","R","M","E","T","?","M","E","R","M","R","B",null],"character_chosen":"GREMLIN","items_purchased":["Gremlin:Kablamo+1","Strawberry","ReplayUltimateDefense"],"campfire_rested":2,"item_purchase_floors":[21,21,36],"current_hp_per_floor":[21,22,22,22,17,22,22,22,22,22,22,22,22,21,22,15,22,19,19,19,21,23,20,20,24,24,23,22,22,11,23,23,15,23,23,23,23,18,23,22,14,14,14,14,18,7,21,17,21,20],"gold":156,"neow_bonus":"TEN_PERCENT_HP_BONUS","is_daily":false,"chose_seed":false,"campfire_upgraded":5,"win_rate":0.0,"timestamp":1609240517,"path_taken":["M","?","?","M","M","R","M","R","T","R","M","?","R","M","R","BOSS","M","?","?","$","?","E","?","E","T","R","M","?","M","M","R","BOSS","M","$","M","?","M","R","M","E","T","?","M","E","R","M","R","BOSS"],"items_purchased_type":["Card","Relic","Card"],"build_version":"2020-12-22","purchased_purges":0,"victory":true,"max_hp_per_floor":[21,22,22,22,22,22,22,22,22,22,22,22,22,22,22,22,22,22,22,22,24,24,24,24,24,24,23,23,23,23,23,23,23,23,23,23,23,23,23,22,22,22,22,22,22,22,21,21,21,21],"relic_stats":{"Centennial Puzzle":[18],"counters":[24,125],"Eternal Feather":20,"obtain_stats":[{"vexMod:MemoryStick":43,"DemoMod:BigBoy":38,"Eternal Feather":9,"DemoMod:GlassGuonStoneRelic":4,"Centennial Puzzle":23,"Replay:Baseball":42,"hubris:Icosahedron":12,"Gremlin:GremlinKnob":0,"Strawberry":21,"hubris:PeanutButter":20,"vexMod:DeviousBotling":34,"DemoMod:ClearGuonStone":46,"vexMod:ImprovementManual":17,"Unceasing Top":25,"REME_ComplimentaryCards":0,"hubris:Reverence":26},{"vexMod:MemoryStick":20,"DemoMod:BigBoy":17,"Eternal Feather":4,"DemoMod:GlassGuonStoneRelic":2,"Centennial Puzzle":9,"Replay:Baseball":20,"hubris:Icosahedron":5,"Gremlin:GremlinKnob":0,"Strawberry":8,"hubris:PeanutButter":8,"vexMod:DeviousBotling":14,"DemoMod:ClearGuonStone":22,"vexMod:ImprovementManual":7,"Unceasing Top":10,"REME_ComplimentaryCards":0,"hubris:Reverence":10},{"vexMod:MemoryStick":90,"DemoMod:BigBoy":78,"Eternal Feather":11,"DemoMod:GlassGuonStoneRelic":4,"Centennial Puzzle":35,"Replay:Baseball":90,"hubris:Icosahedron":13,"Gremlin:GremlinKnob":0,"Strawberry":29,"hubris:PeanutButter":29,"vexMod:DeviousBotling":66,"DemoMod:ClearGuonStone":103,"vexMod:ImprovementManual":25,"Unceasing Top":42,"REME_ComplimentaryCards":0,"hubris:Reverence":42}],"Unceasing Top":[15]},"card_choices":[{"not_picked":["Gremlin:PourSalt","Gremlin:IrksomeBlow"],"picked":"Gremlin:Changeo","floor":1.0},{"not_picked":["Gremlin:Glimmer","Gremlin:Scatter"],"picked":"Gremlin:TwistTheKnife","floor":4.0},{"not_picked":["Gremlin:FanOfKnives","Gremlin:Wizardry"],"picked":"Gremlin:Pretaliation","floor":5.0},{"not_picked":["Gremlin:Flurry","Gremlin:Tadah"],"picked":"Gremlin:ProperTools","floor":7.0},{"not_picked":["Gremlin:CatScratch","Gremlin:GlitterGuard"],"picked":"Gremlin:Stupend","floor":11.0},{"not_picked":["Gremlin:MakeshiftArmor","Gremlin:Whiz"],"picked":"Gremlin:Revel","floor":14.0},{"not_picked":["Gremlin:Duplicate","Gremlin:ShadowShiv"],"picked":"Gremlin:Unforgiving","floor":16.0},{"not_picked":["Gremlin:Changeo","Gremlin:MakeshiftArmor"],"picked":"Gremlin:GremlinArms","floor":18.0},{"not_picked":["Gremlin:Patsy","Gremlin:Heckle"],"picked":"Gremlin:Raid+1","floor":23.0},{"not_picked":["Gremlin:FeelTheAudience","Gremlin:Wizardry"],"picked":"Gremlin:Changeo+1","floor":25.0},{"not_picked":["Gremlin:Wizardry+1","Gremlin:Enthusiasm"],"picked":"Gremlin:AggressiveDefense+1","floor":28.0},{"not_picked":["Gremlin:PourSalt+1","Gremlin:Enthusiasm"],"picked":"Gremlin:BubbleBarrier+1","floor":30.0},{"not_picked":["Gremlin:InfiniteBlocks","Gremlin:Polish"],"picked":"Gremlin:GremlinArms+1","floor":31.0},{"not_picked":["Gremlin:Encore","Gremlin:ShowStopper"],"picked":"Gremlin:Exacerbate","floor":33.0},{"not_picked":["Gremlin:Wizardry+1","Gremlin:ToeStub+1"],"picked":"Gremlin:CounterStrike+1","floor":35.0},{"not_picked":["Gremlin:FeelTheAudience","Gremlin:Pretaliation+1"],"picked":"Gremlin:Presto+1","floor":37.0},{"not_picked":["Gremlin:Pinprick+1","Gremlin:Tricksy+1"],"picked":"Gremlin:FanOfKnives+1","floor":38.0},{"not_picked":["Gremlin:Kablamo","Gremlin:Irritability"],"picked":"Gremlin:ShowOfHands+1","floor":39.0},{"not_picked":["Gremlin:EdibleArmor","Gremlin:CatScratch"],"picked":"Gremlin:Rhythm+1","floor":41.0},{"not_picked":["Gremlin:Rhythm","Gremlin:Pretaliation"],"picked":"Gremlin:Enthusiasm+1","floor":42.0},{"not_picked":["Gremlin:Tricksy","Gremlin:RageBreak"],"picked":"Gremlin:ToeStub","floor":45.0},{"not_picked":["Gremlin:FollowThrough","Gremlin:Irritability"],"picked":"Gremlin:BulkUp+1","floor":46.0},{"not_picked":["Gremlin:PartyStick+1","Gremlin:Pretaliation"],"picked":"Gremlin:PinNeedle","floor":48.0}],"player_experience":156791,"relics_obtained":[{"floor":9.0,"key":"Eternal Feather"},{"floor":23.0,"key":"Centennial Puzzle"},{"floor":25.0,"key":"Unceasing Top"},{"floor":26.0,"key":"hubris:Reverence"},{"floor":38.0,"key":"DemoMod:BigBoy"},{"floor":42.0,"key":"Replay:Baseball"},{"floor":43.0,"key":"vexMod:MemoryStick"},{"floor":46.0,"key":"DemoMod:ClearGuonStone"}],"event_choices":[{"damage_healed":0.0,"max_hp_gain":5.0,"max_hp_loss":0.0,"gold_gain":0.0,"event_name":"Big Fish","player_choice":"Donut","floor":2.0,"gold_loss":0.0,"damage_taken":0.0},{"damage_healed":0.0,"max_hp_gain":0.0,"max_hp_loss":0.0,"gold_gain":0.0,"event_name":"Back to Basics","player_choice":"Simplicity","floor":19.0,"gold_loss":0.0,"damage_taken":0.0,"cards_upgraded":["Gremlin:Strike","Gremlin:Strike","Gremlin:Strike","Gremlin:Strike","Gremlin:Defend","Gremlin:Defend","Gremlin:Defend","Gremlin:Defend"]},{"damage_healed":0.0,"max_hp_gain":0.0,"max_hp_loss":0.0,"gold_gain":0.0,"event_name":"Addict","player_choice":"Obtained Relic","floor":20.0,"gold_loss":85.0,"damage_taken":0.0,"relics_obtained":["hubris:PeanutButter"]},{"damage_healed":0.0,"max_hp_gain":0.0,"max_hp_loss":0.0,"gold_gain":0.0,"event_name":"Mysterious Sphere","player_choice":"Fight","floor":38.0,"gold_loss":0.0,"damage_taken":0.0},{"damage_healed":0.0,"max_hp_gain":0.0,"max_hp_loss":0.0,"gold_gain":0.0,"event_name":"Designer","player_choice":"Upgrade","floor":44.0,"gold_loss":40.0,"damage_taken":0.0,"cards_upgraded":["ReplayUltimateDefense"]}],"is_beta":false,"boss_relics":[{"not_picked":["Philosopher\u0027s Stone","Replay:Wanted Poster"],"picked":"vexMod:ImprovementManual"},{"not_picked":["Runic Dome","hubris:GrandSneckoEye"],"picked":"vexMod:DeviousBotling"}],"items_purged_floors":[],"is_endless":false,"potions_floor_spawned":[4,7,14,16,23,25,28,31,37,39,41,45],"ascension_level":0}}