{"host":"u2grshebrc5rdzdn","time":1609278274,"event":{"mods":["BaseMod","Jorbs\u0027s Wanderer Trilogy","Minty Spire (QoL Compilation)","StSLib"],"gold_per_floor":[116,136,146,158,158,158,170,201,201,218,33,44,78,104,104,204,204,215,215,76,0,15,40,40,40,110,137,137,147,172,190,190,290,290,305,25,25,40,40,40,57,57,106,124,155,166,166,186,186,186],"floor_reached":51,"playtime":5253,"items_purged":["stsjorbsmod:Defend_Wanderer","stsjorbsmod:Strike_Wanderer"],"score":799,"play_id":"6912668e-c80a-4dfd-beda-bb4b06e99cec","local_time":"20201229224434","is_ascension_mode":false,"campfire_choices":[{"floor":6.0,"key":"REST"},{"floor":15.0,"key":"REST"},{"data":"stsjorbsmod:Firebolt","floor":24.0,"key":"SMITH"},{"data":"stsjorbsmod:MagicMissiles","floor":28.0,"key":"SMITH"},{"floor":32,"key":"REST"},{"data":"stsjorbsmod:SiphonEnergy","floor":40,"key":"SMITH"},{"floor":42,"key":"REST"},{"floor":47,"key":"REST"},{"data":"stsjorbsmod:ArcaneForm","floor":49,"key":"SMITH"}],"circlet_count":0,"master_deck":["stsjorbsmod:ForbiddenGrimoire+1","stsjorbsmod:Strike_Wanderer+1","stsjorbsmod:Defend_Wanderer+1","stsjorbsmod:Defend_Wanderer","stsjorbsmod:Defend_Wanderer","stsjorbsmod:FreshAdventure","stsjorbsmod:EyeOfTheStorm","stsjorbsmod:LoseGrip","stsjorbsmod:Will+1","stsjorbsmod:Channel+1","stsjorbsmod:MirrorImage","stsjorbsmod:MagicMissiles+1","stsjorbsmod:Fireball","stsjorbsmod:FlameWard","stsjorbsmod:FindFamiliar","stsjorbsmod:ArcaneForm+1","stsjorbsmod:Firebolt+1","stsjorbsmod:MagicMissiles+1","stsjorbsmod:Firebolt","stsjorbsmod:Firebolt","stsjorbsmod:WanderingMind","stsjorbsmod:MistyStep","stsjorbsmod:DisguiseSelf+1","stsjorbsmod:Pyromancy+1","stsjorbsmod:Stalwart+1","stsjorbsmod:SiphonEnergy+1","stsjorbsmod:ArcaneWeapon+1","stsjorbsmod:SmithingStrike+1"],"relics":["stsjorbsmod:GrimoireRelic","Gambling Chip","MealTicket","Vajra","Regal Pillow","Velvet Choker","Frozen Egg 2","Sundial","Bag of Preparation","stsjorbsmod:BottledMemoryRelic","Empty Cage","Lantern","Pear"],"acts_visited":["Exordium","TheCity","TheBeyond"],"potions_floor_usage":[33],"damage_taken":[{"damage":5.0,"enemies":"Small Slimes","floor":1.0,"turns":4.0},{"damage":7.0,"enemies":"Jaw Worm","floor":2.0,"turns":4.0},{"damage":0.0,"enemies":"2 Louse","floor":3.0,"turns":3.0},{"damage":19.0,"enemies":"Exordium Wildlife","floor":4.0,"turns":7.0},{"damage":0.0,"enemies":"2 Fungi Beasts","floor":7.0,"turns":4.0},{"damage":46.0,"enemies":"Gremlin Nob","floor":8.0,"turns":5.0},{"damage":2.0,"enemies":"Exordium Thugs","floor":10.0,"turns":3.0},{"damage":0.0,"enemies":"Lots of Slimes","floor":12.0,"turns":1.0},{"damage":18.0,"enemies":"3 Sentries","floor":13.0,"turns":5.0},{"damage":18.0,"enemies":"Hexaghost","floor":16.0,"turns":6.0},{"damage":9.0,"enemies":"2 Thieves","floor":18.0,"turns":4.0},{"damage":0.0,"enemies":"Chosen","floor":22.0,"turns":4.0},{"damage":28.0,"enemies":"Gremlin Leader","floor":23.0,"turns":6.0},{"damage":28.0,"enemies":"Slavers","floor":27.0,"turns":6.0},{"damage":1.0,"enemies":"Centurion and Healer","floor":29.0,"turns":4.0},{"damage":0,"enemies":"Gremlin Leader","floor":30,"turns":5},{"damage":17,"enemies":"Shelled Parasite and Fungi","floor":31,"turns":3},{"damage":41,"enemies":"Collector","floor":33,"turns":7},{"damage":0,"enemies":"Orb Walker","floor":35,"turns":2},{"damage":4,"enemies":"3 Shapes","floor":38,"turns":5},{"damage":45,"enemies":"Transient","floor":41,"turns":5},{"damage":42,"enemies":"Writhing Mass","floor":44,"turns":6},{"damage":0,"enemies":"Giant Head","floor":45,"turns":5},{"damage":24,"enemies":"Jaw Worm Horde","floor":46,"turns":3},{"damage":0,"enemies":"Spire Growth","floor":48,"turns":4},{"damage":28,"enemies":"Time Eater","floor":50,"turns":6}],"seed_played":"-5123207308769071781","potions_obtained":[{"floor":1.0,"key":"PowerPotion"},{"floor":7.0,"key":"BlessingOfTheForge"},{"floor":10.0,"key":"Weak Potion"},{"floor":16.0,"key":"Weak Potion"},{"floor":23.0,"key":"SkillPotion"},{"floor":27.0,"key":"stsjorbsmod:LiquidClarity"},{"floor":30,"key":"SteroidPotion"},{"floor":37,"key":"BlessingOfTheForge"}],"is_trial":false,"path_per_floor":["M","M","M","M","?","R","M","E","T","M","$","M","E","T","R","B",null,"M","?","$","?","M","E","R","$","T","E","R","M","E","M","R","B",null,"M","$","?","M","$","R","M","R","T","M","E","M","R","M","R","B",null],"character_chosen":"WANDERER","items_purchased":["stsjorbsmod:FlameWard","stsjorbsmod:LiquidVirtue","stsjorbsmod:MagicMissiles","stsjorbsmod:SiphonEnergy","stsjorbsmod:ArcaneWeapon+1","stsjorbsmod:LiquidVirtue"],"campfire_rested":5,"item_purchase_floors":[11,11,20,36,36,36],"current_hp_per_floor":[70,64,65,46,31,53,56,11,11,10,25,25,10,10,47,35,74,69,69,74,74,74,52,52,67,67,45,45,49,53,37,74,39,74,74,74,74,74,74,74,31,68,68,30,47,28,68,74,74,52],"gold":186,"neow_bonus":"TEN_PERCENT_HP_BONUS","is_daily":false,"chose_seed":false,"campfire_upgraded":4,"win_rate":0.0,"timestamp":1609278274,"path_taken":["M","M","M","M","?","R","M","E","T","M","$","M","E","?","R","BOSS","M","?","$","?","M","E","R","$","T","E","R","M","E","M","R","BOSS","M","$","?","M","?","R","?","R","T","M","E","M","R","M","R","BOSS"],"items_purchased_type":["Card","Potion","Card","Card","Card","Potion"],"build_version":"2020-12-22","purchased_purges":2,"victory":true,"max_hp_per_floor":[74,74,74,74,74,74,74,74,74,74,74,74,74,74,74,74,74,74,74,74,74,74,74,74,74,74,74,74,74,74,74,74,74,74,74,74,74,74,74,74,74,74,74,74,84,84,84,84,84,84],"card_choices":[{"not_picked":["stsjorbsmod:Firebolt","stsjorbsmod:Materialize"],"picked":"stsjorbsmod:LoseGrip","floor":1.0},{"not_picked":["stsjorbsmod:Aid","stsjorbsmod:DoubleCheck"],"picked":"stsjorbsmod:Will","floor":2.0},{"not_picked":["stsjorbsmod:TollTheDead","stsjorbsmod:FranticSearch"],"picked":"stsjorbsmod:Channel","floor":3.0},{"not_picked":["stsjorbsmod:WeightOfMemory","stsjorbsmod:Materialize"],"picked":"stsjorbsmod:MirrorImage","floor":4.0},{"not_picked":["stsjorbsmod:BlackTentacles","stsjorbsmod:WeightOfMemory"],"picked":"stsjorbsmod:MagicMissiles","floor":7.0},{"not_picked":["stsjorbsmod:ArcaneWeapon","stsjorbsmod:MistyStep"],"picked":"stsjorbsmod:Fireball","floor":8.0},{"not_picked":["stsjorbsmod:Mending","stsjorbsmod:UnseenServant","stsjorbsmod:Will"],"picked":"SKIP","floor":10.0},{"not_picked":["stsjorbsmod:UnseenServant","stsjorbsmod:WanderingMind"],"picked":"stsjorbsmod:FindFamiliar","floor":12.0},{"not_picked":["stsjorbsmod:FracturedMind","stsjorbsmod:FindFamiliar","stsjorbsmod:Materialize"],"picked":"SKIP","floor":13.0},{"not_picked":["stsjorbsmod:CorrodingBarrier","stsjorbsmod:HoldMonster"],"picked":"stsjorbsmod:ArcaneForm","floor":16.0},{"not_picked":["stsjorbsmod:Patron","stsjorbsmod:TollTheDead+1"],"picked":"stsjorbsmod:Firebolt","floor":18.0},{"not_picked":["stsjorbsmod:Aid","stsjorbsmod:BurningFlask"],"picked":"stsjorbsmod:Firebolt","floor":22.0},{"not_picked":["stsjorbsmod:Index+1","stsjorbsmod:Message"],"picked":"stsjorbsmod:Firebolt","floor":23.0},{"not_picked":["stsjorbsmod:Hurt+1","stsjorbsmod:TrueStrike","stsjorbsmod:BlackTentacles"],"picked":"SKIP","floor":27.0},{"not_picked":["stsjorbsmod:MagicMissiles+1","stsjorbsmod:BlackTentacles"],"picked":"stsjorbsmod:WanderingMind","floor":29},{"not_picked":["stsjorbsmod:ScorchingRay","stsjorbsmod:SmithingStrike"],"picked":"stsjorbsmod:MistyStep","floor":30},{"not_picked":["stsjorbsmod:Hibernate","stsjorbsmod:Message"],"picked":"stsjorbsmod:DisguiseSelf+1","floor":31},{"not_picked":["stsjorbsmod:IvoryTower","stsjorbsmod:ThirstingSword"],"picked":"stsjorbsmod:Pyromancy+1","floor":33},{"not_picked":["stsjorbsmod:Aid+1","stsjorbsmod:FracturedMind"],"picked":"stsjorbsmod:Stalwart+1","floor":35},{"not_picked":["stsjorbsmod:TinyHut+1","stsjorbsmod:BookOfTongues+1"],"picked":"stsjorbsmod:SmithingStrike+1","floor":38},{"not_picked":["stsjorbsmod:Mindworm+1","stsjorbsmod:TrueStrike","stsjorbsmod:Will+1"],"picked":"SKIP","floor":41},{"not_picked":["stsjorbsmod:Hurt+1","stsjorbsmod:Materialize","stsjorbsmod:Prepare"],"picked":"SKIP","floor":44},{"not_picked":["stsjorbsmod:OldPocket","stsjorbsmod:Hibernate","stsjorbsmod:WanderingMind"],"picked":"SKIP","floor":45},{"not_picked":["stsjorbsmod:BlackTentacles","stsjorbsmod:TrueStrike+1","stsjorbsmod:RayOfFrost+1"],"picked":"SKIP","floor":46},{"not_picked":["stsjorbsmod:TollTheDead","stsjorbsmod:FranticSearch","stsjorbsmod:ChatteringStrike+1"],"picked":"SKIP","floor":48}],"player_experience":422332,"relics_obtained":[{"floor":8.0,"key":"Gambling Chip"},{"floor":9.0,"key":"MealTicket"},{"floor":13.0,"key":"Vajra"},{"floor":14.0,"key":"Regal Pillow"},{"floor":23.0,"key":"Frozen Egg 2"},{"floor":26.0,"key":"Sundial"},{"floor":27.0,"key":"Bag of Preparation"},{"floor":30,"key":"stsjorbsmod:BottledMemoryRelic"},{"floor":43,"key":"Lantern"},{"floor":45,"key":"Pear"}],"event_choices":[{"damage_healed":0.0,"max_hp_gain":0.0,"max_hp_loss":0.0,"gold_gain":0.0,"event_name":"Shining Light","player_choice":"Entered Light","floor":5.0,"gold_loss":0.0,"damage_taken":15.0,"cards_upgraded":["stsjorbsmod:Strike_Wanderer","stsjorbsmod:Channel"]},{"damage_healed":0.0,"max_hp_gain":0.0,"max_hp_loss":0.0,"gold_gain":0.0,"event_name":"Ghosts","player_choice":"Ignored","floor":19.0,"gold_loss":0.0,"damage_taken":0.0},{"damage_healed":0.0,"max_hp_gain":0.0,"max_hp_loss":0.0,"gold_gain":0.0,"event_name":"Masked Bandits","player_choice":"Paid Fearfully","floor":21.0,"gold_loss":76.0,"damage_taken":0.0},{"damage_healed":0,"gold_gain":0,"player_choice":"Got Potions","damage_taken":0,"max_hp_gain":0,"max_hp_loss":0,"event_name":"Lab","floor":37,"gold_loss":0}],"is_beta":false,"boss_relics":[{"not_picked":["Runic Dome","Busted Crown"],"picked":"Velvet Choker"},{"not_picked":["SlaversCollar","Sozu"],"picked":"Empty Cage"}],"items_purged_floors":[11,20],"is_endless":false,"potions_floor_spawned":[1,7,10,16,22,23,27,30,38,41],"ascension_level":0}}