{"host":"bzg9y3flbaqjj1j7","time":1609284514,"event":{"mods":["AchievementEnabler","Act Like it!","Aspiration","BaseMod","Better Third Choice","Challenge The Spire","Gensokyo","Hubris","Hyrulean Relics","Infinite Spire","Lobotomy","LobotomyExtend","Marisa????????","Marked Mod","Minty Spire (QoL Compilation)","Nova Terra(??·??)","Permanent Neow","Quick Restart","Rare Cards Sparkle","Reimu??????","Remilia??????","Replay The Spire","Shop Mod","StSLib","The Administrix","The Alterego","The Blue Laboratory","The Fake Hero","Waifu the Spire","vexMod"],"gold_per_floor":[518,448,463,474,57,89,104,104,104,44,44,19,183,200,200,200,200,301,301,317,333,18,18,18,53,53,53,53,53,53],"floor_reached":29,"playtime":2843,"items_purged":["luka_mod:Wait"],"score":266,"play_id":"df705522-bb42-4b1e-a68c-80c7a5550bee","local_time":"20201229195834","is_ascension_mode":false,"campfire_choices":[{"data":"luka_mod:Edging","floor":8.0,"key":"SMITH"},{"floor":17.0,"key":"REST"}],"circlet_count":0,"master_deck":["luka_mod:StrikeLukaOne+1","luka_mod:StrikeLukaTwo","luka_mod:StrikeLukaThree+1","luka_mod:StrikeLukaFour","luka_mod:StrikeLukaFive","luka_mod:StrikeLukaSix+1","luka_mod:Salt+1","luka_mod:Guard","luka_mod:Edging+1","luka_mod:FlailWildly","luka_mod:Meditation","luka_mod:Surrender","OSAHOGD","luka_mod:RestrictedStrike","CrumblingArmor","luka_mod:SuperAttack","luka_mod:Alice","Gensokyo:RustyChest","Gensokyo:SpontaneousHumanCombustion","luka_mod:OiAlice+1","Murderer","luka_mod:StrikeLuka","luka_mod:Optimistic+1","Rudolta","luka_mod:EndlessGuard","ShyLook","luka_mod:Tamamo","GalaxyChild","luka_mod:Calm+1","luka_mod:Ilias","LaLuna","luka_mod:Salamander","Survey Options","luka_mod:TouchFluffyTail+1"],"relics":["luka_mod:KeepsakeRing","CogitoBucket","RabbitCall","LetterFromLob","hubris:Potato","vexMod:ScavengeHelm","Gaze_r","LuminousBracelet","Peace Pipe","MerchantsRug","infinitespire:Satchel","Lantern","Shovel"],"acts_visited":["Exordium","Gensokyo:Gensokyo"],"potions_floor_usage":[],"damage_taken":[{"damage":11.0,"enemies":"Gensokyo:Python","floor":1.0,"turns":3.0},{"damage":13.0,"enemies":"Gensokyo:2_Kodama","floor":3.0,"turns":4.0},{"damage":11.0,"enemies":"Gensokyo:Gryphon","floor":4.0,"turns":4.0},{"damage":18.0,"enemies":"Gensokyo:Mamizou","floor":6.0,"turns":8.0},{"damage":10.0,"enemies":"Gensokyo:3_Kodama","floor":7.0,"turns":6.0},{"damage":10.0,"enemies":"Gensokyo:3_Kodama","floor":11.0,"turns":4.0},{"damage":0.0,"enemies":"Gensokyo:Kitsune","floor":13.0,"turns":3.0},{"damage":0.0,"enemies":"Gensokyo:LivingMonolith","floor":14.0,"turns":3.0},{"damage":34.0,"enemies":"Gensokyo:Reimu","floor":18.0,"turns":12.0},{"damage":8.0,"enemies":"Gensokyo:CosmicMonolith","floor":20.0,"turns":6.0},{"damage":33.0,"enemies":"Gensokyo:2_Gloops","floor":21.0,"turns":8.0},{"damage":22.0,"enemies":"Nightmare","floor":25.0,"turns":7.0},{"damage":18,"enemies":"Gensokyo:Wraith","floor":29,"turns":5}],"seed_played":"5091485465193221859","potions_obtained":[{"floor":1.0,"key":"blueLaboratory:BottleOfRum"},{"floor":14.0,"key":"blueLaboratory:BubblePotion"},{"floor":18.0,"key":"blueLaboratory:EnragingPotion"},{"floor":20.0,"key":"Reflective Coating"}],"is_trial":false,"path_per_floor":["M","?","M","M","COS","E","M","R","T","$","?","?","M","M","PTL","PTL","R","B",null,"M","M","$","?","?","NM","T","?","T","M"],"character_chosen":"LUKA_CLASS","items_purchased":["luka_mod:Optimistic+1","MerchantsRug","luka_mod:Salamander","Survey Options"],"campfire_rested":1,"item_purchase_floors":[10,22,22,22],"current_hp_per_floor":[29,29,36,25,25,27,37,37,37,37,3,3,20,20,20,20,37,48,57,54,47,47,52,52,33,33,33,33,50,50],"gold":53,"neow_bonus":"","is_daily":false,"chose_seed":false,"campfire_upgraded":1,"win_rate":0.0,"timestamp":1609284514,"path_taken":["M","?","M","M","COS","E","M","R","T","$","?","?","M","M","PTL","PTL","R","BOSS","M","M","$","?","?","NM","?","?","T","?"],"items_purchased_type":["Card","Relic","Card","Card"],"build_version":"2020-12-22","purchased_purges":1,"victory":false,"max_hp_per_floor":[40,40,40,40,40,40,40,40,40,40,42,42,57,57,57,57,57,57,57,57,57,57,62,58,58,58,58,58,58,58],"card_choices":[{"not_picked":["DreamingCurrent","NakedNest","Bloodbath"],"picked":"Singing Bowl","floor":1.0},{"not_picked":["OldLady","FairyFestival"],"picked":"OSAHOGD","floor":1.0},{"not_picked":["luka_mod:StrikeLuka","luka_mod:Feel"],"picked":"luka_mod:RestrictedStrike","floor":1.0},{"not_picked":["MHz","ShyLook","Bloodbath"],"picked":"Singing Bowl","floor":3.0},{"not_picked":["Bloodbath","ShyLook"],"picked":"CrumblingArmor","floor":3.0},{"not_picked":["luka_mod:BladeOfStillWater","luka_mod:EarthSlash"],"picked":"luka_mod:SuperAttack","floor":3.0},{"not_picked":["luka_mod:WaterSlash","luka_mod:FireSlash"],"picked":"luka_mod:Alice","floor":4.0},{"not_picked":["MeatLantern","Wellcheers","OldLady"],"picked":"Singing Bowl","floor":4.0},{"not_picked":["SpiderBud","CherryBlossoms"],"picked":"Yin","floor":4.0},{"not_picked":["luka_mod:SmallBody+1","luka_mod:Request+1"],"picked":"luka_mod:OiAlice+1","floor":6.0},{"not_picked":["luka_mod:HeroicStrike","luka_mod:NoDebuffs","luka_mod:NotVerySharp"],"picked":"SKIP","floor":6.0},{"not_picked":["Laetitia","Bloodbath","BigBadWolf"],"picked":"Singing Bowl","floor":7.0},{"not_picked":["Bloodbath","Variant"],"picked":"Murderer","floor":7.0},{"not_picked":["luka_mod:Struggle","luka_mod:IliasesJudgement"],"picked":"luka_mod:StrikeLuka","floor":7.0},{"not_picked":["MeatLantern","UniverseFragment"],"picked":"Rudolta","floor":13.0},{"not_picked":["luka_mod:DeathSwordChaosStar","luka_mod:FlashKill","luka_mod:HeroicStrike"],"picked":"SKIP","floor":13.0},{"not_picked":["luka_mod:DemonDecapitation","luka_mod:WindSlash"],"picked":"luka_mod:EndlessGuard","floor":14.0},{"not_picked":["QueenBee","PunishingBird"],"picked":"ShyLook","floor":14.0},{"not_picked":["UniverseFragment","BeautyBeast","NakedNest"],"picked":"Singing Bowl","floor":18.0},{"not_picked":["luka_mod:SealingStrike","luka_mod:NoDebuffs"],"picked":"luka_mod:Tamamo","floor":18.0},{"not_picked":["NakedNest","Wellcheers","UniverseFragment"],"picked":"Singing Bowl","floor":20.0},{"not_picked":["BlueStar","Mercenary"],"picked":"GalaxyChild","floor":20.0},{"not_picked":["luka_mod:WindSlash","luka_mod:EarthSlash"],"picked":"luka_mod:Calm+1","floor":20.0},{"not_picked":["luka_mod:EarthSlash","luka_mod:NotVerySharp"],"picked":"luka_mod:Ilias","floor":21.0},{"not_picked":["SingingMachine","GreedKing","Bloodbath"],"picked":"Singing Bowl","floor":21.0},{"not_picked":["GreedKing","UniverseFragment"],"picked":"LaLuna","floor":21.0},{"not_picked":["Porccubus","MeatLantern","LittlePrince"],"picked":"Singing Bowl","floor":25.0},{"not_picked":["luka_mod:FlashKill","luka_mod:IliasesJudgement+1"],"picked":"luka_mod:TouchFluffyTail+1","floor":25.0}],"player_experience":142765,"relics_obtained":[{"floor":1.0,"key":"LetterFromLob"},{"floor":6.0,"key":"hubris:Potato"},{"floor":9.0,"key":"vexMod:ScavengeHelm"},{"floor":25.0,"key":"Lantern"},{"floor":28.0,"key":"Shovel"}],"event_choices":[],"is_beta":false,"boss_relics":[{"not_picked":["vexMod:DeviousBotling","vexMod:CursedCompass","Kintsugi"]}],"items_purged_floors":[22],"is_endless":true,"potions_floor_spawned":[1,14,18,20],"killed_by":"Gensokyo:Wraith","ascension_level":0}}