{"host":"l8lkgdumzpe3823a","time":1609201641,"event":{"mods":["Always Whale","Aspiration","BaseMod","Better Note","Clockwork Mod","Colored Powertips","Curses Come First","Custom Start","DeckTracker","Defuse TimeMaze Blight","Highlight Path","Hubris","Infinite Spire","Minty Spire (QoL Compilation)","Quick Restart","Replay The Spire","Shop Mod","StSLib","SuperFastMode","The Construct","The Dragon Tamer","vexMod"],"gold_per_floor":[109,121,139,64,64,64,64],"floor_reached":6,"playtime":89,"items_purged":["Cloak And Dagger"],"score":41,"play_id":"a7e10b7c-3880-4ee4-8c00-e684ce64a9df","local_time":"20201228182721","is_ascension_mode":true,"campfire_choices":[],"circlet_count":0,"master_deck":["Strike_G+1","Strike_G","Strike_G+1","Strike_G","Strike_G","Defend_G","Defend_G","Defend_G","Defend_G","Defend_G","Survivor","Neutralize","Cloak And Dagger","Cloak And Dagger"],"relics":["Ring of the Snake","NeowsBlessing"],"acts_visited":["Exordium"],"potions_floor_usage":[],"damage_taken":[{"damage":0,"enemies":"Jaw Worm","floor":1,"turns":1},{"damage":0,"enemies":"2 Louse","floor":2,"turns":1},{"damage":0,"enemies":"Small Slimes","floor":3,"turns":1},{"damage":0,"enemies":"Lagavulin","floor":6,"turns":1}],"seed_played":"1641102348370352529","potions_obtained":[{"floor":2,"key":"construct:ShiftPotion"}],"is_trial":false,"path_per_floor":["M","M","M","$","?","E"],"character_chosen":"THE_SILENT","items_purchased":[],"campfire_rested":0,"item_purchase_floors":[],"current_hp_per_floor":[70,70,70,70,56,56,56],"gold":64,"neow_bonus":"THREE_ENEMY_KILL","is_daily":false,"chose_seed":false,"campfire_upgraded":0,"win_rate":0.0,"timestamp":1609201641,"path_taken":["M","M","M","$","?","E"],"items_purchased_type":[],"build_version":"2020-12-22","purchased_purges":1,"victory":false,"max_hp_per_floor":[70,70,70,70,70,70,70],"card_choices":[{"not_picked":["ReplayTheSpireMod:Shiv Toss","Flying Knee"],"picked":"Cloak And Dagger","floor":1},{"not_picked":["Flechettes","Fluid Movement"],"picked":"Cloak And Dagger","floor":2},{"not_picked":["Poisoned Stab","Tactician"],"picked":"Cloak And Dagger","floor":3}],"player_experience":652175,"relics_obtained":[],"event_choices":[{"damage_healed":0,"gold_gain":0,"player_choice":"Entered Light","damage_taken":14,"max_hp_gain":0,"max_hp_loss":0,"event_name":"Shining Light","floor":5,"gold_loss":0,"cards_upgraded":["Strike_G","Strike_G"]}],"is_beta":false,"boss_relics":[],"items_purged_floors":[4],"is_endless":false,"potions_floor_spawned":[2],"killed_by":"Lagavulin","ascension_level":3}}