{"host":"BK","time":1609204459,"event":{"mods":["BaseMod","Highlight Path","Minty Spire (QoL Compilation)","StSLib"],"gold_per_floor":[114,114,124,124,124,124,143,172,197,197,212,243,243,254,254,254,254],"floor_reached":16,"playtime":652,"items_purged":[],"score":220,"play_id":"4a44cc11-a862-49a6-af4c-691841bdab5f","local_time":"20201228181419","is_ascension_mode":true,"campfire_choices":[{"floor":6,"key":"REST"},{"floor":10,"key":"REST"},{"data":"TalkToTheHand","floor":13,"key":"SMITH"},{"data":"CrushJoints","floor":15,"key":"SMITH"}],"circlet_count":0,"master_deck":["AscendersBane","Strike_P+1","Strike_P","Strike_P","Strike_P+1","Defend_P","Defend_P","Defend_P","Defend_P","Eruption","Vigilance","CrushJoints+1","EmptyFist","TalkToTheHand+1","FollowUp","Perseverance","Halt"],"relics":["SacredBark","Smiling Mask","Ginger","Meat on the Bone"],"acts_visited":["Exordium"],"potions_floor_usage":[12],"damage_taken":[{"damage":0,"enemies":"Cultist","floor":1,"turns":3},{"damage":6,"enemies":"Jaw Worm","floor":3,"turns":4},{"damage":0,"enemies":"2 Louse","floor":7,"turns":2},{"damage":38,"enemies":"Gremlin Nob","floor":8,"turns":5},{"damage":6,"enemies":"Blue Slaver","floor":11,"turns":3},{"damage":12,"enemies":"3 Sentries","floor":12,"turns":10},{"damage":5,"enemies":"3 Louse","floor":14,"turns":3},{"damage":24,"enemies":"Hexaghost","floor":16,"turns":9}],"seed_played":"2955172335127380258","potions_obtained":[{"floor":11,"key":"SkillPotion"},{"floor":14,"key":"DuplicationPotion"}],"is_trial":false,"path_per_floor":["M","?","M","?","?","R","M","E","T","R","M","E","R","M","R","B"],"character_chosen":"WATCHER","items_purchased":[],"campfire_rested":2,"item_purchase_floors":[],"current_hp_per_floor":[61,41,35,35,30,50,50,12,12,32,26,14,14,21,21,0,0],"gold":254,"neow_bonus":"BOSS_RELIC","is_daily":false,"chose_seed":false,"campfire_upgraded":2,"win_rate":0.0,"timestamp":1609204459,"path_taken":["M","?","M","?","?","R","M","E","T","R","M","E","R","M","R","BOSS"],"items_purchased_type":[],"build_version":"2020-12-18","purchased_purges":0,"victory":false,"max_hp_per_floor":[68,68,68,68,68,68,68,68,68,68,68,68,68,68,68,68,68],"card_choices":[{"not_picked":["ClearTheMind","ThirdEye"],"picked":"CrushJoints","floor":1},{"not_picked":["FlurryOfBlows","JustLucky"],"picked":"EmptyFist","floor":3},{"not_picked":["EmptyBody","Establishment"],"picked":"TalkToTheHand","floor":7},{"not_picked":["FlyingSleeves","BattleHymn"],"picked":"FollowUp","floor":8},{"not_picked":["PathToVictory","Indignation"],"picked":"Perseverance","floor":11},{"not_picked":["CrushJoints","Crescendo"],"picked":"Halt","floor":12},{"not_picked":["Pray","CrushJoints","CutThroughFate"],"picked":"SKIP","floor":14}],"player_experience":2464607,"relics_obtained":[{"floor":8,"key":"Ginger"},{"floor":12,"key":"Meat on the Bone"}],"event_choices":[{"damage_healed":0,"gold_gain":0,"player_choice":"Entered Light","damage_taken":20,"max_hp_gain":0,"max_hp_loss":0,"event_name":"Shining Light","floor":2,"gold_loss":0,"cards_upgraded":["Strike_P","Strike_P"]},{"damage_healed":0,"gold_gain":0,"player_choice":"Ignored","damage_taken":0,"max_hp_gain":0,"max_hp_loss":0,"event_name":"Liars Game","floor":4,"gold_loss":0},{"damage_healed":0,"gold_gain":0,"player_choice":"Success","damage_taken":5,"relics_obtained":["Smiling Mask"],"max_hp_gain":0,"max_hp_loss":0,"event_name":"Scrap Ooze","floor":5,"gold_loss":0}],"is_beta":true,"boss_relics":[],"items_purged_floors":[],"is_endless":false,"potions_floor_spawned":[11,14],"killed_by":"Hexaghost","ascension_level":20}}