{"host":"qfskrnw3pl1q86j0","time":1609245559,"event":{"mods":["BaseMod","Block Reminder","Hermit","Marisa????????","Minty Spire (QoL Compilation)","Quick Restart","Random Character Button","StSLib","The Poker Player","slay the spire mod where everything is the same but ironclad has a cowboy hat"],"gold_per_floor":[111,111,125,139,36,36,68,78,78,78,108,123,123,137,137,232,232,242,167,186,205,27,27,53,53,53,53,53,53,53,53,53,153,153,169,184,229,249,249,249,249,249,249,260,278,278,289,300,300,300],"floor_reached":51,"playtime":2150,"items_purged":["Strike_MRS","Defend_MRS"],"score":802,"play_id":"46e20dab-2e54-47fa-b43b-05ab6b241653","local_time":"20201229133919","is_ascension_mode":false,"campfire_choices":[{"data":"EnergyFlow","floor":6.0,"key":"SMITH"},{"data":"OortCloud","floor":10.0,"key":"SMITH"},{"data":"SporeBomb","floor":13.0,"key":"SMITH"},{"data":"MilkyWay","floor":15.0,"key":"SMITH"},{"data":"OortCloud","floor":23.0,"key":"SMITH"},{"data":"EnergyFlow","floor":25.0,"key":"SMITH"},{"data":"MilkyWay","floor":29.0,"key":"SMITH"},{"data":"GrandCross","floor":32.0,"key":"SMITH"},{"data":"OortCloud","floor":40.0,"key":"SMITH"},{"data":"AlicesGift","floor":42.0,"key":"SMITH"},{"data":"AlicesGift","floor":46.0,"key":"SMITH"},{"floor":49.0,"key":"REST"}],"circlet_count":0,"master_deck":["Strike_MRS","Defend_MRS+1","Defend_MRS+1","MasterSpark+1","UpSweep","OortCloud+1","DC","EnergyFlow+1","MilkyWay+1","GrandCross+1","SporeBomb+1","PulseMagic","OortCloud+1","AlicesGift+1","EnergyFlow+1","AlicesGift+1","NonDirectionalLaser","OortCloud+1"],"relics":["BewitchedHakkero","Centennial Puzzle","BreadOfAWashokuLover","Shovel","Sozu","Potion Belt","MagicBroom","CaptainsWheel","War Paint"],"acts_visited":["Exordium","TheCity","TheBeyond"],"potions_floor_usage":[],"damage_taken":[{"damage":0.0,"enemies":"Small Slimes","floor":1.0,"turns":3.0},{"damage":2.0,"enemies":"2 Louse","floor":3.0,"turns":2.0},{"damage":1.0,"enemies":"Jaw Worm","floor":4.0,"turns":2.0},{"damage":17.0,"enemies":"3 Sentries","floor":7.0,"turns":8.0},{"damage":0.0,"enemies":"Looter","floor":8.0,"turns":4.0},{"damage":11.0,"enemies":"Gremlin Nob","floor":11.0,"turns":3.0},{"damage":5.0,"enemies":"3 Louse","floor":12.0,"turns":4.0},{"damage":4.0,"enemies":"Gremlin Gang","floor":14.0,"turns":4.0},{"damage":0.0,"enemies":"Slime Boss","floor":16.0,"turns":5.0},{"damage":0.0,"enemies":"Shell Parasite","floor":18.0,"turns":5.0},{"damage":3.0,"enemies":"3 Byrds","floor":20.0,"turns":4.0},{"damage":0.0,"enemies":"3 Cultists","floor":21.0,"turns":6.0},{"damage":16.0,"enemies":"Slavers","floor":24.0,"turns":5.0},{"damage":7.0,"enemies":"Automaton","floor":33.0,"turns":6.0},{"damage":1.0,"enemies":"3 Darklings","floor":35.0,"turns":4.0},{"damage":7.0,"enemies":"Orb Walker","floor":36.0,"turns":2.0},{"damage":15.0,"enemies":"2 Orb Walkers","floor":37.0,"turns":4.0},{"damage":4.0,"enemies":"Sphere and 2 Shapes","floor":38.0,"turns":5.0},{"damage":1.0,"enemies":"Spire Growth","floor":44.0,"turns":3.0},{"damage":6.0,"enemies":"Writhing Mass","floor":45.0,"turns":4.0},{"damage":4.0,"enemies":"3 Darklings","floor":47.0,"turns":5.0},{"damage":5.0,"enemies":"Sphere and 2 Shapes","floor":48.0,"turns":5.0},{"damage":5,"enemies":"Time Eater","floor":50,"turns":6}],"seed_played":"2765320384005242025","potions_obtained":[{"floor":1.0,"key":"BlessingOfTheForge"},{"floor":4.0,"key":"Strength Potion"},{"floor":7.0,"key":"FearPotion"},{"floor":8.0,"key":"SkillPotion"}],"is_trial":false,"path_per_floor":["M","?","M","M","$","R","E","M","T","R","E","M","R","M","R","B",null,"M","$","M","M","$","R","E","R","T","?","?","R","$","?","R","B",null,"M","M","?","M","?","R","?","R","T","M","M","R","M","M","R","B",null],"character_chosen":"MARISA","items_purchased":["EnergyFlow","MilkyWay","EnergyFlow"],"campfire_rested":1,"item_purchase_floors":[5,5,22],"current_hp_per_floor":[75,75,73,72,72,72,55,55,55,55,44,39,39,35,35,36,75,75,75,72,72,72,72,56,56,56,56,56,56,56,56,56,49,75,74,67,52,52,52,52,52,52,52,51,45,45,41,36,58,53],"gold":300,"neow_bonus":"TRANSFORM_CARD","is_daily":false,"chose_seed":false,"campfire_upgraded":11,"win_rate":0.0,"timestamp":1609245559,"path_taken":["M","?","M","M","$","R","E","M","T","R","E","M","R","M","R","BOSS","M","$","M","M","$","R","E","R","T","?","?","R","$","?","R","BOSS","M","M","?","M","?","R","?","R","T","M","M","R","M","M","R","BOSS"],"items_purchased_type":["Card","Card","Card"],"build_version":"2020-12-22","purchased_purges":2,"victory":true,"max_hp_per_floor":[75,75,75,75,75,75,75,75,75,75,75,75,75,75,75,75,75,75,75,75,75,75,75,75,75,75,75,75,75,75,75,75,75,75,75,75,75,75,75,75,75,75,75,75,75,75,75,75,75,75],"card_choices":[{"not_picked":["MagicAbsorber","EnergyRecoil"],"picked":"MilkyWay","floor":1.0},{"not_picked":["RefractionSpark","MeteoricShower"],"picked":"DC","floor":3.0},{"not_picked":["6A","MysteriousBeam","FairyDestructionRay"],"picked":"SKIP","floor":4.0},{"not_picked":["MagicChant","WitchOfGreed"],"picked":"GrandCross","floor":7.0},{"not_picked":["Acceleration","Orbital"],"picked":"SporeBomb","floor":8.0},{"not_picked":["Singularity","ChargeUpSpray","WitchLeyline"],"picked":"SKIP","floor":11.0},{"not_picked":["UnstableBomb","GravityBeat"],"picked":"PulseMagic","floor":12.0},{"not_picked":["AsteroidBelt","WitchOfGreed"],"picked":"OortCloud","floor":14.0},{"not_picked":["IllusionStar+1","GravityBeat+1","ChargeUpSpray"],"picked":"SKIP","floor":18.0},{"not_picked":["DarkSpark","PropBag","GalacticHalo"],"picked":"SKIP","floor":20.0},{"not_picked":["ShootingEcho","WitchOfGreed"],"picked":"AlicesGift","floor":21.0},{"not_picked":["MagicAbsorber","ShootingEcho","WitchOfGreed"],"picked":"SKIP","floor":24.0},{"not_picked":["NonDirectionalLaser","GravityBeat+1","AsteroidBelt+1"],"picked":"SKIP","floor":35.0},{"not_picked":["Robbery","StarlightTyphoon+1","BlazeAway"],"picked":"SKIP","floor":36.0},{"not_picked":["SuperPerseids+1","MilkyWay+1"],"picked":"OortCloud","floor":37.0},{"not_picked":["IllusionStar+1","NonDirectionalLaser+1","SporeBomb"],"picked":"SKIP","floor":38.0},{"not_picked":["AsteroidBelt","Acceleration+1","OrrerysSun"],"picked":"SKIP","floor":44.0},{"not_picked":["AsteroidBelt","Acceleration+1","OrrerysSun"],"picked":"SKIP","floor":44.0},{"not_picked":["MagicAbsorber+1","NonDirectionalLaser+1","PropBag"],"picked":"SKIP","floor":45.0},{"not_picked":["IllusionStar","DoubleSpark+1","RefractionSpark+1"],"picked":"SKIP","floor":47.0},{"not_picked":["NonDirectionalLaser+1","SuperNova","StarBarrage"],"picked":"SKIP","floor":48.0}],"player_experience":874796,"relics_obtained":[{"floor":7.0,"key":"Centennial Puzzle"},{"floor":9.0,"key":"BreadOfAWashokuLover"},{"floor":11.0,"key":"Shovel"},{"floor":24.0,"key":"Potion Belt"},{"floor":26.0,"key":"MagicBroom"},{"floor":37.0,"key":"CaptainsWheel"},{"floor":43.0,"key":"War Paint"}],"event_choices":[{"damage_healed":0.0,"max_hp_gain":0.0,"max_hp_loss":0.0,"gold_gain":0.0,"event_name":"Living Wall","player_choice":"Grow","floor":2.0,"gold_loss":0.0,"damage_taken":0.0,"cards_upgraded":["MasterSpark"]},{"damage_healed":0.0,"max_hp_gain":0.0,"max_hp_loss":0.0,"gold_gain":0.0,"cards_transformed":["Defend_MRS","Strike_MRS"],"event_name":"Drug Dealer","player_choice":"Became Test Subject","floor":27.0,"gold_loss":0.0,"damage_taken":0.0,"cards_obtained":["AlicesGift","NonDirectionalLaser"]},{"damage_healed":0.0,"max_hp_gain":0.0,"max_hp_loss":0.0,"gold_gain":0.0,"event_name":"Ghosts","player_choice":"Ignored","floor":31.0,"gold_loss":0.0,"damage_taken":0.0},{"damage_healed":0.0,"max_hp_gain":0.0,"max_hp_loss":0.0,"gold_gain":0.0,"event_name":"Mysterious Sphere","player_choice":"Fight","floor":37.0,"gold_loss":0.0,"damage_taken":0.0},{"cards_removed":["MilkyWay"],"damage_healed":0.0,"max_hp_gain":0.0,"max_hp_loss":0.0,"gold_gain":0.0,"event_name":"Falling","player_choice":"Removed Skill","floor":39.0,"gold_loss":0.0,"damage_taken":0.0},{"damage_healed":0.0,"max_hp_gain":0.0,"max_hp_loss":0.0,"gold_gain":0.0,"event_name":"SensoryStone","player_choice":"Memory 1","floor":41.0,"gold_loss":0.0,"damage_taken":0.0}],"is_beta":false,"boss_relics":[{"not_picked":["Astrolabe","Tiny House"],"picked":"Sozu"},{"not_picked":["ExperimentalFamiliar","Fusion Hammer"],"picked":"BewitchedHakkero"}],"items_purged_floors":[19,22],"is_endless":false,"potions_floor_spawned":[1,4,7,8,21,24,35,36,45,47],"ascension_level":0}}