{"host":"873t0y8ybyo38pfq","time":1609267708,"event":{"mods":["BaseMod","Bestiary","Colored Map","Colored Powertips","Highlight Path","Minty Spire (QoL Compilation)","Quick Restart","RNG Fix","Rare Cards Sparkle","Relic Stats","StSLib"],"gold_per_floor":[114,264,32,32,32,32,57,57,82,120,132,144,167,199,211,300,312,339,369,399,423,87,87,101,101,125,139,172,172,172,24,24,99,99,113,125,143,163,188,215,23,42,67,67,112,125,125,145,145,145,145,145],"floor_reached":51,"playtime":3380,"items_purged":["Doubt","Strike_G","Regret"],"score":1474,"play_id":"54631255-45b5-4d45-8be2-457d115a6c8f","local_time":"20201229134828","is_ascension_mode":true,"campfire_choices":[{"data":"Predator","floor":6,"key":"SMITH"},{"data":"Noxious Fumes","floor":8,"key":"SMITH"},{"data":"Deadly Poison","floor":11,"key":"SMITH"},{"floor":15,"key":"REST"},{"data":"Caltrops","floor":23,"key":"SMITH"},{"floor":25,"key":"REST"},{"floor":29,"key":"REST"},{"floor":32,"key":"REST"},{"data":"Sadistic Nature","floor":44,"key":"SMITH"},{"floor":49,"key":"RECALL"}],"circlet_count":0,"master_deck":["AscendersBane","Neutralize","Backflip","Deadly Poison+1","Predator+1","Noxious Fumes+1","Acrobatics","Noxious Fumes","Outmaneuver","Malaise","Backflip+1","Blur","Infinite Blades","Caltrops+1","Backflip","Deflect","Blur","Adrenaline","Dash","Phantasmal Killer","Setup","Blade Dance","Cloak And Dagger","Underhanded Strike","PiercingWail","Acrobatics","Adrenaline","After Image","Footwork","Sadistic Nature+1","Flash of Steel","Blur","Writhe","Blur+1","Outmaneuver","Escape Plan+1"],"relics":["Ring of the Snake","TheAbacus","Mummified Hand","Darkstone Periapt","MawBank","Pear","Gremlin Horn","Cursed Key","Membership Card","Boot","Anchor","Red Mask","Oddly Smooth Stone","Pandora\u0027s Box","Turnip","Ginger","Ice Cream"],"acts_visited":["Exordium","TheCity","TheBeyond"],"potions_floor_usage":[10,16,21,24,28,28,40,40,45,50,51],"damage_taken":[{"damage":0,"enemies":"2 Louse","floor":1,"turns":3},{"damage":4,"enemies":"Lagavulin","floor":7,"turns":5},{"damage":15,"enemies":"3 Sentries","floor":10,"turns":6},{"damage":0,"enemies":"Small Slimes","floor":13,"turns":2},{"damage":0,"enemies":"Cultist","floor":14,"turns":3},{"damage":34,"enemies":"Slime Boss","floor":16,"turns":8},{"damage":5,"enemies":"Shell Parasite","floor":18,"turns":6},{"damage":5,"enemies":"3 Byrds","floor":19,"turns":5},{"damage":5,"enemies":"3 Cultists","floor":20,"turns":5},{"damage":9,"enemies":"Cultist and Chosen","floor":21,"turns":8},{"damage":11,"enemies":"Chosen and Byrds","floor":24,"turns":5},{"damage":12,"enemies":"Snake Plant","floor":27,"turns":5},{"damage":28,"enemies":"Masked Bandits","floor":28,"turns":4},{"damage":15,"enemies":"Collector","floor":33,"turns":10},{"damage":13,"enemies":"3 Darklings","floor":35,"turns":5},{"damage":0,"enemies":"3 Shapes","floor":36,"turns":5},{"damage":0,"enemies":"Writhing Mass","floor":37,"turns":7},{"damage":0,"enemies":"3 Darklings","floor":38,"turns":5},{"damage":0,"enemies":"Mind Bloom Boss Battle","floor":39,"turns":7},{"damage":0,"enemies":"Reptomancer","floor":40,"turns":8},{"damage":0,"enemies":"Transient","floor":42,"turns":6},{"damage":16,"enemies":"2 Orb Walkers","floor":45,"turns":5},{"damage":0,"enemies":"Sphere and 2 Shapes","floor":46,"turns":5},{"damage":1,"enemies":"3 Darklings","floor":48,"turns":4},{"damage":0,"enemies":"Donu and Deca","floor":50,"turns":10},{"damage":45,"enemies":"Awakened One","floor":51,"turns":8}],"seed_played":"990425218110746042","potions_obtained":[{"floor":1,"key":"SpeedPotion"},{"floor":7,"key":"Weak Potion"},{"floor":10,"key":"Swift Potion"},{"floor":18,"key":"GhostInAJar"},{"floor":24,"key":"LiquidBronze"},{"floor":37,"key":"Dexterity Potion"},{"floor":39,"key":"BlessingOfTheForge"},{"floor":40,"key":"GhostInAJar"},{"floor":42,"key":"SkillPotion"},{"floor":48,"key":"GamblersBrew"}],"is_trial":false,"path_per_floor":["M","?","$","T","?","R","E","R","T","E","R","?","M","M","R","B",null,"M","M","M","M","$","R","M","R","T","M","?","R","?","$","R","B",null,"M","M","M","M","?","E","$","M","T","R","?","M","?","M","R","B","B"],"character_chosen":"THE_SILENT","items_purchased":["TheAbacus","Membership Card","Caltrops","Boot","PowerPotion","Oddly Smooth Stone","Footwork","Sadistic Nature","Flash of Steel"],"campfire_rested":4,"item_purchase_floors":[3,22,22,22,22,31,41,41,41],"current_hp_per_floor":[59,59,59,59,59,59,55,55,55,50,50,39,39,39,60,26,59,54,49,44,35,35,35,24,45,51,39,11,33,33,33,55,40,67,54,54,54,54,54,54,54,54,60,60,44,44,44,43,43,43,0,0],"gold":145,"neow_bonus":"TRANSFORM_TWO_CARDS","is_daily":false,"chose_seed":false,"campfire_upgraded":5,"win_rate":0.0,"timestamp":1609267708,"path_taken":["M","?","$","?","?","R","E","R","T","E","R","?","M","?","R","BOSS","M","?","M","M","$","R","M","R","T","M","?","R","?","$","R","BOSS","M","M","?","M","?","E","?","M","T","R","?","M","?","M","R","BOSS","BOSS"],"items_purchased_type":["Relic","Relic","Card","Relic","Potion","Relic","Card","Card","Card"],"build_version":"2020-12-22","purchased_purges":3,"victory":false,"max_hp_per_floor":[60,60,60,60,60,60,60,60,60,70,70,70,70,70,70,70,70,70,70,70,70,70,70,70,70,76,76,76,76,76,76,76,76,76,76,76,76,76,76,76,76,76,82,82,82,82,82,82,82,82,82,82],"relic_stats":{"Darkstone Periapt":12,"Gremlin Horn":[34,34],"counters":[26,150],"Ginger":[0],"MawBank":156,"Cursed Key":2,"Boot":[194],"TheAbacus":[306],"Mummified Hand":[102],"Pandora\u0027s Box":["Dash","Phantasmal Killer","Setup","Blade Dance","Cloak And Dagger","Underhanded Strike"],"Turnip":[5],"obtain_stats":[{"Darkstone Periapt":7,"Ice Cream":45,"Pear":10,"Gremlin Horn":12,"Oddly Smooth Stone":31,"Ginger":40,"MawBank":9,"Cursed Key":17,"Boot":22,"Anchor":26,"TheAbacus":3,"Mummified Hand":4,"Pandora\u0027s Box":34,"Turnip":39,"Red Mask":28,"Membership Card":22,"Ring of the Snake":0},{"Darkstone Periapt":2,"Ice Cream":22,"Pear":3,"Gremlin Horn":3,"Oddly Smooth Stone":13,"Ginger":20,"MawBank":2,"Cursed Key":6,"Boot":10,"Anchor":11,"TheAbacus":1,"Mummified Hand":1,"Pandora\u0027s Box":14,"Turnip":19,"Red Mask":13,"Membership Card":10,"Ring of the Snake":0},{"Darkstone Periapt":8,"Ice Cream":123,"Pear":14,"Gremlin Horn":14,"Oddly Smooth Stone":65,"Ginger":112,"MawBank":8,"Cursed Key":27,"Boot":51,"Anchor":56,"TheAbacus":3,"Mummified Hand":3,"Pandora\u0027s Box":75,"Turnip":104,"Red Mask":65,"Membership Card":51,"Ring of the Snake":0}],"Ring of the Snake":[52]},"card_choices":[{"not_picked":["Outmaneuver","Dagger Spray"],"picked":"Predator","floor":1},{"not_picked":["Deadly Poison","Backflip"],"picked":"Noxious Fumes","floor":7},{"not_picked":["Dagger Spray","Sucker Punch"],"picked":"Acrobatics","floor":10},{"not_picked":["Deadly Poison","Night Terror"],"picked":"Noxious Fumes","floor":13},{"not_picked":["Expertise","Riddle With Holes"],"picked":"Outmaneuver","floor":14},{"not_picked":["Storm of Steel","Venomology"],"picked":"Malaise","floor":16},{"not_picked":["Quick Slash","Blade Dance","Skewer"],"picked":"SKIP","floor":18},{"not_picked":["Caltrops","Eviscerate"],"picked":"Backflip+1","floor":19},{"not_picked":["Night Terror","Blade Dance"],"picked":"Blur","floor":20},{"not_picked":["Prepared","Terror+1"],"picked":"Infinite Blades","floor":21},{"not_picked":["Blade Dance","Bane"],"picked":"Backflip","floor":24},{"not_picked":["Bane","Acrobatics"],"picked":"Deflect","floor":27},{"not_picked":["Dagger Throw","Flying Knee"],"picked":"Blur","floor":28},{"not_picked":["Corpse Explosion","Malaise"],"picked":"Adrenaline","floor":33},{"not_picked":["Flying Knee","Concentrate+1"],"picked":"PiercingWail","floor":35},{"not_picked":["Flying Knee","Distraction","Deadly Poison"],"picked":"SKIP","floor":36},{"not_picked":["Deflect","Dagger Spray","Concentrate+1"],"picked":"SKIP","floor":37},{"not_picked":["Dagger Spray","Sucker Punch"],"picked":"Acrobatics","floor":38},{"not_picked":["Flying Knee+1","Cloak And Dagger"],"picked":"Adrenaline","floor":39},{"not_picked":["Riddle With Holes","Cloak And Dagger"],"picked":"After Image","floor":40},{"not_picked":["Dagger Spray","Bouncing Flask"],"picked":"Blur","floor":42},{"not_picked":["Blade Dance","Cloak And Dagger"],"picked":"Blur+1","floor":45},{"not_picked":["Bane","Dagger Throw"],"picked":"Outmaneuver","floor":46},{"not_picked":["Calculated Gamble+1","Setup"],"picked":"Escape Plan+1","floor":48}],"player_experience":1397363,"relics_obtained":[{"floor":4,"key":"Mummified Hand"},{"floor":7,"key":"Darkstone Periapt"},{"floor":9,"key":"MawBank"},{"floor":10,"key":"Pear"},{"floor":26,"key":"Anchor"},{"floor":28,"key":"Red Mask"},{"floor":39,"key":"Turnip"},{"floor":40,"key":"Ginger"},{"floor":45,"key":"Ice Cream"}],"event_choices":[{"damage_healed":0,"gold_gain":150,"player_choice":"AGREE","damage_taken":0,"max_hp_gain":0,"max_hp_loss":0,"event_name":"Liars Game","floor":2,"gold_loss":0,"cards_obtained":["Doubt"]},{"cards_removed":["Strike_G"],"damage_healed":0,"gold_gain":0,"player_choice":"Purged","damage_taken":0,"max_hp_gain":0,"max_hp_loss":0,"event_name":"Purifier","floor":5,"gold_loss":0},{"damage_healed":0,"gold_gain":0,"player_choice":"Success","damage_taken":11,"relics_obtained":["Gremlin Horn"],"max_hp_gain":0,"max_hp_loss":0,"event_name":"Scrap Ooze","floor":12,"gold_loss":0},{"damage_healed":0,"gold_gain":0,"player_choice":"Fought Bandits","damage_taken":0,"max_hp_gain":0,"max_hp_loss":0,"event_name":"Masked Bandits","floor":28,"gold_loss":0},{"damage_healed":0,"gold_gain":0,"player_choice":"Ignored","damage_taken":0,"max_hp_gain":0,"max_hp_loss":0,"event_name":"WeMeetAgain","floor":30,"gold_loss":0},{"damage_healed":0,"gold_gain":0,"player_choice":"Fight","damage_taken":0,"max_hp_gain":0,"max_hp_loss":0,"event_name":"MindBloom","floor":39,"gold_loss":0},{"damage_healed":0,"gold_gain":0,"player_choice":"Fight","damage_taken":0,"max_hp_gain":0,"max_hp_loss":0,"event_name":"Mysterious Sphere","floor":45,"gold_loss":0},{"cards_removed":["Survivor"],"damage_healed":0,"gold_gain":0,"player_choice":"Removed Skill","damage_taken":0,"max_hp_gain":0,"max_hp_loss":0,"event_name":"Falling","floor":47,"gold_loss":0}],"is_beta":false,"boss_relics":[{"not_picked":["SlaversCollar","Tiny House"],"picked":"Cursed Key"},{"not_picked":["Snecko Eye","Empty Cage"],"picked":"Pandora\u0027s Box"}],"items_purged_floors":[3,22,31],"is_endless":false,"potions_floor_spawned":[1,7,10,13,18,19,24,37,39,40,42,48],"killed_by":"Awakened One","ascension_level":20}}