{"host":"ds1yr10zonoc6w4a","time":1609286218,"event":{"mods":["2.2 Compatiblity","AchievementEnabler","Act Like it!","BaseMod","Downfall","Elementarium","Evolution","Gensokyo","Infinite Spire","Jorbs\u0027s Wanderer Trilogy","Koishi","Menagerie","Minty Spire (QoL Compilation)","Pale of the Ancients","StSLib","The Animator","Wandering Minibosses","vexMod","??????REMEMod"],"gold_per_floor":[15,25,25,44,7,7,22,66,66,88,115,40,40,57,57,161,161,173,423,411,39,39,39,39,39,39,39,39],"floor_reached":27,"playtime":9188,"items_purged":["animator:Strike"],"score":338,"play_id":"36ebe2d2-1618-460b-89ec-26783797d423","local_time":"20201229165658","is_ascension_mode":true,"campfire_choices":[{"data":"animator:Rena","floor":6,"key":"SMITH"},{"data":"animator:Geryuganshoop","floor":15,"key":"SMITH"},{"floor":23,"key":"RECALL"}],"circlet_count":0,"master_deck":["AscendersBane","animator:Shigure","animator:Defend_GoblinSlayer","animator:LizardPriest","animator:DwarfShaman","Gensokyo:HouraiInAPot","animator:Melzalgald","animator:Shalltear","animator:Raven","animator:Rena+1","animator:Aisha","animator:CowGirl","animator:FeridBathory","animator:YuiTsuruno","animator:Geryuganshoop+1","animator:Hans","Gensokyo:BlemishedSteel","Gensokyo:TarnishedGold","Gensokyo:Shovel","Gensokyo:LockedMedkit","animator:NarberalGamma","vexMod:UltimateCard"],"relics":["animator:LivingPicture","animator:ColorlessFragment","EVO:Axolotl","REME_ComplimentaryCards","vexMod:Dragonfruit","Cursed Key","wanderingMiniBosses:CarrionFlame","Gensokyo:UndefinedDarkness","Du-Vu Doll","Frozen Eye"],"acts_visited":["Exordium","Gensokyo:Gensokyoer"],"potions_floor_usage":[8,8,14,27],"damage_taken":[{"damage":0,"enemies":"2 Louse","floor":1,"turns":3},{"damage":7,"enemies":"Cultist","floor":2,"turns":4},{"damage":13,"enemies":"infinitespire:Voidling","floor":4,"turns":4},{"damage":5,"enemies":"2 Fungi Beasts","floor":7,"turns":7},{"damage":19,"enemies":"3 Sentries","floor":8,"turns":9},{"damage":4,"enemies":"Looter","floor":10,"turns":5},{"damage":0,"enemies":"Large Slime","floor":11,"turns":5},{"damage":6,"enemies":"Exordium Wildlife","floor":14,"turns":6},{"damage":3,"enemies":"Hexaghost","floor":16,"turns":9},{"damage":18,"enemies":"Gensokyo:CosmicMonolith","floor":18,"turns":6},{"damage":60,"enemies":"Gensokyo:Koishi","floor":27,"turns":6}],"seed_played":"-8895500764264242980","potions_obtained":[{"floor":3,"key":"EssenceOfSteel"},{"floor":3,"key":"Explosive Potion"},{"floor":10,"key":"hexamod:EctoCoolerPotion"},{"floor":14,"key":"Guardian:BlockOnCardUsePotion"}],"is_trial":false,"path_per_floor":["M","M","?","M","$","R","M","E","T","M","M","$","?","M","R","B",null,"M","?","?","COS","?","R","?","?","T","E"],"character_chosen":"THE_ANIMATOR","items_purchased":["animator:Rena"],"campfire_rested":0,"item_purchase_floors":[5],"current_hp_per_floor":[59,52,52,48,48,48,43,29,29,25,25,25,25,19,19,16,57,40,40,58,58,58,58,58,58,58,0,0],"gold":39,"neow_bonus":"REMOVE_TWO","is_daily":false,"chose_seed":false,"campfire_upgraded":2,"win_rate":0.0,"timestamp":1609286218,"path_taken":["M","M","?","?","?","R","M","E","T","?","M","$","?","M","R","BOSS","M","?","?","COS","?","R","?","?","T","E"],"items_purchased_type":["Card"],"build_version":"2020-12-22","purchased_purges":1,"victory":false,"max_hp_per_floor":[66,66,66,66,66,66,66,71,71,71,71,71,71,71,71,71,71,72,68,68,68,68,68,68,68,68,68,68],"card_choices":[{"not_picked":["animator:IrohaTamaki","animator:Add"],"picked":"animator:Melzalgald","floor":1},{"not_picked":["animator:Laby","animator:Kazuma"],"picked":"animator:Shalltear","floor":2},{"not_picked":["animator:Yoichi","animator:NagisaMomoe"],"picked":"animator:Raven","floor":4},{"not_picked":["animator:Add","animator:Raven"],"picked":"animator:Aisha","floor":7},{"not_picked":["animator:Tatsumaki","animator:MumenRider"],"picked":"animator:CowGirl","floor":8},{"not_picked":["animator:Vanir","animator:Ara"],"picked":"animator:FeridBathory","floor":10},{"not_picked":["animator:OrikoMikuni","animator:Chung"],"picked":"animator:YuiTsuruno","floor":11},{"not_picked":["animator:MumenRider","animator:Tatsumaki"],"picked":"animator:Geryuganshoop","floor":14},{"not_picked":["animator:Albedo","animator:Wiz"],"picked":"animator:Hans","floor":16},{"not_picked":["animator:Ciel","animator:Priestess"],"picked":"animator:Shinoa","floor":18}],"player_experience":617934,"relics_obtained":[{"floor":8,"key":"vexMod:Dragonfruit"},{"floor":9,"key":"infinitespire:FocusingShard"},{"floor":18,"key":"wanderingMiniBosses:CarrionFlame"},{"floor":26,"key":"Du-Vu Doll"}],"event_choices":[{"damage_healed":0,"gold_gain":0,"player_choice":"Got Potions","damage_taken":0,"max_hp_gain":0,"max_hp_loss":0,"event_name":"Lab","floor":3,"gold_loss":0}],"is_beta":false,"boss_relics":[{"not_picked":["REME_DuelDisc","vexMod:NewClearReactor"],"picked":"Cursed Key"}],"items_purged_floors":[12],"is_endless":false,"potions_floor_spawned":[4,10,14],"killed_by":"Gensokyo:Koishi","ascension_level":12}}