{"host":"pvf7uj918he10jir","time":1609213181,"event":{"mods":["AchievementEnabler","BaseMod","Colored Map","Colored Powertips","Highlight Path","Minty Spire (QoL Compilation)","Relic Stats","Slay the Relics Exporter","everything is the same but u backflip on backflip"],"gold_per_floor":[214,1,14,33,33,33,58,58,135,135,147,147,147,4,4,102,102,119,119,133,143,143,143],"floor_reached":22,"playtime":1108,"items_purged":[],"score":212,"play_id":"44aa1889-fce0-4030-918f-d2d6980edf69","local_time":"20201228223941","is_ascension_mode":true,"campfire_choices":[{"data":"Neutralize","floor":6,"key":"SMITH"},{"data":"Backflip","floor":8,"key":"SMITH"},{"data":"Finisher","floor":10,"key":"SMITH"},{"data":"Envenom","floor":12,"key":"SMITH"},{"floor":15,"key":"REST"}],"circlet_count":0,"master_deck":["Strike_G+1","Strike_G+1","Strike_G+1","Strike_G+1","Defend_G","Defend_G","Defend_G","Defend_G","Defend_G","Survivor","Neutralize+1","Backflip+1","Accuracy","Finisher+1","Envenom+1","Accuracy","Backstab","Die Die Die+1"],"relics":["Ring of the Snake","Juzu Bracelet","Whetstone","Matryoshka","Philosopher\u0027s Stone"],"acts_visited":["Exordium","TheCity"],"potions_floor_usage":[16,16,22,22],"damage_taken":[{"damage":8,"enemies":"Cultist","floor":1,"turns":4},{"damage":0,"enemies":"2 Louse","floor":3,"turns":4},{"damage":0,"enemies":"Jaw Worm","floor":4,"turns":6},{"damage":24,"enemies":"Gremlin Nob","floor":7,"turns":5},{"damage":14,"enemies":"Looter","floor":11,"turns":3},{"damage":19,"enemies":"Slime Boss","floor":16,"turns":13},{"damage":28,"enemies":"3 Byrds","floor":18,"turns":6},{"damage":9,"enemies":"Chosen","floor":20,"turns":4},{"damage":24,"enemies":"Centurion and Healer","floor":21,"turns":6},{"damage":14,"enemies":"Snecko","floor":22,"turns":4}],"seed_played":"4161819569840155254","potions_obtained":[{"floor":1,"key":"FearPotion"},{"floor":3,"key":"Weak Potion"},{"floor":20,"key":"BlessingOfTheForge"},{"floor":21,"key":"Fire Potion"}],"is_trial":false,"path_per_floor":["M","$","M","M","?","R","E","R","T","R","M","R","?","$","R","B",null,"M","?","M","M","M"],"character_chosen":"THE_SILENT","items_purchased":["Accuracy","Juzu Bracelet","Accuracy","Backstab"],"campfire_rested":1,"item_purchase_floors":[2,2,14,14],"current_hp_per_floor":[62,62,62,62,62,62,38,38,38,38,24,24,10,10,31,12,70,42,42,33,9,0,0],"gold":143,"neow_bonus":"HUNDRED_GOLD","is_daily":false,"chose_seed":false,"campfire_upgraded":4,"win_rate":0.0,"timestamp":1609213181,"path_taken":["M","$","M","M","?","R","E","R","T","R","M","R","?","?","R","BOSS","M","?","M","M","M"],"items_purchased_type":["Card","Relic","Card","Card"],"build_version":"2020-12-22","purchased_purges":0,"victory":false,"max_hp_per_floor":[70,70,70,70,70,70,70,70,70,70,70,70,70,70,70,70,70,70,70,70,70,70,70],"relic_stats":{"counters":[10,55],"Juzu Bracelet":0,"Whetstone":["Strike_G","Strike_G"],"obtain_stats":[{"Matryoshka":9,"Philosopher\u0027s Stone":17,"Juzu Bracelet":2,"Whetstone":7,"Ring of the Snake":0},{"Matryoshka":4,"Philosopher\u0027s Stone":6,"Juzu Bracelet":1,"Whetstone":4,"Ring of the Snake":0},{"Matryoshka":19,"Philosopher\u0027s Stone":35,"Juzu Bracelet":4,"Whetstone":19,"Ring of the Snake":0}],"Ring of the Snake":[20]},"card_choices":[{"not_picked":["Bouncing Flask","Sucker Punch"],"picked":"Backflip","floor":1},{"not_picked":["PiercingWail","Dagger Spray"],"picked":"Finisher","floor":3},{"not_picked":["Dagger Throw","Calculated Gamble","Poisoned Stab"],"picked":"SKIP","floor":4},{"not_picked":["Sucker Punch","Flying Knee","Leg Sweep"],"picked":"SKIP","floor":7},{"not_picked":["Backflip","Prepared","Acrobatics"],"picked":"SKIP","floor":11},{"not_picked":["Doppelganger","Wraith Form v2"],"picked":"Die Die Die","floor":16},{"not_picked":["Flechettes","Deflect","Prepared"],"picked":"SKIP","floor":18},{"not_picked":["Underhanded Strike+1","Deadly Poison","Flying Knee"],"picked":"SKIP","floor":20},{"not_picked":["All Out Attack","Poisoned Stab","Catalyst+1"],"picked":"SKIP","floor":21}],"player_experience":102506,"relics_obtained":[{"floor":7,"key":"Whetstone"},{"floor":9,"key":"Matryoshka"}],"event_choices":[{"damage_healed":0,"gold_gain":0,"cards_transformed":["Strike_G"],"player_choice":"Change","damage_taken":0,"max_hp_gain":0,"max_hp_loss":0,"event_name":"Living Wall","floor":5,"gold_loss":0,"cards_obtained":["Envenom"]},{"damage_healed":0,"gold_gain":0,"player_choice":"Entered Light","damage_taken":14,"max_hp_gain":0,"max_hp_loss":0,"event_name":"Shining Light","floor":13,"gold_loss":0,"cards_upgraded":["Strike_G","Strike_G"]},{"damage_healed":0,"gold_gain":0,"player_choice":"Forge","damage_taken":0,"max_hp_gain":0,"max_hp_loss":0,"event_name":"Accursed Blacksmith","floor":19,"gold_loss":0,"cards_upgraded":["Die Die Die"]}],"is_beta":false,"boss_relics":[{"not_picked":["SlaversCollar","Snecko Eye"],"picked":"Philosopher\u0027s Stone"}],"items_purged_floors":[],"is_endless":false,"potions_floor_spawned":[1,3,20,21],"killed_by":"Snecko","ascension_level":3}}