{"host":"u3zhfyeznnb1kiy1","time":1609265968,"event":{"mods":["BaseMod","Colored Map","Colored Powertips","Downfall","GifTheSpireLib","Highlight Path","Minty Spire (QoL Compilation)","StSLib"],"gold_per_floor":[99,116,135,585,112,140,167,17,74,103,103,103,123,138,158,253,253,253,264,23,23,23,23,23,35,20,34,34,45,45,62,78,180,180,105,122,142,159,57,75,99,99,99,99,28,45,45,58,77,77,77,112,77,77,77],"floor_reached":56,"playtime":8721,"items_purged":["Slimebound:Icky","Slimebound:Icky","sneckomod:Bewildered"],"score":1236,"play_id":"23b5eaa5-67b2-4a92-82bd-af62e6b70964","local_time":"20201229131928","is_ascension_mode":false,"campfire_choices":[{"floor":1.0,"key":"RECALL"},{"data":"sneckomod:UnknownRarePower","floor":8.0,"key":"SMITH"},{"floor":11.0,"key":"REST"},{"data":"sneckomod:UnlimitedRolls","floor":18.0,"key":"SMITH"},{"data":"sneckomod:SoulDraw","floor":28.0,"key":"SMITH"},{"data":"sneckomod:SerpentIdol","floor":30.0,"key":"SMITH"},{"data":"sneckomod:SerpentMind","floor":35,"key":"SMITH"},{"data":"Secret Weapon","floor":47,"key":"SMITH"},{"data":"sneckomod:Unknown3Cost","floor":54,"key":"SMITH"}],"circlet_count":0,"master_deck":["sneckomod:TailWhip","sneckomod:SnekBite","sneckomod:Unknown","sneckomod:Unknown","sneckomod:UnknownClassGUARDIAN","sneckomod:SoulDraw","Slimebound:Icky","sneckomod:Unknown1Cost","sneckomod:UnknownRarePower+1","sneckomod:DiceBlock","sneckomod:UnknownBlock","sneckomod:SerpentIdol+1","sneckomod:Unknown3Cost","sneckomod:UnknownUncommonSkill","sneckomod:UnlimitedRolls+1","sneckomod:Nope","sneckomod:SnakeSap","sneckomod:SoulDraw+1","sneckomod:UnknownClassBLUE","sneckomod:UnknownVulnerable","sneckomod:UnknownStrength","sneckomod:UnknownX","sneckomod:UnknownClassGREEN","sneckomod:Unknown3Cost+1","sneckomod:UnknownWeak+1","sneckomod:DiceCrush+1","sneckomod:TrashToTreasure","sneckomod:UnknownCommonSkill","sneckomod:UnknownUncommonSkill+1","sneckomod:SerpentMind+1","sneckomod:UnknownClassGREEN+1","sneckomod:CheapStock","sneckomod:UnknownRareSkill","Secret Weapon+1","sneckomod:UnknownWeak","sneckomod:UnknownUncommonPower","sneckomod:QuickBite+1","sneckomod:QuickMove+1","sneckomod:TrashToTreasure+1","sneckomod:UnknownUncommonPower"],"relics":["sneckomod:SneckoSoul","Kunai","Darkstone Periapt","Tiny Chest","downfall:HeartBlessingRed","downfall:HeartBlessingGreen","WingedGreaves","Blood Vial","Busted Crown","sneckomod:BabySnecko","Eternal Feather","Philosopher\u0027s Stone","downfall:HeartBlessingBlue","Potion Belt","Shuriken","Anchor"],"acts_visited":["Exordium","TheCity","TheBeyond","TheEnding"],"potions_floor_usage":[39,39,39,52,55,55,55,55],"damage_taken":[{"damage":0.0,"enemies":"2 Louse","floor":2.0,"turns":4.0},{"damage":5.0,"enemies":"Small Slimes","floor":3.0,"turns":4.0},{"damage":5.0,"enemies":"downfall:FleeingMerchant","floor":5.0,"turns":4.0},{"damage":29.0,"enemies":"Lagavulin","floor":6.0,"turns":9.0},{"damage":23.0,"enemies":"Lagavulin Event","floor":9.0,"turns":6.0},{"damage":31.0,"enemies":"3 Sentries","floor":10.0,"turns":10.0},{"damage":0.0,"enemies":"Jaw Worm","floor":13.0,"turns":5.0},{"damage":6.0,"enemies":"Red Slaver","floor":14.0,"turns":6.0},{"damage":1.0,"enemies":"2 Fungi Beasts","floor":15.0,"turns":4.0},{"damage":4.0,"enemies":"downfall:Silent","floor":16.0,"turns":9.0},{"damage":9.0,"enemies":"3 Byrds","floor":19.0,"turns":6.0},{"damage":12.0,"enemies":"downfall:FleeingMerchant","floor":20.0,"turns":4.0},{"damage":31.0,"enemies":"Snake Plant","floor":25.0,"turns":3.0},{"damage":0.0,"enemies":"downfall:FleeingMerchant","floor":26.0,"turns":4.0},{"damage":0.0,"enemies":"Snecko","floor":27.0,"turns":5.0},{"damage":8.0,"enemies":"Centurion and Healer","floor":29.0,"turns":4.0},{"damage":6.0,"enemies":"Cultist and Chosen","floor":31.0,"turns":3.0},{"damage":11.0,"enemies":"Chosen and Byrds","floor":32.0,"turns":5.0},{"damage":71.0,"enemies":"downfall:Watcher","floor":33.0,"turns":6.0},{"damage":4,"enemies":"3 Darklings","floor":36,"turns":2},{"damage":10,"enemies":"Orb Walker","floor":37,"turns":3},{"damage":0,"enemies":"Transient","floor":38,"turns":3},{"damage":0,"enemies":"downfall:FleeingMerchant","floor":39,"turns":2},{"damage":26,"enemies":"Maw","floor":40,"turns":7},{"damage":0,"enemies":"4 Shapes","floor":46,"turns":3},{"damage":4,"enemies":"3 Darklings","floor":48,"turns":5},{"damage":18,"enemies":"Spire Growth","floor":49,"turns":5},{"damage":23,"enemies":"downfall:Defect","floor":50,"turns":5},{"damage":7,"enemies":"downfall:CharBossMerchant","floor":52,"turns":4},{"damage":23,"enemies":"downfall:NeowBoss","floor":55,"turns":12}],"seed_played":"-2631973835239481334","potions_obtained":[{"floor":2.0,"key":"Energy Potion"},{"floor":6.0,"key":"Energy Potion"},{"floor":14.0,"key":"SmokeBomb"},{"floor":15.0,"key":"ColorlessPotion"},{"floor":27.0,"key":"SkillPotion"},{"floor":29.0,"key":"Energy Potion"},{"floor":31.0,"key":"SteroidPotion"},{"floor":33.0,"key":"sneckomod:DiceRollPotion"},{"floor":40,"key":"Energy Potion"},{"floor":48,"key":"BlessingOfTheForge"},{"floor":49,"key":"DistilledChaos"},{"floor":52,"key":"Weak Potion"}],"is_trial":false,"path_per_floor":["R","M","M","?","$","E","T","R","?","E","R","?","M","M","M","B",null,"R","M","$","?","T","?","T","M","$","M","R","M","R","M","M","B",null,"R","M","M","M","$","M","T","T","?","?","$","M","R","M","M","B",null,"E","$","R","B",null],"character_chosen":"THE_SNECKO","items_purchased":["Kunai","sneckomod:UnknownRarePower","sneckomod:SnakeSap","sneckomod:SoulDraw","sneckomod:UnknownRareSkill","Secret Weapon","sneckomod:UnknownUncommonPower","sneckomod:UnknownUncommonPower"],"campfire_rested":1,"item_purchase_floors":[5,5,20,20,39,39,45,53],"current_hp_per_floor":[99,100,95,95,92,63,63,63,41,10,40,40,42,39,41,39,105,105,96,86,92,92,98,98,70,72,74,89,84,102,99,90,29,120,130,126,119,130,132,111,111,111,111,111,112,114,134,133,116,95,134,127,128,135,112],"gold":77,"neow_bonus":"TEN_PERCENT_HP_BONUS","is_daily":false,"chose_seed":false,"campfire_upgraded":7,"win_rate":0.0,"timestamp":1609265968,"path_taken":["R","M","M","?","$","E","T","R","?","E","R","?","M","M","M","BOSS","R","M","$","?","?","?","T","M","?","?","R","M","R","M","M","BOSS","R","M","M","M","$","M","T","?","?","?","?","M","R","M","M","BOSS","E","$","R","BOSS"],"items_purchased_type":["Relic","Card","Card","Card","Card","Card","Card","Card"],"build_version":"2020-12-22","purchased_purges":3,"victory":true,"max_hp_per_floor":[99,100,100,100,102,102,102,102,103,103,103,103,103,104,105,105,105,105,105,105,111,111,117,117,118,118,118,118,119,119,120,120,120,120,130,130,131,131,132,133,133,133,133,133,134,134,134,134,134,134,134,134,135,135,135],"card_choices":[{"not_picked":["sneckomod:RainOfDice","sneckomod:Nope"],"picked":"sneckomod:UnknownClassGUARDIAN","floor":2.0},{"not_picked":["sneckomod:UnknownBlock","sneckomod:Unknown1Cost"],"picked":"sneckomod:SoulDraw","floor":3.0},{"not_picked":["sneckomod:SlitherStrike","sneckomod:UnknownClassPURPLE"],"picked":"sneckomod:Unknown1Cost","floor":5.0},{"not_picked":["sneckomod:DefensiveFlair","sneckomod:UnknownCommonSkill"],"picked":"sneckomod:DiceBlock","floor":6.0},{"not_picked":["sneckomod:IronFang","sneckomod:UnknownClassGUARDIAN"],"picked":"sneckomod:UnknownBlock","floor":9.0},{"not_picked":["sneckomod:Nope","sneckomod:UnknownClassTHE_CHAMP_GRAY"],"picked":"sneckomod:SerpentIdol","floor":10.0},{"not_picked":["sneckomod:UnknownCommonAttack","sneckomod:Unknown1Cost"],"picked":"sneckomod:SnekBeam","floor":13.0},{"not_picked":["sneckomod:Unknown1Cost","sneckomod:UnknownWeak"],"picked":"sneckomod:Unknown3Cost","floor":14.0},{"not_picked":["sneckomod:UnknownClassSLIMEBOUND","sneckomod:MasterEye"],"picked":"sneckomod:UnknownUncommonSkill","floor":15.0},{"not_picked":["sneckomod:UnknownRareAttack","sneckomod:SerpentMind"],"picked":"sneckomod:UnlimitedRolls","floor":16.0},{"not_picked":["sneckomod:QuickBite"],"picked":"SKIP","floor":19.0},{"not_picked":[],"picked":"sneckomod:Nope","floor":20.0},{"not_picked":[],"picked":"sneckomod:UnknownWeak+1","floor":25.0},{"not_picked":[],"picked":"sneckomod:DiceCrush+1","floor":26.0},{"not_picked":[],"picked":"sneckomod:TrashToTreasure","floor":27.0},{"not_picked":[],"picked":"sneckomod:UnknownCommonSkill","floor":29.0},{"not_picked":[],"picked":"sneckomod:UnknownUncommonSkill+1","floor":31.0},{"not_picked":["sneckomod:UnknownCommonSkill"],"picked":"SKIP","floor":32.0},{"not_picked":[],"picked":"sneckomod:SerpentMind","floor":33.0},{"not_picked":["sneckomod:SoulRoll+1"],"picked":"SKIP","floor":36},{"not_picked":[],"picked":"sneckomod:UnknownClassGREEN+1","floor":37},{"not_picked":[],"picked":"sneckomod:CheapStock","floor":38},{"not_picked":["sneckomod:UnknownCommonAttack"],"picked":"SKIP","floor":39},{"not_picked":[],"picked":"sneckomod:UnknownWeak","floor":40},{"not_picked":["sneckomod:SoulRoll"],"picked":"SKIP","floor":46},{"not_picked":[],"picked":"sneckomod:QuickBite+1","floor":48},{"not_picked":[],"picked":"sneckomod:QuickMove+1","floor":49},{"not_picked":[],"picked":"sneckomod:TrashToTreasure+1","floor":52}],"player_experience":1164598,"relics_obtained":[{"floor":6.0,"key":"Darkstone Periapt"},{"floor":7.0,"key":"Tiny Chest"},{"floor":9.0,"key":"WingedGreaves"},{"floor":10.0,"key":"Blood Vial"},{"floor":24.0,"key":"Eternal Feather"},{"floor":41,"key":"Potion Belt"},{"floor":42,"key":"Shuriken"},{"floor":52,"key":"Anchor"}],"event_choices":[{"cards_removed":["sneckomod:SnekBeam"],"damage_healed":0,"gold_gain":0,"player_choice":"Removed Attack","damage_taken":0,"max_hp_gain":0,"max_hp_loss":0,"event_name":"Falling","floor":44,"gold_loss":0}],"is_beta":false,"boss_relics":[{"not_picked":["Pandora\u0027s Box","Calling Bell"],"picked":"Busted Crown"},{"not_picked":["Tiny House","Astrolabe"],"picked":"Philosopher\u0027s Stone"}],"items_purged_floors":[5,20,39],"is_endless":false,"potions_floor_spawned":[2,6,14,15,27,29,31,33,40,48,49,52],"ascension_level":0}}