{"host":"ixenv8b8actib82w","time":1609244456,"event":{"mods":["Act Like it!","BaseMod","Conspire","Downfall","Gremlin Mod","Hallownest","Lobotomy","Minty Spire (QoL Compilation)","Replay The Spire","Spicy Shops","StSLib","The Gatherer","The Jungle","The Marked","The Runesmith","vexMod"],"gold_per_floor":[114,31,31,49,66,66,84,9,60,60,80,80,80,93,93,192,242,257,257,265,265,265,265],"floor_reached":21,"playtime":1930,"items_purged":[],"score":221,"play_id":"32bf1fa5-962a-497c-80a1-cca09fdbb5b6","local_time":"20201229202056","is_ascension_mode":false,"metric_token":1045,"campfire_choices":[{"data":"expansioncontent:DefensiveStance","floor":6,"key":"SMITH"},{"data":"Gatherer:Herbalism","floor":10,"key":"SMITH"},{"floor":15,"key":"REST"}],"circlet_count":0,"master_deck":["Gatherer:Strike_Gatherer","Gatherer:Strike_Gatherer","Gatherer:Strike_Gatherer","Gatherer:Strike_Gatherer","Gatherer:Strike_Gatherer","Gatherer:Defend_Gatherer","Gatherer:Defend_Gatherer","Gatherer:Defend_Gatherer","Gatherer:Defend_Gatherer","Gatherer:Defend_Gatherer","Gatherer:Centralize","Gatherer:FlowerWhip","QueenOfHatred","Gatherer:TreeGrowth","expansioncontent:DefensiveStance+1","CrumblingArmor","MHz","Gatherer:DrugPower","Murderer","Gatherer:Herbalism+1","Hallownest:skillGreenpathMap+1","OldLady","Gatherer:VenomBarrier","ShyLook","Gatherer:QuickSynthesis","FieryBird","Gatherer:BomberForm+1","Gatherer:BambuSword","SingingMachine","WallGazer","Gatherer:Duplicator"],"relics":["Gatherer:AlchemyBag","CogitoBucket","Strawberry","Hallownest:DreamNailRelic","HellTrain","Replay:Grab Bag","vexMod:DeviousBotling","SlaversCollar","vexMod:BigBerry","Tiny House"],"acts_visited":["Hallownest:Greenpath","TheCity"],"potions_floor_usage":[11,16,16,18,21],"damage_taken":[{"damage":3,"enemies":"Hallownest:2_MossCreeps","floor":1,"turns":4},{"damage":3,"enemies":"Hallownest:monsterHuskWarrior","floor":4,"turns":4},{"damage":0,"enemies":"2_ Uuma","floor":5,"turns":5},{"damage":5,"enemies":"Hallownest:MossCreep_and_Mosskin","floor":7,"turns":5},{"damage":17,"enemies":"Hallownest:1_Ooma_and_2_Uuma","floor":11,"turns":8},{"damage":26,"enemies":"Hallownest:1_Baldur_1_Crawlid_1_Warrior","floor":14,"turns":4},{"damage":63,"enemies":"Hallownest:BossFalseKnight","floor":16,"turns":10},{"damage":76,"enemies":"Shell Parasite","floor":18,"turns":5},{"damage":22,"enemies":"Chosen","floor":20,"turns":5}],"seed_played":"-6819694639044445527","potions_obtained":[{"floor":4,"key":"LiquidMemories"},{"floor":5,"key":"SteroidPotion"},{"floor":11,"key":"Fire Potion"},{"floor":14,"key":"Fire Potion"},{"floor":16,"key":"Poison Potion"},{"floor":17,"key":"SneckoOil"},{"floor":18,"key":"Swift Potion"}],"is_trial":false,"path_per_floor":["M","$","?","M","M","R","M","?","T","R","M","?","?","M","R","B",null,"M","?","M","M"],"character_chosen":"THE_GATHERER","items_purchased":["expansioncontent:DefensiveStance"],"campfire_rested":1,"item_purchase_floors":[2],"current_hp_per_floor":[69,69,69,72,72,72,69,69,76,76,62,53,53,30,53,5,114,41,41,25,0,0,0],"gold":265,"neow_bonus":"","is_daily":false,"chose_seed":false,"campfire_upgraded":2,"win_rate":0.0,"timestamp":1609244456,"path_taken":["M","$","?","M","M","R","M","?","T","R","?","?","?","?","R","BOSS","M","?","?","M"],"items_purchased_type":["Card"],"build_version":"2020-12-22","purchased_purges":0,"victory":false,"max_hp_per_floor":[72,72,72,72,72,72,72,72,79,79,79,79,79,79,79,79,114,114,114,114,114,114,114],"card_choices":[{"not_picked":["UniverseFragment","SpiderBud","FieryBird"],"picked":"Singing Bowl","floor":1},{"not_picked":["VoidDream","Murderer"],"picked":"QueenOfHatred","floor":1},{"not_picked":["Gatherer:AromaProtection","Gatherer:SaveValuables"],"picked":"Gatherer:TreeGrowth","floor":1},{"not_picked":["RedShoes","FairyFestival"],"picked":"CrumblingArmor","floor":4},{"not_picked":["Gatherer:CollectorsShot","Gatherer:Convert","Gatherer:GatherMaterial"],"picked":"SKIP","floor":4},{"not_picked":["Mercenary","UniverseFragment","LongBird"],"picked":"Singing Bowl","floor":5},{"not_picked":["Funeral","BeautyBeast"],"picked":"MHz","floor":5},{"not_picked":["Gatherer:AromaProtection","Gatherer:Frenzy"],"picked":"Gatherer:DrugPower","floor":5},{"not_picked":["Murderer","NakedNest","UniverseFragment"],"picked":"Singing Bowl","floor":7},{"not_picked":["OSAHOGD","WallGazer"],"picked":"Murderer","floor":7},{"not_picked":["Gatherer:FragileHammer","Gatherer:TacticalStrike"],"picked":"Gatherer:Herbalism","floor":7},{"not_picked":["QueenBee","SpiderBud","Wellcheers"],"picked":"Singing Bowl","floor":11},{"not_picked":["UniverseFragment","Yin"],"picked":"OldLady","floor":11},{"not_picked":["Gatherer:Convert","Gatherer:UpgradeBag"],"picked":"Gatherer:VenomBarrier","floor":11},{"not_picked":["Wellcheers","MeatLantern","RedShoes"],"picked":"Singing Bowl","floor":14},{"not_picked":["BlackArmy","FairyFestival"],"picked":"ShyLook","floor":14},{"not_picked":["Gatherer:TreeGrowth","Gatherer:Frenzy"],"picked":"Gatherer:QuickSynthesis","floor":14},{"not_picked":["WallGazer","BeautyBeast"],"picked":"FieryBird","floor":16},{"not_picked":["Gatherer:MindSearch","Gatherer:LuckyClover"],"picked":"Gatherer:BomberForm","floor":16},{"not_picked":["Gatherer:FragileHammer","Gatherer:Convert"],"picked":"Gatherer:BambuSword","floor":17},{"not_picked":["WhitesApple","FairyFestival"],"picked":"SingingMachine","floor":18},{"not_picked":["Gatherer:CarefulStrike","Gatherer:ScentOfRosmari","Gatherer:SaveValuables"],"picked":"SKIP","floor":18},{"not_picked":["SnowQueen","Scorched"],"picked":"WallGazer","floor":20},{"not_picked":["Gatherer:LuckyClover","Gatherer:Herbalism"],"picked":"Gatherer:Duplicator","floor":20}],"player_experience":95214,"relics_obtained":[{"floor":9,"key":"Strawberry"}],"event_choices":[{"damage_healed":0,"gold_gain":0,"player_choice":"Upgraded","damage_taken":0,"max_hp_gain":0,"max_hp_loss":0,"event_name":"Upgrade Shrine","floor":19,"gold_loss":0,"cards_upgraded":["Hallownest:skillGreenpathMap"]}],"is_beta":false,"boss_relics":[{"not_picked":["vexMod:EndlessSickness","Runic Dome"],"picked":"Replay:Grab Bag"},{"not_picked":["Fusion Hammer","ChewingGum"],"picked":"vexMod:DeviousBotling"},{"not_picked":["vexMod:RockOfEvil","vexMod:TanglingVine"],"picked":"SlaversCollar"},{"not_picked":["Black Star","conspire:RunicOctahedron"],"picked":"vexMod:BigBerry"},{"not_picked":["Astrolabe","Honey Jar"],"picked":"Tiny House"}],"items_purged_floors":[],"is_endless":false,"potions_floor_spawned":[4,5,11,14,16,18],"killed_by":"Centurion and Healer","ascension_level":0}}