{"host":"a5lz0e76zb3fcwkm","time":1609252735,"event":{"mods":["AchievementEnabler","BaseMod","Colored Map","Colored Powertips","Minty Spire (QoL Compilation)","StSLib","SuperFastMode"],"gold_per_floor":[114,39,54,54,66,86,86,120,146,177,199,274,329,366,366,446,446,462,84,100,141,152,182,182,182,182,182,192,292,323,359,359,445,445,469,469,469,406,243,274,274,309,361,389,389,44,44,64,64,64,64,64,64,23,51,51],"floor_reached":57,"playtime":1726,"items_purged":["Strike_R","Bash+1"],"score":2893,"play_id":"0bebe159-fb1f-4b5a-9ae3-1183ebd99538","local_time":"20201229233855","is_ascension_mode":true,"campfire_choices":[{"data":"Bludgeon","floor":7.0,"key":"SMITH"},{"data":"Fire Breathing","floor":15.0,"key":"SMITH"},{"data":"Seeing Red","floor":24.0,"key":"SMITH"},{"floor":27.0,"key":"RECALL"},{"data":"Second Wind","floor":32,"key":"SMITH"},{"floor":41,"key":"REST"},{"floor":45,"key":"REST"},{"data":"Shockwave","floor":47,"key":"SMITH"},{"data":"Double Tap","floor":49,"key":"SMITH"},{"data":"Feel No Pain","floor":53,"key":"SMITH"}],"circlet_count":0,"master_deck":["AscendersBane","Defend_R","Defend_R","Defend_R","Bludgeon+1","Power Through","Flame Barrier","Seeing Red+1","Fire Breathing+1","Impervious","Battle Trance","Second Wind+1","Double Tap+1","Entrench+1","Shockwave+1","Feel No Pain+1","Immolate+1","Impervious","Body Slam+1","Body Slam+1","Power Through"],"relics":["Burning Blood","Orichalcum","CeramicFish","Whetstone","Pocketwatch","Mark of Pain","Membership Card","Gambling Chip","Red Mask","Happy Flower","TungstenRod","WingedGreaves","Pantograph","Molten Egg 2","Pear","Empty Cage","TheAbacus","Ginger","Oddly Smooth Stone","Regal Pillow","Potion Belt","Orrery","Centennial Puzzle","StoneCalendar"],"acts_visited":["Exordium","TheCity","TheBeyond","TheEnding"],"potions_floor_usage":[40,42,42,55,56,56,56],"damage_taken":[{"damage":2.0,"enemies":"2 Louse","floor":1.0,"turns":4.0},{"damage":7.0,"enemies":"Jaw Worm","floor":3.0,"turns":2.0},{"damage":6.0,"enemies":"Cultist","floor":5.0,"turns":3.0},{"damage":1.0,"enemies":"Looter","floor":6.0,"turns":3.0},{"damage":0.0,"enemies":"3 Sentries","floor":8.0,"turns":9.0},{"damage":2.0,"enemies":"Gremlin Nob","floor":10.0,"turns":3.0},{"damage":1.0,"enemies":"Blue Slaver","floor":11.0,"turns":3.0},{"damage":0.0,"enemies":"Gremlin Nob","floor":13.0,"turns":2.0},{"damage":8.0,"enemies":"3 Sentries","floor":14.0,"turns":7.0},{"damage":11.0,"enemies":"The Guardian","floor":16.0,"turns":9.0},{"damage":2.0,"enemies":"Spheric Guardian","floor":18.0,"turns":5.0},{"damage":1.0,"enemies":"Shell Parasite","floor":20.0,"turns":3.0},{"damage":6.0,"enemies":"Masked Bandits","floor":21.0,"turns":4.0},{"damage":2.0,"enemies":"3 Cultists","floor":22.0,"turns":5.0},{"damage":32.0,"enemies":"Slavers","floor":23.0,"turns":3.0},{"damage":0.0,"enemies":"Snecko","floor":28.0,"turns":4.0},{"damage":0,"enemies":"Colosseum Slavers","floor":29,"turns":4},{"damage":1,"enemies":"Colosseum Nobs","floor":29,"turns":3},{"damage":0,"enemies":"Gremlin Leader","floor":30,"turns":3},{"damage":17,"enemies":"Slavers","floor":31,"turns":4},{"damage":34,"enemies":"Champ","floor":33,"turns":10},{"damage":0,"enemies":"3 Shapes","floor":35,"turns":4},{"damage":76,"enemies":"Giant Head","floor":40,"turns":9},{"damage":21,"enemies":"Reptomancer","floor":42,"turns":5},{"damage":10,"enemies":"3 Darklings","floor":44,"turns":3},{"damage":0,"enemies":"Spire Growth","floor":48,"turns":2},{"damage":11,"enemies":"Time Eater","floor":50,"turns":8},{"damage":39,"enemies":"Awakened One","floor":51,"turns":10},{"damage":20,"enemies":"Shield and Spear","floor":55,"turns":6},{"damage":45,"enemies":"The Heart","floor":56,"turns":9}],"seed_played":"7579549052164312717","potions_obtained":[{"floor":3.0,"key":"SteroidPotion"},{"floor":5.0,"key":"Fruit Juice"},{"floor":6.0,"key":"SneckoOil"},{"floor":8.0,"key":"Energy Potion"},{"floor":14.0,"key":"SmokeBomb"},{"floor":23.0,"key":"Dexterity Potion"},{"floor":28.0,"key":"Explosive Potion"},{"floor":29,"key":"SkillPotion"},{"floor":30,"key":"LiquidMemories"},{"floor":33,"key":"Regen Potion"},{"floor":40,"key":"SpeedPotion"}],"is_trial":false,"path_per_floor":["M","?","M","?","M","M","R","E","T","E","M","?","?","E","R","B",null,"M","$","M","?","M","E","R","?","T","R","M","?","E","E","R","B",null,"M","?","?","$","$","E","R","E","T","M","R","$","R","M","R","B","B",null,"R","$","E","B",null],"character_chosen":"IRONCLAD","items_purchased":["Membership Card","Gambling Chip","Shockwave","Feel No Pain","Immolate+1","TheAbacus","Potion Belt","Orrery","Centennial Puzzle","Fruit Juice","GamblersBrew","Dexterity Potion","Ancient Potion"],"campfire_rested":2,"item_purchase_floors":[19,19,38,39,39,39,46,46,46,46,46,46,54],"current_hp_per_floor":[68,68,67,67,67,73,73,73,73,73,73,62,68,66,66,61,70,73,73,73,73,73,47,47,47,47,47,53,64,70,69,69,55,76,82,82,79,79,79,9,32,31,31,27,65,65,65,71,71,74,46,71,71,71,57,45],"gold":51,"neow_bonus":"THREE_RARE_CARDS","is_daily":false,"chose_seed":false,"campfire_upgraded":7,"win_rate":0.0,"timestamp":1609252735,"path_taken":["M","?","M","?","M","M","R","E","T","E","?","?","?","E","R","BOSS","M","$","M","?","M","E","R","?","T","R","M","?","E","E","R","BOSS","M","?","?","$","$","E","R","E","T","M","R","$","R","M","R","BOSS","BOSS","R","$","E","BOSS"],"items_purchased_type":["Relic","Relic","Card","Card","Card","Relic","Relic","Relic","Relic","Potion","Potion","Potion","Potion"],"build_version":"2020-12-22","purchased_purges":2,"victory":true,"max_hp_per_floor":[68,68,68,68,68,73,73,73,73,73,73,73,73,73,73,73,73,73,73,73,73,73,73,73,73,73,73,73,73,73,83,83,83,83,83,83,79,79,79,79,79,79,79,79,79,79,79,79,79,79,79,79,79,79,79,84],"card_choices":[{"not_picked":["Impervious","Brutality"],"picked":"Bludgeon","floor":0.0},{"not_picked":["True Grit","Headbutt","Havoc"],"picked":"SKIP","floor":1.0},{"not_picked":["Sentinel","Body Slam","Rage"],"picked":"SKIP","floor":3.0},{"not_picked":["Clothesline","Anger"],"picked":"Power Through","floor":5.0},{"not_picked":["Heavy Blade","Pummel"],"picked":"Flame Barrier","floor":6.0},{"not_picked":["Limit Break","Thunderclap","Clash"],"picked":"SKIP","floor":8.0},{"not_picked":["Whirlwind","Carnage","Headbutt"],"picked":"SKIP","floor":10.0},{"not_picked":["Pommel Strike","Cleave"],"picked":"Seeing Red","floor":11.0},{"not_picked":["Pommel Strike","Rampage"],"picked":"Fire Breathing","floor":14.0},{"not_picked":["Brutality","Fiend Fire"],"picked":"Impervious","floor":16.0},{"not_picked":["Pommel Strike","Sword Boomerang","Body Slam"],"picked":"SKIP","floor":18.0},{"not_picked":["Burning Pact","Heavy Blade","Bloodletting"],"picked":"SKIP","floor":20.0},{"not_picked":["Limit Break","Power Through"],"picked":"Battle Trance","floor":21.0},{"not_picked":["Sentinel","Anger+1","Ghostly Armor+1"],"picked":"SKIP","floor":22.0},{"not_picked":["Pommel Strike","Battle Trance","Iron Wave"],"picked":"SKIP","floor":23.0},{"not_picked":["Clothesline","Infernal Blade+1","Havoc"],"picked":"SKIP","floor":28.0},{"not_picked":["Fire Breathing","Rupture","Whirlwind+1"],"picked":"SKIP","floor":30},{"not_picked":["Inflame","Warcry"],"picked":"Second Wind","floor":31},{"not_picked":["Berserk","Limit Break"],"picked":"Double Tap","floor":33},{"not_picked":["Evolve+1","Sword Boomerang+1"],"picked":"Entrench+1","floor":35},{"not_picked":["Blood for Blood+1","Wild Strike+1","Cleave+1"],"picked":"SKIP","floor":40},{"not_picked":["Headbutt+1","True Grit","Dark Embrace"],"picked":"SKIP","floor":42},{"not_picked":["Heavy Blade+1","Ghostly Armor+1"],"picked":"Impervious","floor":44},{"not_picked":["Wild Strike+1","Iron Wave+1"],"picked":"Body Slam+1","floor":46},{"not_picked":["Bloodletting","Shrug It Off"],"picked":"Body Slam+1","floor":46},{"not_picked":["Heavy Blade+1","Feed+1"],"picked":"Power Through","floor":46},{"not_picked":["Pummel+1","Twin Strike+1","Shrug It Off"],"picked":"SKIP","floor":48},{"not_picked":["Sword Boomerang+1","Infernal Blade","Twin Strike+1"],"picked":"SKIP","floor":55}],"player_experience":1658594,"relics_obtained":[{"floor":8.0,"key":"Orichalcum"},{"floor":10.0,"key":"CeramicFish"},{"floor":13.0,"key":"Whetstone"},{"floor":14.0,"key":"Pocketwatch"},{"floor":21.0,"key":"Red Mask"},{"floor":23.0,"key":"Happy Flower"},{"floor":26.0,"key":"TungstenRod"},{"floor":29,"key":"WingedGreaves"},{"floor":29,"key":"Pantograph"},{"floor":30,"key":"Molten Egg 2"},{"floor":31,"key":"Pear"},{"floor":40,"key":"Ginger"},{"floor":42,"key":"Oddly Smooth Stone"},{"floor":43,"key":"Regal Pillow"},{"floor":55,"key":"StoneCalendar"}],"event_choices":[{"cards_removed":["Strike_R"],"damage_healed":0.0,"max_hp_gain":0.0,"max_hp_loss":0.0,"gold_gain":0.0,"event_name":"The Cleric","player_choice":"Card Removal","floor":2.0,"gold_loss":75.0,"damage_taken":0.0},{"cards_removed":["Strike_R"],"damage_healed":0.0,"max_hp_gain":0.0,"max_hp_loss":0.0,"gold_gain":0.0,"event_name":"Purifier","player_choice":"Purged","floor":4.0,"gold_loss":0.0,"damage_taken":0.0},{"damage_healed":0.0,"max_hp_gain":0.0,"max_hp_loss":0.0,"gold_gain":75.0,"event_name":"World of Goop","player_choice":"Gather Gold","floor":12.0,"gold_loss":0.0,"damage_taken":11.0},{"damage_healed":0.0,"max_hp_gain":0.0,"max_hp_loss":0.0,"gold_gain":0.0,"event_name":"Dead Adventurer","player_choice":"Searched \u00271\u0027 times","floor":13.0,"gold_loss":0.0,"damage_taken":0.0},{"damage_healed":0.0,"max_hp_gain":0.0,"max_hp_loss":0.0,"gold_gain":0.0,"event_name":"Masked Bandits","player_choice":"Fought Bandits","floor":21.0,"gold_loss":0.0,"damage_taken":0.0},{"damage_healed":0.0,"max_hp_gain":0.0,"max_hp_loss":0.0,"gold_gain":0.0,"event_name":"Ghosts","player_choice":"Ignored","floor":25.0,"gold_loss":0.0,"damage_taken":0.0},{"damage_healed":0,"gold_gain":0,"player_choice":"Fight","damage_taken":0,"max_hp_gain":0,"max_hp_loss":0,"event_name":"Colosseum","floor":29,"gold_loss":0},{"damage_healed":0,"gold_gain":0,"player_choice":"Fought Nobs","damage_taken":0,"max_hp_gain":0,"max_hp_loss":0,"event_name":"Colosseum","floor":29,"gold_loss":0},{"cards_removed":["Defend_R"],"damage_healed":0,"gold_gain":0,"player_choice":"Removed Skill","damage_taken":0,"max_hp_gain":0,"max_hp_loss":0,"event_name":"Falling","floor":36,"gold_loss":0},{"damage_healed":0,"gold_gain":0,"player_choice":"Max HP","damage_taken":0,"max_hp_gain":0,"max_hp_loss":4,"event_name":"Winding Halls","floor":37,"gold_loss":0}],"is_beta":false,"boss_relics":[{"not_picked":["SlaversCollar","Astrolabe"],"picked":"Mark of Pain"},{"not_picked":["Tiny House","Runic Dome"],"picked":"Empty Cage"}],"items_purged_floors":[19,38],"is_endless":false,"potions_floor_spawned":[3,5,6,8,14,23,28,29,29,30,31,33,35,40],"ascension_level":20}}