{"host":"naykp6d9ulahlwib","time":1609216586,"event":{"mods":["BaseMod","Highlight Path","Minty Spire (QoL Compilation)","Shop Mod","StSLib"],"gold_per_floor":[117,117,117,192,207,207,239,239,285,210,99,109,128,156,156,156,156],"floor_reached":16,"playtime":1762,"items_purged":["Strike_G"],"score":189,"play_id":"17ab0272-f5b3-4d81-92f0-f267580268c3","local_time":"20201228223626","is_ascension_mode":true,"campfire_choices":[{"data":"Neutralize","floor":6.0,"key":"SMITH"},{"floor":8.0,"key":"REST"},{"floor":15,"key":"REST"}],"circlet_count":0,"master_deck":["AscendersBane","Strike_G","Strike_G","Strike_G","Defend_G","Defend_G","Defend_G","Defend_G","Survivor","Neutralize+1","Bullet Time","All Out Attack","PiercingWail","Well Laid Plans","Escape Plan"],"relics":["Ring of the Snake","Snake Skull","Bag of Preparation","Meat on the Bone"],"acts_visited":["Exordium"],"potions_floor_usage":[14,14],"damage_taken":[{"damage":0.0,"enemies":"Small Slimes","floor":1.0,"turns":5.0},{"damage":0.0,"enemies":"2 Louse","floor":5.0,"turns":3.0},{"damage":21.0,"enemies":"3 Sentries","floor":7.0,"turns":9.0},{"damage":0.0,"enemies":"Jaw Worm","floor":12.0,"turns":4.0},{"damage":1.0,"enemies":"Gremlin Gang","floor":13.0,"turns":5.0},{"damage":19,"enemies":"Gremlin Nob","floor":14,"turns":5},{"damage":64,"enemies":"The Guardian","floor":16,"turns":14}],"seed_played":"-6489229622039446208","potions_obtained":[{"floor":1.0,"key":"BlessingOfTheForge"},{"floor":7.0,"key":"PowerPotion"},{"floor":13.0,"key":"DistilledChaos"}],"is_trial":false,"path_per_floor":["M","?","?","?","M","R","E","R","T","?","$","M","M","E","R","B"],"character_chosen":"THE_SILENT","items_purchased":["Well Laid Plans"],"campfire_rested":2,"item_purchase_floors":[11],"current_hp_per_floor":[59,64,64,53,53,53,32,51,51,51,51,51,50,31,50,0,0],"gold":156,"neow_bonus":"THREE_RARE_CARDS","is_daily":false,"chose_seed":false,"campfire_upgraded":1,"win_rate":0.0,"timestamp":1609216586,"path_taken":["M","?","?","?","M","R","E","R","T","?","$","M","?","E","R","BOSS"],"items_purchased_type":["Card"],"build_version":"2020-12-22","purchased_purges":1,"victory":false,"max_hp_per_floor":[60,65,65,65,65,65,65,65,65,65,65,65,65,65,65,65,65],"card_choices":[{"not_picked":["Storm of Steel","Tools of the Trade"],"picked":"Bullet Time","floor":0.0},{"not_picked":["Deadly Poison","Distraction"],"picked":"All Out Attack","floor":1.0},{"not_picked":["Poisoned Stab","Masterful Stab","Quick Slash"],"picked":"SKIP","floor":5.0},{"not_picked":["Predator","Slice"],"picked":"PiercingWail","floor":7.0},{"not_picked":["Dagger Throw","Deadly Poison","Concentrate"],"picked":"SKIP","floor":12.0},{"not_picked":["Dagger Spray","Bane"],"picked":"Escape Plan","floor":13.0},{"not_picked":["Acrobatics","Bane","Slice"],"picked":"SKIP","floor":14}],"player_experience":920495,"relics_obtained":[{"floor":7.0,"key":"Snake Skull"},{"floor":9.0,"key":"Bag of Preparation"},{"floor":14,"key":"Meat on the Bone"}],"event_choices":[{"damage_healed":0.0,"max_hp_gain":5.0,"max_hp_loss":0.0,"gold_gain":0.0,"event_name":"Big Fish","player_choice":"Donut","floor":2.0,"gold_loss":0.0,"damage_taken":0.0},{"cards_removed":["Strike_G"],"damage_healed":0.0,"max_hp_gain":0.0,"max_hp_loss":0.0,"gold_gain":0.0,"event_name":"Living Wall","player_choice":"Forget","floor":3.0,"gold_loss":0.0,"damage_taken":0.0},{"damage_healed":0.0,"max_hp_gain":0.0,"max_hp_loss":0.0,"gold_gain":75.0,"event_name":"World of Goop","player_choice":"Gather Gold","floor":4.0,"gold_loss":0.0,"damage_taken":11.0},{"cards_removed":["Defend_G"],"damage_healed":0.0,"max_hp_gain":0.0,"max_hp_loss":0.0,"gold_gain":0.0,"event_name":"The Cleric","player_choice":"Card Removal","floor":10.0,"gold_loss":75.0,"damage_taken":0.0}],"is_beta":false,"boss_relics":[],"items_purged_floors":[11],"is_endless":false,"potions_floor_spawned":[1,7,13],"killed_by":"The Guardian","ascension_level":15}}