{"host":"q79spna8ofw6hj3r","time":1609256867,"event":{"mods":["Aspiration","Bard","BaseMod","Beaked The Cultist","Bestiary","Better Altar","Better Match","Better Note","Better Sensory Stone","Better Skull","Better Third Choice","Better Vampires","BetterRewards","Block Reminder","Challenge The Spire","Colored Map","Colored Powertips","Conspire","Custom Start","Energized Spire","Friendly Minions","Halation","Hubris","Infinite Spire","Jedi Mod","Mimic Mod","Minty Spire (QoL Compilation)","Permanent Neow","Quick Restart","Relic Filter","Relic Sorter","Replay The Spire","Shop Mod","StSLib","SuperFastMode","Synergy Search","The Cursed","The Hierophant","The Runesmith","slay the spire mod where everything is the same but ironclad has a cowboy hat","vexMod"],"gold_per_floor":[115,40,58,58,68,94,94,94,132,132,132],"floor_reached":10,"playtime":488,"items_purged":["Defend_P"],"score":76,"play_id":"f793092d-0246-49ec-b15f-6d09c09e881f","local_time":"20201229174747","is_ascension_mode":true,"campfire_choices":[{"data":"Armaments","floor":7,"key":"SMITH"}],"circlet_count":0,"master_deck":["Strike_P","Strike_P","Strike_P","Strike_P","Defend_P","Defend_P","Defend_P","Eruption","Vigilance","EmptyMind","Replay:Battleflow","Armaments+1"],"relics":["PureWater","aspiration:Nostalgia","m_RuneBlood","Gremlin Food","Smiling Mask"],"acts_visited":["Exordium"],"potions_floor_usage":[6],"damage_taken":[{"damage":19,"enemies":"Small Slimes","floor":1,"turns":3},{"damage":0,"enemies":"Cultist","floor":3,"turns":4},{"damage":7,"enemies":"Jaw Worm","floor":5,"turns":3},{"damage":32,"enemies":"Lagavulin","floor":6,"turns":8},{"damage":2,"enemies":"Exordium Thugs","floor":9,"turns":9},{"damage":38,"enemies":"Gremlin Nob","floor":10,"turns":4}],"seed_played":"-2203878468388276807","potions_obtained":[{"floor":1,"key":"Dexterity Potion"},{"floor":3,"key":"FearPotion"},{"floor":4,"key":"Explosive Potion"}],"is_trial":false,"path_per_floor":["M","$","M","?","M","E","R","$","MIM","E"],"character_chosen":"WATCHER","items_purchased":[],"campfire_rested":0,"item_purchase_floors":[],"current_hp_per_floor":[56,56,59,59,55,26,26,26,27,0,0],"gold":132,"neow_bonus":"NOSTALGIA","is_daily":false,"chose_seed":false,"campfire_upgraded":1,"win_rate":0.0,"timestamp":1609256867,"path_taken":["M","$","M","?","M","E","R","$","MIM","E"],"items_purchased_type":[],"build_version":"2020-12-22","purchased_purges":1,"victory":false,"max_hp_per_floor":[72,72,72,72,72,72,72,72,72,72,72],"card_choices":[{"not_picked":["JustLucky","Replay:ManipulateFuture","Replay:AtTheReady"],"picked":"SKIP","floor":1},{"not_picked":["Halt","Perfected Strike"],"picked":"EmptyMind","floor":3},{"not_picked":["Runesmith:HammerThrow","Worship"],"picked":"Replay:Battleflow","floor":5},{"not_picked":["Replay:Anticipation","Wallop"],"picked":"Armaments","floor":6}],"player_experience":212731,"relics_obtained":[{"floor":6,"key":"Gremlin Food"},{"floor":9,"key":"Smiling Mask"}],"event_choices":[{"damage_healed":0,"gold_gain":0,"player_choice":"Got Potions","damage_taken":0,"max_hp_gain":0,"max_hp_loss":0,"event_name":"Lab","floor":4,"gold_loss":0}],"is_beta":false,"boss_relics":[],"items_purged_floors":[2],"is_endless":false,"potions_floor_spawned":[1,3],"killed_by":"Gremlin Nob","ascension_level":3}}