{"host":"nokkww7jwsecww7q","time":1609273355,"event":{"mods":["AchievementEnabler","BaseMod","Better Skull","Better Third Choice","BetterRewards","Colored Map","Colored Powertips","DeckTracker","Displayed Cursed Tome","Minty Spire (QoL Compilation)","Quick Restart","Relic Stats","Spicy Shops","StSLib","Thieving Mod","everything is the same but u backflip on backflip"],"gold_per_floor":[112,63,63,63,63,101,101,142,142,161,181,181,219,244,244,343,343,358,358,358,208,228,269,282,313,313,313,344,344,365,403,403,502,502,516,125,139,162,225,256,275,275,298,142,142,102,0,16,16,16],"floor_reached":51,"playtime":1783,"items_purged":["Strike_B","Strike_B","Strike_B","Reprogram","Zap"],"score":1917,"play_id":"4c55bd9b-79d0-4d51-8185-13265898c26d","local_time":"20201229232235","is_ascension_mode":true,"campfire_choices":[{"floor":7.0,"key":"REST"},{"floor":12.0,"key":"REST"},{"floor":15.0,"key":"REST"},{"data":"Seek","floor":29.0,"key":"SMITH"},{"data":"White Noise","floor":32.0,"key":"SMITH"},{"data":"Fission","floor":42.0,"key":"SMITH"},{"data":"Coolheaded","floor":49.0,"key":"SMITH"}],"circlet_count":0,"master_deck":["AscendersBane","Dualcast","Cold Snap","Storm+1","Go for the Eyes","Master of Strategy","Cold Snap","Loop+1","Darkness","Darkness","Defragment+1","Core Surge","Conserve Battery","White Noise+1","Defragment+1","Heatsinks+1","Leap","Force Field","White Noise+1","Seek+1","Fission+1","Electrodynamics+1","Cold Snap","Coolheaded+1","Thunder Strike","Glacier","Rainbow","Genetic Algorithm","Steam+1","Biased Cognition+1","Cold Snap+1","Storm+1","Turbo","Loop+1","Creative AI+1","Madness","Madness"],"relics":["Cracked Core","Frozen Egg 2","Vajra","DollysMirror","Bottled Tornado","Oddly Smooth Stone","betterThird:SlimedRelic","Bronze Scales","Golden Idol","Juzu Bracelet","Lizard Tail","Potion Belt","Dead Branch","Pandora\u0027s Box","Orichalcum","Blood Vial","Bottled Lightning","Mercury Hourglass","Bag of Marbles","SacredBark","Pocketwatch","Lantern","PreservedInsect","Runic Capacitor","Red Mask"],"acts_visited":["Exordium","TheCity","TheBeyond"],"potions_floor_usage":[50,50,50],"damage_taken":[{"damage":0.0,"enemies":"Cultist","floor":1.0,"turns":2.0},{"damage":3.0,"enemies":"Lagavulin","floor":6.0,"turns":4.0},{"damage":10.0,"enemies":"3 Sentries","floor":8.0,"turns":4.0},{"damage":0.0,"enemies":"Small Slimes","floor":10.0,"turns":2.0},{"damage":9.0,"enemies":"2 Louse","floor":11.0,"turns":2.0},{"damage":0.0,"enemies":"Gremlin Nob","floor":13.0,"turns":3.0},{"damage":0.0,"enemies":"Large Slime","floor":14.0,"turns":3.0},{"damage":6.0,"enemies":"Slime Boss","floor":16.0,"turns":7.0},{"damage":0.0,"enemies":"Chosen","floor":18.0,"turns":3.0},{"damage":0.0,"enemies":"Spheric Guardian","floor":22.0,"turns":2.0},{"damage":0.0,"enemies":"Gremlin Leader","floor":23.0,"turns":4.0},{"damage":0.0,"enemies":"Snecko","floor":24.0,"turns":4.0},{"damage":24.0,"enemies":"Slavers","floor":25.0,"turns":3.0},{"damage":11.0,"enemies":"Gremlin Leader","floor":28.0,"turns":4.0},{"damage":6.0,"enemies":"Chosen and Byrds","floor":30.0,"turns":2.0},{"damage":0.0,"enemies":"Book of Stabbing","floor":31.0,"turns":4.0},{"damage":0.0,"enemies":"Champ","floor":33.0,"turns":9.0},{"damage":0.0,"enemies":"Orb Walker","floor":35.0,"turns":2.0},{"damage":0.0,"enemies":"3 Shapes","floor":37.0,"turns":2.0},{"damage":0.0,"enemies":"Transient","floor":38.0,"turns":5.0},{"damage":17.0,"enemies":"2 Orb Walkers","floor":39.0,"turns":2.0},{"damage":0.0,"enemies":"Giant Head","floor":40.0,"turns":6.0},{"damage":6.0,"enemies":"Spire Growth","floor":41.0,"turns":2.0},{"damage":0.0,"enemies":"4 Shapes","floor":48.0,"turns":1.0},{"damage":22,"enemies":"Time Eater","floor":50,"turns":3}],"seed_played":"-6449156653357839127","potions_obtained":[{"floor":8.0,"key":"SkillPotion"},{"floor":16.0,"key":"PotionOfCapacity"},{"floor":22.0,"key":"BlessingOfTheForge"},{"floor":25.0,"key":"SkillPotion"},{"floor":30.0,"key":"Explosive Potion"},{"floor":31.0,"key":"PotionOfCapacity"},{"floor":33.0,"key":"FocusPotion"},{"floor":37.0,"key":"Regen Potion"},{"floor":39.0,"key":"FearPotion"}],"is_trial":false,"path_per_floor":["M","?","$","?","?","E","R","E","T","M","M","R","E","M","R","B",null,"M","?","?","$","M","E","M","E","T","?","E","R","M","E","R","B",null,"M","$","M","M","?","E","M","R","T","$","?","?","?","M","R","B",null],"character_chosen":"DEFECT","items_purchased":["Cold Snap","Frozen Egg 2","Storm+1","Go for the Eyes","Vajra","Master of Strategy","Cold Snap","Loop+1","Darkness","DollysMirror","Defragment+1","Core Surge","Bottled Tornado","Oddly Smooth Stone","Conserve Battery","Storm+1","Runic Capacitor"],"campfire_rested":3,"item_purchase_floors":[0,0,0,0,0,0,0,0,0,0,0,0,0,0,0,36,44],"current_hp_per_floor":[21,10,10,7,7,4,24,14,14,14,5,25,25,25,45,39,62,62,62,62,62,62,62,62,38,38,38,29,29,25,27,27,29,59,61,61,63,65,50,52,48,48,48,48,39,39,39,41,41,31],"gold":16,"neow_bonus":"","is_daily":false,"chose_seed":false,"campfire_upgraded":4,"win_rate":0.0,"timestamp":1609273355,"path_taken":["M","?","$","?","?","E","R","E","T","M","M","R","E","M","R","BOSS","M","?","?","$","M","E","M","E","T","?","E","R","M","E","R","BOSS","M","$","M","M","?","E","M","R","T","$","?","?","?","M","R","BOSS"],"items_purchased_type":["Card","Relic","Card","Card","Relic","Card","Card","Card","Card","Relic","Card","Card","Relic","Relic","Card","Card","Relic"],"build_version":"2020-12-22","purchased_purges":5,"victory":true,"max_hp_per_floor":[75,75,75,75,69,69,69,69,69,69,69,69,69,69,69,69,69,69,69,69,69,69,69,69,69,69,69,69,69,69,69,69,69,69,69,69,69,69,69,69,69,69,69,69,69,69,69,69,69,69],"relic_stats":{"counters":[89,348],"Golden Idol":176,"Dead Branch":[82],"PreservedInsect":0,"Juzu Bracelet":1,"Orichalcum":[84],"Mercury Hourglass":[120],"Blood Vial":30,"Lizard Tail":0,"Bronze Scales":[172],"Pandora\u0027s Box":["White Noise","Seek","Fission","Reprogram","Electrodynamics"],"obtain_stats":[{"Tiny House":34,"Gremlin Horn":0,"Vajra":48,"Runic Capacitor":44,"Whetstone":0,"Bottled Tornado":0,"Boot":22,"Blood Vial":40,"Lizard Tail":8,"HornCleat":45,"Sundial":31,"DollysMirror":0,"Strawberry":27,"Kunai":26,"Toxic Egg 2":0,"Girya":14,"Pear":46,"Happy Flower":8,"Dead Branch":13,"Oddly Smooth Stone":0,"Eternal Feather":20,"Pen Nib":3,"War Paint":9,"Question Card":0,"Bottled Flame":43,"Brimstone":0,"Bronze Scales":4,"Pandora\u0027s Box":17,"Unceasing Top":39,"Pocketwatch":25,"Regal Pillow":30,"Lantern":40,"Torii":39,"SacredBark":34,"Juzu Bracelet":0,"Ancient Tea Set":0,"Smiling Mask":11,"Cursed Key":17,"Empty Cage":34,"Burning Blood":0,"ClockworkSouvenir":0,"Dream Catcher":7,"Nunchaku":10,"Mummified Hand":0,"Tiny Chest":30,"WingedGreaves":20,"Red Mask":22,"Cracked Core":0,"Red Skull":0,"Potion Belt":23,"Lee\u0027s Waffle":4,"Self Forming Clay":9,"Golden Idol":3,"PreservedInsect":43,"Orichalcum":26,"Frozen Egg 2":47,"Mercury Hourglass":28,"Anchor":13,"betterThird:SlimedRelic":2,"Orrery":0,"Bag of Marbles":31,"Membership Card":0,"Bottled Lightning":7,"Champion Belt":6,"TungstenRod":0},{"Tiny House":55,"Gremlin Horn":6,"Vajra":36,"Runic Capacitor":87,"Whetstone":40,"Bottled Tornado":64,"Boot":50,"Blood Vial":60,"Lizard Tail":67,"HornCleat":61,"Sundial":29,"DollysMirror":64,"Strawberry":27,"Kunai":52,"Toxic Egg 2":0,"Girya":21,"Pear":61,"Happy Flower":46,"Dead Branch":70,"Oddly Smooth Stone":0,"Eternal Feather":50,"Pen Nib":16,"War Paint":18,"Question Card":4,"Bottled Flame":61,"Brimstone":40,"Bronze Scales":65,"Pandora\u0027s Box":72,"Unceasing Top":32,"Pocketwatch":52,"Regal Pillow":28,"Lantern":33,"Torii":32,"SacredBark":81,"Juzu Bracelet":4,"Ancient Tea Set":6,"Smiling Mask":12,"Cursed Key":22,"Empty Cage":30,"Burning Blood":0,"ClockworkSouvenir":6,"Dream Catcher":18,"Nunchaku":19,"Mummified Hand":6,"Tiny Chest":28,"WingedGreaves":24,"Red Mask":25,"Cracked Core":0,"Red Skull":14,"Potion Belt":26,"Lee\u0027s Waffle":16,"Self Forming Clay":10,"Golden Idol":39,"PreservedInsect":87,"Orichalcum":26,"Frozen Egg 2":35,"Mercury Hourglass":78,"Anchor":13,"betterThird:SlimedRelic":65,"Orrery":4,"Bag of Marbles":80,"Membership Card":6,"Bottled Lightning":10,"Champion Belt":45,"TungstenRod":37},{"Tiny House":219,"Gremlin Horn":20,"Vajra":147,"Runic Capacitor":344,"Whetstone":166,"Bottled Tornado":267,"Boot":199,"Blood Vial":240,"Lizard Tail":276,"HornCleat":245,"Sundial":122,"DollysMirror":267,"Strawberry":118,"Kunai":208,"Toxic Egg 2":0,"Girya":98,"Pear":245,"Happy Flower":184,"Dead Branch":282,"Oddly Smooth Stone":0,"Eternal Feather":199,"Pen Nib":83,"War Paint":89,"Question Card":13,"Bottled Flame":245,"Brimstone":166,"Bronze Scales":269,"Pandora\u0027s Box":291,"Unceasing Top":132,"Pocketwatch":208,"Regal Pillow":120,"Lantern":135,"Torii":132,"SacredBark":325,"Juzu Bracelet":13,"Ancient Tea Set":20,"Smiling Mask":61,"Cursed Key":102,"Empty Cage":126,"Burning Blood":0,"ClockworkSouvenir":20,"Dream Catcher":89,"Nunchaku":92,"Mummified Hand":20,"Tiny Chest":120,"WingedGreaves":108,"Red Mask":111,"Cracked Core":0,"Red Skull":79,"Potion Belt":114,"Lee\u0027s Waffle":83,"Self Forming Clay":52,"Golden Idol":160,"PreservedInsect":344,"Orichalcum":114,"Frozen Egg 2":142,"Mercury Hourglass":310,"Anchor":68,"betterThird:SlimedRelic":269,"Orrery":13,"Bag of Marbles":316,"Membership Card":20,"Bottled Lightning":52,"Champion Belt":179,"TungstenRod":151}],"Pocketwatch":[30]},"card_choices":[{"not_picked":["Undo","Double Energy"],"picked":"White Noise","floor":1.0},{"not_picked":["Beam Cell","Aggregate"],"picked":"Defragment+1","floor":6.0},{"not_picked":["Redo","Compile Driver"],"picked":"Heatsinks+1","floor":8.0},{"not_picked":["Hologram","Sunder"],"picked":"Leap","floor":10.0},{"not_picked":["Sweeping Beam","Stack","Barrage"],"picked":"SKIP","floor":11.0},{"not_picked":["Beam Cell","Leap"],"picked":"Heatsinks+1","floor":13.0},{"not_picked":["Consume","Turbo"],"picked":"Force Field","floor":14.0},{"not_picked":["Hyperbeam","Fission"],"picked":"Electrodynamics+1","floor":16.0},{"not_picked":["Gash","Auto Shields","Genetic Algorithm"],"picked":"SKIP","floor":18.0},{"not_picked":["Darkness","Go for the Eyes"],"picked":"Cold Snap","floor":22.0},{"not_picked":["Sweeping Beam","Heatsinks+1"],"picked":"Coolheaded","floor":23.0},{"not_picked":["Beam Cell","Hologram"],"picked":"Thunder Strike","floor":24.0},{"not_picked":["Redo","Self Repair+1"],"picked":"Glacier","floor":25.0},{"not_picked":["Compile Driver+1","Aggregate","Skim"],"picked":"SKIP","floor":28.0},{"not_picked":["Reprogram","Compile Driver"],"picked":"Steam+1","floor":30.0},{"not_picked":["Meteor Strike","Streamline+1","Rebound"],"picked":"SKIP","floor":31.0},{"not_picked":["Thunder Strike","Meteor Strike"],"picked":"Biased Cognition+1","floor":33.0},{"not_picked":["Ball Lightning","Barrage"],"picked":"Cold Snap+1","floor":35.0},{"not_picked":["Barrage+1","Reprogram","Ball Lightning"],"picked":"SKIP","floor":37.0},{"not_picked":["Barrage+1","Reprogram","Ball Lightning"],"picked":"SKIP","floor":37.0},{"not_picked":["Barrage+1","Reprogram","Ball Lightning"],"picked":"SKIP","floor":37.0},{"not_picked":["White Noise","Barrage+1"],"picked":"Turbo","floor":38.0},{"not_picked":["Compile Driver","Leap"],"picked":"Loop+1","floor":39.0},{"not_picked":["Conserve Battery+1","Static Discharge+1"],"picked":"Creative AI+1","floor":40.0},{"not_picked":["Stack","Redo","Reinforced Body"],"picked":"SKIP","floor":41.0},{"not_picked":["Redo","Doom and Gloom+1","Coolheaded"],"picked":"SKIP","floor":48.0}],"player_experience":543089,"relics_obtained":[{"floor":6.0,"key":"Juzu Bracelet"},{"floor":8.0,"key":"Lizard Tail"},{"floor":9.0,"key":"Potion Belt"},{"floor":13.0,"key":"Dead Branch"},{"floor":23.0,"key":"Orichalcum"},{"floor":25.0,"key":"Blood Vial"},{"floor":26.0,"key":"Bottled Lightning"},{"floor":28.0,"key":"Mercury Hourglass"},{"floor":31.0,"key":"Bag of Marbles"},{"floor":39.0,"key":"Pocketwatch"},{"floor":40.0,"key":"Lantern"},{"floor":43.0,"key":"PreservedInsect"}],"event_choices":[{"damage_healed":0.0,"max_hp_gain":0.0,"max_hp_loss":0.0,"gold_gain":0.0,"event_name":"betterThird:BetterGoop","player_choice":"Slimed","floor":2.0,"gold_loss":49.0,"damage_taken":11.0},{"damage_healed":0.0,"max_hp_gain":0.0,"max_hp_loss":0.0,"gold_gain":0.0,"event_name":"betterThird:BetterScrap","player_choice":"Relic ","floor":4.0,"gold_loss":0.0,"damage_taken":3.0,"cards_obtained":["TalkToTheHand"]},{"damage_healed":0.0,"max_hp_gain":0.0,"max_hp_loss":6.0,"gold_gain":0.0,"event_name":"Golden Idol","player_choice":"Lose Max HP","floor":5.0,"gold_loss":0.0,"damage_taken":0.0,"relics_obtained":["Golden Idol"]},{"damage_healed":0.0,"max_hp_gain":0.0,"max_hp_loss":0.0,"gold_gain":0.0,"event_name":"Vampires","player_choice":"Ignored","floor":19.0,"gold_loss":0.0,"damage_taken":0.0},{"damage_healed":0.0,"max_hp_gain":0.0,"max_hp_loss":0.0,"gold_gain":0.0,"event_name":"Ghosts","player_choice":"Ignored","floor":20.0,"gold_loss":0.0,"damage_taken":0.0},{"damage_healed":0.0,"max_hp_gain":0.0,"max_hp_loss":0.0,"gold_gain":0.0,"cards_transformed":["Electrodynamics","Heatsinks"],"event_name":"Drug Dealer","player_choice":"Became Test Subject","floor":27.0,"gold_loss":0.0,"damage_taken":0.0,"cards_obtained":["Rainbow","Genetic Algorithm"]},{"damage_healed":0.0,"max_hp_gain":0.0,"max_hp_loss":0.0,"gold_gain":0.0,"event_name":"Mysterious Sphere","player_choice":"Fight","floor":39.0,"gold_loss":0.0,"damage_taken":0.0},{"damage_healed":0.0,"max_hp_gain":0.0,"max_hp_loss":0.0,"gold_gain":0.0,"event_name":"Winding Halls","player_choice":"Embrace Madness","floor":45.0,"gold_loss":0.0,"damage_taken":9.0,"cards_obtained":["Madness","Madness"]},{"damage_healed":0.0,"max_hp_gain":0.0,"max_hp_loss":0.0,"gold_gain":0.0,"event_name":"Designer","player_choice":"Upgrade","floor":46.0,"gold_loss":40.0,"damage_taken":0.0,"cards_upgraded":["White Noise"]},{"damage_healed":0.0,"max_hp_gain":0.0,"max_hp_loss":0.0,"gold_gain":0.0,"event_name":"Tomb of Lord Red Mask","player_choice":"Paid","floor":47.0,"gold_loss":102.0,"damage_taken":0.0,"relics_obtained":["Red Mask"]}],"is_beta":false,"boss_relics":[{"not_picked":["Black Star","Calling Bell"],"picked":"Pandora\u0027s Box"},{"not_picked":["Velvet Choker","Tiny House"],"picked":"SacredBark"}],"items_purged_floors":[0,0,0,21,36],"is_endless":false,"potions_floor_spawned":[8,16,22,25,30,31,33,37,38,39],"ascension_level":13}}