{"host":"e7zuhi56g3dzdmnx","time":1609262857,"event":{"mods":["AchievementEnabler","Act Like it!","BaseMod","Conspire","Downfall","Gensokyo","Hubris","Minty Spire (QoL Compilation)","Rare Cards Sparkle","Replay The Spire","StSLib","The Cursed","The Jungle"],"gold_per_floor":[365,365,205,221,1,1,1,26,26,42,42,55,5,25,25,147,147,183,259,259,150,150,150,150,150,150,177,59,59,70,70,70],"floor_reached":31,"playtime":2189,"items_purged":["Strike_G","Defend_G"],"score":231,"play_id":"b192ad05-20ff-41e3-b03e-a847276833de","local_time":"20201229172737","is_ascension_mode":false,"campfire_choices":[{"floor":6,"key":"REST"},{"data":"Night Terror","floor":11,"key":"SMITH"},{"floor":15,"key":"REST"},{"floor":23,"key":"REST"},{"floor":25,"key":"REST"},{"floor":29,"key":"REST"}],"circlet_count":0,"master_deck":["Strike_G","Strike_G","Defend_G","Survivor","Neutralize","Deflect","Backflip","Secret Technique","Night Terror+1","Deadly Poison","Poisoned Stab","conspire:SpireCoStock","Backflip","Glass Knife","Sickly","conspire:Blindness","Dodge and Roll+1","Underhanded Strike+1","Gensokyo:EightFeetTall","Dagger Spray+1","Blade Dance+1","Quick Slash","Flying Knee","Dagger Spray"],"relics":["Ring of the Snake","Gensokyo:OccultBall","Enchiridion","hubris:SphereOfDissonance","Replay:Bottled Snecko","Kintsugi","Bronze Scales","hubris:BundleOfHerbs","Smiling Mask"],"acts_visited":["Gensokyo:Gensokyo","Gensokyo:Gensokyoer"],"potions_floor_usage":[8,27,27],"damage_taken":[{"damage":6,"enemies":"Gensokyo:Python","floor":1,"turns":4},{"damage":1,"enemies":"Gensokyo:2_Kodama","floor":4,"turns":3},{"damage":17,"enemies":"Gensokyo:Aya","floor":8,"turns":4},{"damage":8,"enemies":"Gensokyo:Gryphon","floor":10,"turns":2},{"damage":5,"enemies":"Gensokyo:2_Rabbits","floor":12,"turns":3},{"damage":2,"enemies":"Gensokyo:3_Kodama","floor":14,"turns":4},{"damage":44,"enemies":"Gensokyo:Kokoro","floor":16,"turns":14},{"damage":47,"enemies":"Gensokyo:CosmicMonolith","floor":18,"turns":7},{"damage":29,"enemies":"Gensokyo:3_Dogs","floor":27,"turns":5},{"damage":29,"enemies":"Gensokyo:Slime_Group","floor":30,"turns":5},{"damage":2,"enemies":"Gensokyo:Wraith","floor":31,"turns":2}],"seed_played":"-1101388439421934038","potions_obtained":[{"floor":1,"key":"FearPotion"},{"floor":8,"key":"Dexterity Potion"},{"floor":12,"key":"Strength Potion"},{"floor":19,"key":"champ:CounterPotion"},{"floor":19,"key":"Languid Potion"}],"is_trial":false,"path_per_floor":["M","?","?","M","$","R","COS","E","T","M","R","M","?","M","R","B",null,"M","?","?","$","T","R","?","R","T","M","$","R","M","M"],"character_chosen":"THE_SILENT","items_purchased":["Backflip","Secret Technique","Dagger Spray+1","Quick Slash","Flying Knee"],"campfire_rested":5,"item_purchase_floors":[5,5,21,28,28],"current_hp_per_floor":[43,43,43,42,42,63,63,46,46,38,38,33,33,31,52,8,70,23,6,6,6,6,24,24,42,42,13,13,31,2,0,0],"gold":70,"neow_bonus":"TWO_FIFTY_GOLD","is_daily":false,"chose_seed":false,"campfire_upgraded":1,"win_rate":0.0,"timestamp":1609262857,"path_taken":["M","?","?","M","$","R","COS","E","T","M","R","?","?","M","R","BOSS","M","?","?","?","?","R","?","R","T","?","?","R","M","M"],"items_purchased_type":["Card","Card","Card","Card","Card"],"build_version":"2020-12-22","purchased_purges":2,"victory":false,"max_hp_per_floor":[70,70,70,70,70,70,70,70,70,70,70,70,70,70,70,70,70,70,70,63,63,63,63,63,63,63,63,63,63,63,63,63],"card_choices":[{"not_picked":["Slice","Sucker Punch"],"picked":"Flying Knee","floor":1},{"not_picked":["Dodge and Roll","hubris:Counter"],"picked":"Deflect","floor":4},{"not_picked":["ReplayTheSpireMod:Shiv Toss","ReplayTheSpireMod:Scrap Shanks"],"picked":"Night Terror","floor":8},{"not_picked":["Flechettes","Heel Hook"],"picked":"Deadly Poison","floor":10},{"not_picked":["Flechettes","Dagger Throw"],"picked":"Poisoned Stab","floor":12},{"not_picked":["Hidden Blade","hubris:SlightOfHand"],"picked":"Backflip","floor":14},{"not_picked":["Tools of the Trade","Venomology"],"picked":"Glass Knife","floor":16},{"not_picked":["Dagger Throw","Acrobatics"],"picked":"Dodge and Roll+1","floor":18},{"not_picked":["Draining Mist","Dash"],"picked":"Underhanded Strike+1","floor":19},{"not_picked":["Gensokyo:HAARP","Gensokyo:Apocalypse"],"picked":"Gensokyo:EightFeetTall","floor":20},{"not_picked":["Deflect+1","Underhanded Strike"],"picked":"Blade Dance+1","floor":27},{"not_picked":["ReplayTheSpireMod:Scrap Shanks","Replay:Poison Smokescreen"],"picked":"Dagger Spray","floor":30}],"player_experience":42352,"relics_obtained":[{"floor":8,"key":"hubris:SphereOfDissonance"},{"floor":9,"key":"Replay:Bottled Snecko"},{"floor":12,"key":"Gensokyo:OccultBall"},{"floor":16,"key":"Gensokyo:OccultBall"},{"floor":19,"key":"Bronze Scales"},{"floor":22,"key":"hubris:BundleOfHerbs"},{"floor":26,"key":"Smiling Mask"}],"event_choices":[{"damage_healed":0,"gold_gain":0,"player_choice":"Invest 1","damage_taken":0,"max_hp_gain":0,"max_hp_loss":0,"event_name":"conspire:Investor","floor":13,"gold_loss":0}],"is_beta":false,"boss_relics":[{"not_picked":["Velvet Choker","Replay:Wanted Poster"],"picked":"Kintsugi"}],"items_purged_floors":[21,28],"is_endless":false,"potions_floor_spawned":[1,8,12],"killed_by":"Gensokyo:Wraith","ascension_level":0}}