{"host":"4c7oxphrh4ok8x7u","time":1609257227,"event":{"mods":["2.2 Compatiblity","Act Like it!","Arknights The Spire","Aspiration","BaseMod","Better Skull","Better Vampires","BetterRewards","Challenge The Spire","Conjunction","Conspire","Custom Start","Dota2Spire","Ekko","Evolution","Friendly Minions","FruityMod","GifTheSpireLib","Halation","Hermit","HololiveMod","Hubris","Hyrulean Relics","Jedi Mod","Kratos Character Expansion","Minty Spire (QoL Compilation)","MostiFishMod","Permanent Neow","Prisma Mod","Quarter Circle Forward PUNCH!","RatMod","Replay The Spire","Robot Space Explorer","SCP261 Mod","Shade Mod","Slay the Relics Exporter","Small Relic Pack","Spicy Shops","Spikes Relics","Spires And Sneckos","StSLib","Stuff the Spire","The Animator","The Blue Laboratory","The Death Knight","The Edgeheg","The Exalted","The Fake Hero","The Trickster","TheWitcher","Wandering Minibosses"],"gold_per_floor":[118,118,152,112,127,127,146,163,163,179,196,196,124,149,149,149,149],"floor_reached":16,"playtime":1041,"items_purged":[],"score":104,"play_id":"ddd5e204-54e9-483f-8c5c-a3175962d257","local_time":"20201229185347","is_ascension_mode":false,"campfire_choices":[{"data":"ats:Leaping Hammer","floor":6,"key":"SMITH"},{"floor":12,"key":"REST"},{"floor":15,"key":"DIG"}],"circlet_count":0,"master_deck":["ats:Strike C","ats:Strike G","ats:Strike S","ats:Strike V","ats:Armor Crushing Shot","ats:Defend","ats:Defend","ats:Defend","ats:Defend","ats:Emotion Absorption","ats:Apocalypse","ats:Sword Rain","ats:Leaping Hammer+1","ats:Thermite Blade","ats:Revitalization","ats:Revitalization","ats:Composite Medical Shells","ats:Part Time Job","ats:Composite Medical Shells"],"relics":["ats:Sanity","EVO:Axolotl","DaveBox","ChiXiaoBlade","SynthV:TestCard","hubris:Icosahedron","StuffTheSpire:GrapeVine","ats:Originium","Dota2Spire:HandOfMidas","Hololive_LightStick"],"acts_visited":["Exordium"],"potions_floor_usage":[14,14,16],"damage_taken":[{"damage":12,"enemies":"Small Slimes","floor":1,"turns":5},{"damage":26,"enemies":"Jaw Worm","floor":3,"turns":9},{"damage":6,"enemies":"conspire:RoseBush","floor":5,"turns":5},{"damage":15,"enemies":"Blue Slaver","floor":7,"turns":6},{"damage":5,"enemies":"Looter","floor":8,"turns":3},{"damage":30,"enemies":"conspire:2 RoseBushes","floor":10,"turns":8},{"damage":45,"enemies":"Large Slime","floor":11,"turns":7},{"damage":40,"enemies":"Lagavulin","floor":14,"turns":9},{"damage":111,"enemies":"Hexaghost","floor":16,"turns":14}],"seed_played":"2778315129434965010","potions_obtained":[{"floor":1,"key":"blueLaboratory:FrostheartPotion"},{"floor":4,"key":"SCP261:BarrettColaPotion"},{"floor":4,"key":"FearPotion"},{"floor":10,"key":"Adrenaline Potion"}],"is_trial":false,"path_per_floor":["M","?","M","?","M","R","M","M","T","M","M","R","$","E","R","B"],"character_chosen":"DOCTOR_CLASS","items_purchased":["ats:Part Time Job"],"campfire_rested":1,"item_purchase_floors":[13],"current_hp_per_floor":[67,67,57,57,59,59,52,47,47,31,9,32,32,47,47,0,0],"gold":149,"neow_bonus":"TEN_PERCENT_HP_BONUS","is_daily":false,"chose_seed":false,"campfire_upgraded":1,"win_rate":0.0,"timestamp":1609257227,"path_taken":["M","?","M","?","M","R","M","?","T","M","M","R","$","E","R","BOSS"],"items_purchased_type":["Card"],"build_version":"2020-12-22","purchased_purges":0,"victory":false,"max_hp_per_floor":[79,79,79,79,79,79,79,79,79,79,79,79,79,79,79,79,79],"card_choices":[{"not_picked":["ats:Consecutive Shot Auto","ats:Leaping Hammer"],"picked":"ats:Apocalypse","floor":1},{"not_picked":["ats:Steam Pump","ats:Cat Scratch","ats:Directed Diagnosis","ats:Flexible Camouflage"],"picked":"ats:Sword Rain","floor":3},{"not_picked":["ats:Shell Defense","ats:Flexible Camouflage","ats:Apocalypse","ats:Curse Doll"],"picked":"ats:Leaping Hammer","floor":5},{"not_picked":["ats:Automatic Cover","ats:Curse Doll","ats:Childhood Dance","ats:Consecutive Shot Auto"],"picked":"ats:Thermite Blade","floor":7},{"not_picked":["ats:Steam Pump","ats:Defend Order","ats:Apocalypse","ats:Poison Spread"],"picked":"ats:Revitalization","floor":8},{"not_picked":["ats:Shell Defense","ats:Apocalypse","ats:Defend Order","ats:True Silver Slash"],"picked":"ats:Revitalization","floor":10},{"not_picked":["ats:Consecutive Shot Auto","ats:Cat Scratch","ats:Defend Order","ats:Childhood Dance"],"picked":"ats:Composite Medical Shells","floor":11},{"not_picked":["ats:Thermite Blade","ats:Curse Doll","ats:Overload","ats:Shell Defense"],"picked":"ats:Composite Medical Shells","floor":14}],"player_experience":638754,"relics_obtained":[{"floor":1,"key":"SynthV:TestCard"},{"floor":9,"key":"StuffTheSpire:GrapeVine"},{"floor":14,"key":"ats:Originium"},{"floor":14,"key":"Dota2Spire:HandOfMidas"},{"floor":15,"key":"Hololive_LightStick"}],"event_choices":[{"damage_healed":0,"gold_gain":0,"player_choice":"Bought 3 Potions","damage_taken":0,"max_hp_gain":0,"max_hp_loss":0,"event_name":"The Woman in Blue","floor":4,"gold_loss":0}],"is_beta":false,"boss_relics":[],"items_purged_floors":[],"is_endless":false,"potions_floor_spawned":[1,7,8,10],"killed_by":"Hexaghost","ascension_level":0}}