{"host":"nnqdcpockwq7zc6f","time":1609273527,"event":{"mods":["BaseMod","Better Note","Downfall","Hubris","Minty Spire (QoL Compilation)","Replay The Spire","StSLib","The Servant 0.9.4"],"gold_per_floor":[119,119,119,119,119,138,138,138,203,216,216,216,26,67,42,42,42,172,172,192,192,217,217,217,217,242,242,269,312,340,352,352],"floor_reached":31,"playtime":1509,"items_purged":[],"score":249,"play_id":"e9240d52-fba8-4f43-8acd-e600950136ed","local_time":"20201229132527","is_ascension_mode":false,"campfire_choices":[{"data":"Potential","floor":8,"key":"SMITH"},{"floor":12,"key":"REST"},{"floor":17,"key":"REST"},{"data":"PendulumOfEternity","floor":25,"key":"SMITH"},{"data":"KidneyShot","floor":27,"key":"SMITH"}],"circlet_count":0,"master_deck":["Strike_S+1","Strike_S","Strike_S","Strike_S","Defend_S","Defend_S","Defend_S","Defend_S","KidneyShot+1","Exchange","Foresight+1","Potential+1","SilverBlades+1","Ricochet","Advance+1","ShatteredReality","PendulumOfEternity+1","BottledTime+1","Pot Of Greed","Starlight","Normality","Potential","BottledTime+1"],"relics":["Uniform","Golden Idol","Orichalcum","Strawberry","Guide Book","Juzu Bracelet","SacredBark","Ring of Panic","MawBank","Bottled Lightning"],"acts_visited":["Exordium","TheCity"],"potions_floor_usage":[26,30,31],"damage_taken":[{"damage":6,"enemies":"Jaw Worm","floor":1,"turns":4},{"damage":10,"enemies":"2 Louse","floor":6,"turns":3},{"damage":26,"enemies":"Lagavulin Event","floor":9,"turns":8},{"damage":0,"enemies":"Cultist","floor":10,"turns":3},{"damage":19,"enemies":"3 Sentries","floor":14,"turns":5},{"damage":55,"enemies":"Fading Forest","floor":18,"turns":11},{"damage":18,"enemies":"2 Thieves","floor":20,"turns":4},{"damage":9,"enemies":"3 Byrds","floor":22,"turns":4},{"damage":0,"enemies":"Snecko","floor":26,"turns":5},{"damage":35,"enemies":"Replay:Snechameleon","floor":29,"turns":6},{"damage":4,"enemies":"Chosen and Byrds","floor":30,"turns":4},{"damage":8,"enemies":"Snake Plant","floor":31,"turns":1}],"seed_played":"-7427075605371688919","potions_obtained":[{"floor":10,"key":"Venom Potion"},{"floor":14,"key":"EssenceOfSteel"},{"floor":18,"key":"BlessingOfTheForge"},{"floor":26,"key":"BlessingOfTheForge"},{"floor":30,"key":"sneckomod:MuddlingPotion"}],"is_trial":false,"path_per_floor":["M","?","?","PTL","PTL","M","?","R","?","M","T","R","$","E","$","?","R","B",null,"M","?","M","?","?","R","M","R","T","E","M","M"],"character_chosen":"THE_SERVANT","items_purchased":["Guide Book","Ricochet","ShatteredReality"],"campfire_rested":2,"item_purchase_floors":[13,13,15],"current_hp_per_floor":[59,59,59,59,59,49,42,42,16,16,23,44,44,25,25,25,46,9,72,54,54,45,45,45,45,45,45,45,10,6,0,0],"gold":352,"neow_bonus":"THREE_CARDS","is_daily":false,"chose_seed":false,"campfire_upgraded":3,"win_rate":0.0,"timestamp":1609273527,"path_taken":["M","?","?","PTL","PTL","M","?","R","?","?","T","R","$","E","?","?","R","BOSS","M","?","M","?","?","R","M","R","T","E","M","M"],"items_purchased_type":["Relic","Card","Card"],"build_version":"2020-12-22","purchased_purges":0,"victory":false,"max_hp_per_floor":[65,65,65,65,65,65,65,65,65,65,72,72,72,72,72,72,72,72,72,72,72,72,72,72,72,72,72,72,72,72,72,72],"card_choices":[{"not_picked":["Potential","Gouge"],"picked":"Foresight","floor":0},{"not_picked":["Spin","Defy","DoubleEdge"],"picked":"SKIP","floor":1},{"not_picked":["Gouge","ShiftingGears"],"picked":"Potential","floor":6},{"not_picked":["Replace","Unruled"],"picked":"SilverBlades","floor":9},{"not_picked":["Duplication","DoubleEdge","Replace"],"picked":"SKIP","floor":10},{"not_picked":["Unruled","Deadline"],"picked":"Advance","floor":14},{"not_picked":["TheWorld","Solidify"],"picked":"PendulumOfEternity","floor":18},{"not_picked":["Defy+1","Revamp+1"],"picked":"BottledTime+1","floor":20},{"not_picked":["Barrier+1","ShiftingGears"],"picked":"Starlight","floor":22},{"not_picked":["Spin","ShatteredReality"],"picked":"Potential","floor":26},{"not_picked":["Revamp","Unruled","Manipulate"],"picked":"SKIP","floor":29},{"not_picked":["StarChef","Defy"],"picked":"BottledTime+1","floor":30}],"player_experience":364137,"relics_obtained":[{"floor":11,"key":"Strawberry"},{"floor":14,"key":"Juzu Bracelet"},{"floor":24,"key":"Ring of Panic"},{"floor":28,"key":"MawBank"},{"floor":29,"key":"Bottled Lightning"}],"event_choices":[{"damage_healed":0,"gold_gain":0,"player_choice":"Grow","damage_taken":0,"max_hp_gain":0,"max_hp_loss":0,"event_name":"Living Wall","floor":2,"gold_loss":0,"cards_upgraded":["Foresight"]},{"damage_healed":0,"gold_gain":0,"player_choice":"Take Wound","damage_taken":0,"relics_obtained":["Golden Idol"],"max_hp_gain":0,"max_hp_loss":0,"event_name":"Golden Idol","floor":3,"gold_loss":0,"cards_obtained":["Injury"]},{"cards_removed":["Injury"],"damage_healed":0,"gold_gain":0,"player_choice":"Card Removal","damage_taken":7,"max_hp_gain":0,"max_hp_loss":0,"event_name":"Golden Wing","floor":7,"gold_loss":0},{"damage_healed":0,"gold_gain":30,"player_choice":"Searched \u00273\u0027 times","damage_taken":0,"relics_obtained":["Orichalcum"],"max_hp_gain":0,"max_hp_loss":0,"event_name":"Dead Adventurer","floor":9,"gold_loss":0},{"damage_healed":0,"gold_gain":0,"player_choice":"Upgraded","damage_taken":0,"max_hp_gain":0,"max_hp_loss":0,"event_name":"Upgrade Shrine","floor":16,"gold_loss":0,"cards_upgraded":["Advance"]},{"damage_healed":0,"gold_gain":0,"player_choice":"Take","damage_taken":0,"max_hp_gain":0,"max_hp_loss":0,"event_name":"betterNote:BetterNote","floor":21,"gold_loss":0,"cards_obtained":["Pot Of Greed"]}],"is_beta":false,"boss_relics":[{"not_picked":["Velvet Choker","Runic Dome"],"picked":"SacredBark"}],"items_purged_floors":[],"is_endless":false,"potions_floor_spawned":[10,14,18,26,30],"killed_by":"Snake Plant","ascension_level":0}}