{"host":"x1qj4d8ympd5jdqh","time":1609209551,"event":{"mods":["AchievementEnabler","AlwaysNeverKeys","BaseMod","Colored Map","Custom Start","DeckTracker","Highlight Path","Minty Spire (QoL Compilation)","StSLib","SuperFastMode"],"gold_per_floor":[109,124,144,157,4,4,38,57,102,113,127,127,127,127,127,223,223,241,17,42,57,77,77,77,2,2,2,2,26,26,26,26],"floor_reached":31,"playtime":1360,"items_purged":["Strike_G"],"score":478,"play_id":"a1cd0da8-a488-4188-922c-b42ae8816fa8","local_time":"20201229113911","is_ascension_mode":true,"campfire_choices":[{"data":"Poisoned Stab","floor":6.0,"key":"SMITH"},{"floor":12.0,"key":"REST"},{"data":"Bouncing Flask","floor":15.0,"key":"SMITH"},{"floor":23.0,"key":"REST"},{"data":"Adrenaline","floor":28.0,"key":"SMITH"},{"data":"Reflex","floor":30.0,"key":"SMITH"}],"circlet_count":0,"master_deck":["AscendersBane","Survivor","Neutralize","Terror","Well Laid Plans","Poisoned Stab+1","Bouncing Flask+1","Adrenaline","Crippling Poison","Backflip","Blur","Adrenaline+1","Riddle With Holes","Footwork","Outmaneuver","Phantasmal Killer","Bane","Tools of the Trade","Escape Plan","Noxious Fumes","Wraith Form v2","PiercingWail","Dodge and Roll","Cloak And Dagger+1","Calculated Gamble+1","Tactician","Reflex+1"],"relics":["Ring of the Snake","Art of War","Strawberry","Golden Idol","Pandora\u0027s Box","Lantern","Kunai","Bottled Lightning"],"acts_visited":["Exordium","TheCity"],"potions_floor_usage":[31],"damage_taken":[{"damage":3.0,"enemies":"Small Slimes","floor":1.0,"turns":5.0},{"damage":20.0,"enemies":"Jaw Worm","floor":2.0,"turns":8.0},{"damage":6.0,"enemies":"Cultist","floor":3.0,"turns":3.0},{"damage":12.0,"enemies":"3 Louse","floor":4.0,"turns":4.0},{"damage":6.0,"enemies":"Gremlin Nob","floor":7.0,"turns":3.0},{"damage":7.0,"enemies":"Large Slime","floor":8.0,"turns":6.0},{"damage":0.0,"enemies":"Gremlin Gang","floor":10.0,"turns":2.0},{"damage":0.0,"enemies":"Red Slaver","floor":11.0,"turns":5.0},{"damage":26.0,"enemies":"The Guardian","floor":16.0,"turns":9.0},{"damage":1.0,"enemies":"Chosen","floor":18.0,"turns":4.0},{"damage":18.0,"enemies":"2 Thieves","floor":20.0,"turns":5.0},{"damage":14.0,"enemies":"Snake Plant","floor":21.0,"turns":5.0},{"damage":14.0,"enemies":"Sentry and Sphere","floor":22.0,"turns":6.0},{"damage":11.0,"enemies":"Centurion and Healer","floor":29.0,"turns":7.0},{"damage":9,"enemies":"Gremlin Leader","floor":31,"turns":5}],"seed_played":"-3349461830086425947","potions_obtained":[{"floor":1.0,"key":"PowerPotion"},{"floor":3.0,"key":"ColorlessPotion"},{"floor":7.0,"key":"Explosive Potion"},{"floor":10.0,"key":"Explosive Potion"},{"floor":18.0,"key":"PowerPotion"},{"floor":21.0,"key":"SpeedPotion"}],"is_trial":false,"path_per_floor":["M","M","M","M","$","R","E","M","T","M","M","R","?","?","R","B",null,"M","$","M","M","M","R","?","$","T","?","R","M","R","E"],"character_chosen":"THE_SILENT","items_purchased":["Adrenaline","Lantern","Dodge and Roll","Reflex"],"campfire_rested":2,"item_purchase_floors":[5,19,19,25],"current_hp_per_floor":[62,42,36,24,24,24,18,11,18,18,18,41,41,41,41,15,58,57,57,39,25,11,32,32,32,32,32,32,21,21,12,12],"gold":26,"neow_bonus":"TEN_PERCENT_HP_BONUS","is_daily":false,"chose_seed":false,"campfire_upgraded":4,"win_rate":0.0,"timestamp":1609209551,"path_taken":["M","M","M","M","$","R","E","M","T","M","M","R","?","?","R","BOSS","M","$","M","M","M","R","?","?","T","?","R","M","R","E"],"items_purchased_type":["Card","Relic","Card","Card"],"build_version":"2020-12-22","purchased_purges":1,"victory":false,"max_hp_per_floor":[72,72,72,72,72,72,72,72,79,79,79,79,79,72,72,72,72,72,72,72,72,72,72,72,72,72,72,72,72,72,72,72],"card_choices":[{"not_picked":["Outmaneuver","Slice"],"picked":"Terror","floor":1.0},{"not_picked":["Cloak And Dagger","Heel Hook"],"picked":"Well Laid Plans","floor":2.0},{"not_picked":["Riddle With Holes","Dagger Throw"],"picked":"Poisoned Stab","floor":3.0},{"not_picked":["Well Laid Plans","Distraction"],"picked":"Bouncing Flask","floor":4.0},{"not_picked":["Finisher","PiercingWail"],"picked":"Crippling Poison","floor":7.0},{"not_picked":["Deflect","Quick Slash"],"picked":"Backflip","floor":8.0},{"not_picked":["All Out Attack","Concentrate"],"picked":"Blur","floor":10.0},{"not_picked":["Finisher","Blade Dance","Bullet Time"],"picked":"SKIP","floor":11.0},{"not_picked":["Venomology","Bullet Time"],"picked":"Adrenaline","floor":16.0},{"not_picked":["Flechettes","Expertise+1"],"picked":"PiercingWail","floor":18.0},{"not_picked":["Dagger Spray","Blade Dance"],"picked":"Cloak And Dagger+1","floor":20.0},{"not_picked":["Dagger Spray","Leg Sweep"],"picked":"Calculated Gamble+1","floor":21.0},{"not_picked":["Dash","Noxious Fumes"],"picked":"Tactician","floor":22.0},{"not_picked":["Predator+1","Tactician","Escape Plan"],"picked":"SKIP","floor":29.0},{"not_picked":["Predator+1","Tactician","Escape Plan"],"picked":"SKIP","floor":29.0}],"player_experience":1283180,"relics_obtained":[{"floor":7.0,"key":"Art of War"},{"floor":9.0,"key":"Strawberry"},{"floor":26.0,"key":"Bottled Lightning"}],"event_choices":[{"damage_healed":0.0,"max_hp_gain":0.0,"max_hp_loss":0.0,"gold_gain":0.0,"event_name":"Shining Light","player_choice":"Ignored","floor":13.0,"gold_loss":0.0,"damage_taken":0.0},{"damage_healed":0.0,"max_hp_gain":0.0,"max_hp_loss":7.0,"gold_gain":0.0,"event_name":"Golden Idol","player_choice":"Lose Max HP","floor":14.0,"gold_loss":0.0,"damage_taken":0.0,"relics_obtained":["Golden Idol"]},{"damage_healed":0.0,"max_hp_gain":0.0,"max_hp_loss":0.0,"gold_gain":0.0,"event_name":"WeMeetAgain","player_choice":"Gave Potion","floor":24.0,"gold_loss":0.0,"damage_taken":0.0,"relics_obtained":["Kunai"]},{"damage_healed":0.0,"max_hp_gain":0.0,"max_hp_loss":0.0,"gold_gain":0.0,"event_name":"The Mausoleum","player_choice":"Ignored","floor":27.0,"gold_loss":0.0,"damage_taken":0.0}],"is_beta":false,"boss_relics":[{"not_picked":["Fusion Hammer","Busted Crown"],"picked":"Pandora\u0027s Box"}],"items_purged_floors":[5],"is_endless":false,"potions_floor_spawned":[1,3,7,10,18,21],"killed_by":"Gremlin Leader","ascension_level":20}}