{"host":"s1gi8xs3so6zkrm7","time":1609255270,"event":{"mods":["BaseMod","Filter the Spire","Minty Spire (QoL Compilation)"],"gold_per_floor":[116,116,126,137,17,17,17,48,48,61,61,78,97,113,113,217,217,228,51,151,6,19,19,46,62,62,62,93,113,113,73,73,173,173,187,200,3,21,21,21,21,21],"floor_reached":41,"playtime":3021,"items_purged":["Study","WreathOfFlame","Wish"],"score":556,"play_id":"af1680e5-491e-472b-9bcb-9656e09406aa","local_time":"20201229092110","is_ascension_mode":true,"campfire_choices":[{"data":"Eruption","floor":6.0,"key":"SMITH"},{"floor":15.0,"key":"REST"},{"floor":23.0,"key":"REST"},{"floor":30.0,"key":"REST"},{"floor":32.0,"key":"REST"},{"floor":40.0,"key":"REST"}],"circlet_count":0,"master_deck":["Eruption+1","Vigilance","Pray","Vengeance","DeceiveReality","EmptyBody","CarveReality","Wallop","FollowUp","ClearTheMind","SignatureMove","FlurryOfBlows","WheelKick","ForeignInfluence","EmptyFist","Ragnarok","Worship","TalkToTheHand","ReachHeaven+1","Alpha","DevaForm","WaveOfTheHand+1","EmptyMind+1","Tantrum"],"relics":["Pandora\u0027s Box","Turnip","InkBottle","Dead Branch","Philosopher\u0027s Stone","Juzu Bracelet","Du-Vu Doll","Singing Bowl","Dream Catcher","Sozu"],"acts_visited":["Exordium","TheCity","TheBeyond"],"potions_floor_usage":[],"damage_taken":[{"damage":2.0,"enemies":"Cultist","floor":1.0,"turns":4.0},{"damage":6.0,"enemies":"2 Louse","floor":3.0,"turns":3.0},{"damage":3.0,"enemies":"Jaw Worm","floor":4.0,"turns":4.0},{"damage":8.0,"enemies":"Gremlin Nob","floor":8.0,"turns":3.0},{"damage":7.0,"enemies":"Red Slaver","floor":10.0,"turns":2.0},{"damage":0.0,"enemies":"Exordium Thugs","floor":12.0,"turns":2.0},{"damage":0.0,"enemies":"3 Louse","floor":13.0,"turns":2.0},{"damage":0.0,"enemies":"Large Slime","floor":14.0,"turns":2.0},{"damage":0.0,"enemies":"Slime Boss","floor":16.0,"turns":5.0},{"damage":18.0,"enemies":"2 Thieves","floor":18.0,"turns":4.0},{"damage":21.0,"enemies":"3 Byrds","floor":22.0,"turns":5.0},{"damage":15.0,"enemies":"Book of Stabbing","floor":24.0,"turns":6.0},{"damage":0.0,"enemies":"Snecko","floor":25.0,"turns":3.0},{"damage":83.0,"enemies":"Slavers","floor":28.0,"turns":4.0},{"damage":0.0,"enemies":"Centurion and Healer","floor":29.0,"turns":4.0},{"damage":50.0,"enemies":"Champ","floor":33.0,"turns":8.0},{"damage":14.0,"enemies":"3 Shapes","floor":35.0,"turns":4.0},{"damage":23.0,"enemies":"Orb Walker","floor":36.0,"turns":3.0},{"damage":45.0,"enemies":"Writhing Mass","floor":38.0,"turns":4.0},{"damage":42,"enemies":"Reptomancer","floor":41,"turns":2}],"seed_played":"-4540978968028160560","potions_obtained":[{"floor":10.0,"key":"FairyPotion"},{"floor":12.0,"key":"FearPotion"},{"floor":14.0,"key":"GamblersBrew"},{"floor":25.0,"key":"Swift Potion"},{"floor":31.0,"key":"Fruit Juice"},{"floor":31.0,"key":"Strength Potion"},{"floor":31.0,"key":"SneckoOil"},{"floor":33.0,"key":"Explosive Potion"}],"is_trial":false,"path_per_floor":["M","?","M","M","$","R","?","E","T","M","?","M","M","M","R","B",null,"M","$","?","$","M","R","E","M","T","?","E","M","R","?","R","B",null,"M","M","$","M","$","R","E"],"character_chosen":"WATCHER","items_purchased":["FlurryOfBlows","TalkToTheHand","Juzu Bracelet","Tantrum"],"campfire_rested":5,"item_purchase_floors":[5,19,21,37],"current_hp_per_floor":[70,72,66,63,63,63,60,52,52,45,45,45,45,45,66,66,72,54,54,54,54,33,54,39,39,39,63,8,10,34,34,59,14,85,71,48,48,5,5,33,0,0],"gold":21,"neow_bonus":"BOSS_RELIC","is_daily":false,"chose_seed":false,"campfire_upgraded":1,"win_rate":0.0,"timestamp":1609255270,"path_taken":["M","?","M","?","$","R","?","E","T","M","?","M","M","M","R","BOSS","M","$","?","?","M","R","E","M","T","?","E","M","R","?","R","BOSS","M","M","$","M","?","R","E"],"items_purchased_type":["Card","Card","Relic","Card"],"build_version":"2020-12-22","purchased_purges":3,"victory":false,"max_hp_per_floor":[72,72,72,72,72,72,72,72,72,72,72,72,72,72,72,72,72,72,72,72,72,72,72,72,72,72,72,74,76,78,78,80,85,85,85,85,85,87,87,89,89,89],"card_choices":[{"not_picked":["FollowUp","EmptyFist"],"picked":"ClearTheMind","floor":1.0},{"not_picked":["ThirdEye","WindmillStrike"],"picked":"Halt","floor":3.0},{"not_picked":["Protect","Prostrate"],"picked":"SignatureMove","floor":4.0},{"not_picked":["Adaptation","DeceiveReality"],"picked":"WheelKick","floor":8.0},{"not_picked":["CutThroughFate","EmptyFist"],"picked":"ForeignInfluence","floor":10.0},{"not_picked":["EmptyBody","Halt"],"picked":"EmptyFist","floor":12.0},{"not_picked":["FlyingSleeves","BowlingBash"],"picked":"WreathOfFlame","floor":13.0},{"not_picked":["CutThroughFate","SashWhip"],"picked":"Wish","floor":14.0},{"not_picked":["Vault","Judgement"],"picked":"Ragnarok","floor":16.0},{"not_picked":["CrushJoints+1","Conclude+1"],"picked":"Worship","floor":18.0},{"not_picked":["EmptyBody","FlyingSleeves"],"picked":"ReachHeaven+1","floor":22.0},{"not_picked":["WindmillStrike","WheelKick+1","ClearTheMind+1"],"picked":"SKIP","floor":24.0},{"not_picked":["Indignation","ClearTheMind+1"],"picked":"Alpha","floor":25.0},{"not_picked":["Pray+1","JustLucky","Worship+1"],"picked":"Singing Bowl","floor":28.0},{"not_picked":["ClearTheMind","Adaptation","FollowUp+1"],"picked":"Singing Bowl","floor":29.0},{"not_picked":["ThirdEye","Collect","CrushJoints"],"picked":"Singing Bowl","floor":30.0},{"not_picked":["JustLucky","ReachHeaven","EmptyBody"],"picked":"Singing Bowl","floor":32.0},{"not_picked":["SpiritShield","Brilliance"],"picked":"DevaForm","floor":33.0},{"not_picked":["SandsOfTime","ThirdEye"],"picked":"WaveOfTheHand+1","floor":35.0},{"not_picked":["CutThroughFate+1","WindmillStrike+1"],"picked":"EmptyMind+1","floor":36.0},{"not_picked":["FlyingSleeves","JustLucky","CrushJoints+1"],"picked":"Singing Bowl","floor":38.0},{"not_picked":["SashWhip","PathToVictory+1","Meditate"],"picked":"Singing Bowl","floor":40.0}],"player_experience":218331,"relics_obtained":[{"floor":8.0,"key":"InkBottle"},{"floor":9.0,"key":"Dead Branch"},{"floor":24.0,"key":"Du-Vu Doll"},{"floor":26.0,"key":"Singing Bowl"},{"floor":28.0,"key":"Dream Catcher"}],"event_choices":[{"damage_healed":2.0,"max_hp_gain":0.0,"max_hp_loss":0.0,"gold_gain":0.0,"event_name":"Wheel of Change","player_choice":"Full Heal","floor":2.0,"gold_loss":0.0,"damage_taken":0.0},{"damage_healed":0.0,"max_hp_gain":0.0,"max_hp_loss":0.0,"gold_gain":0.0,"event_name":"Scrap Ooze","player_choice":"Success","floor":7.0,"gold_loss":0.0,"damage_taken":3.0,"relics_obtained":["Turnip"]},{"cards_removed":["Halt"],"damage_healed":0.0,"max_hp_gain":0.0,"max_hp_loss":0.0,"gold_gain":0.0,"event_name":"Purifier","player_choice":"Purged","floor":11.0,"gold_loss":0.0,"damage_taken":0.0},{"damage_healed":0.0,"max_hp_gain":0.0,"max_hp_loss":0.0,"gold_gain":100.0,"event_name":"Golden Shrine","player_choice":"Pray","floor":20.0,"gold_loss":0.0,"damage_taken":0.0},{"damage_healed":24.0,"max_hp_gain":0.0,"max_hp_loss":0.0,"gold_gain":0.0,"event_name":"The Library","player_choice":"Heal","floor":27.0,"gold_loss":0.0,"damage_taken":0.0},{"damage_healed":0.0,"max_hp_gain":0.0,"max_hp_loss":0.0,"gold_gain":0.0,"event_name":"The Woman in Blue","player_choice":"Bought 3 Potions","floor":31.0,"gold_loss":0.0,"damage_taken":0.0}],"is_beta":false,"boss_relics":[{"not_picked":["SlaversCollar","SacredBark"],"picked":"Philosopher\u0027s Stone"},{"not_picked":["Snecko Eye","Velvet Choker"],"picked":"Sozu"}],"items_purged_floors":[5,19,37],"is_endless":false,"potions_floor_spawned":[10,12,14,22,24,25,33,36],"killed_by":"Reptomancer","ascension_level":2}}