{"host":"mcdusr64esz012l0","time":1609210521,"event":{"mods":["BaseMod","Minty Spire (QoL Compilation)","Relic Stats"],"gold_per_floor":[109,121,121,132,182,182,213,223,223,223,254,140,140,140],"floor_reached":13,"playtime":395,"items_purged":[],"score":186,"play_id":"42602b78-ef47-42a8-983a-ed098706c3ec","local_time":"20201228215521","is_ascension_mode":true,"campfire_choices":[{"floor":6,"key":"REST"},{"floor":10,"key":"REST"}],"circlet_count":0,"master_deck":["AscendersBane","Strike_G","Strike_G+1","Strike_G","Strike_G","Strike_G","Defend_G","Defend_G+1","Defend_G","Defend_G","Defend_G","Survivor","Neutralize","Dagger Spray","Backstab","Deadly Poison","Infinite Blades","Deflect"],"relics":["Fusion Hammer","Toy Ornithopter","Akabeko","Pantograph","Mummified Hand"],"acts_visited":["Exordium"],"potions_floor_usage":[],"damage_taken":[{"damage":5,"enemies":"2 Louse","floor":1,"turns":4},{"damage":1,"enemies":"Cultist","floor":2,"turns":4},{"damage":8,"enemies":"Small Slimes","floor":4,"turns":4},{"damage":34,"enemies":"3 Sentries","floor":7,"turns":10},{"damage":0,"enemies":"Blue Slaver","floor":8,"turns":3},{"damage":28,"enemies":"Lagavulin","floor":11,"turns":7},{"damage":1,"enemies":"Gremlin Nob","floor":13,"turns":2}],"seed_played":"6754858913975493155","potions_obtained":[{"floor":11,"key":"SpeedPotion"}],"is_trial":false,"path_per_floor":["M","M","?","M","?","R","E","M","T","R","E","?","E"],"character_chosen":"THE_SILENT","items_purchased":[],"campfire_rested":2,"item_purchase_floors":[],"current_hp_per_floor":[54,53,33,25,25,44,10,10,10,29,1,1,0,0],"gold":140,"neow_bonus":"BOSS_RELIC","is_daily":false,"chose_seed":false,"campfire_upgraded":0,"win_rate":0.0,"timestamp":1609210521,"path_taken":["M","M","?","M","?","R","E","?","T","R","E","?","E"],"items_purchased_type":[],"build_version":"2020-12-22","purchased_purges":0,"victory":false,"max_hp_per_floor":[66,66,66,66,66,66,66,66,66,66,66,66,66,66],"relic_stats":{"counters":[7,34],"Mummified Hand":[1],"Pantograph":0,"obtain_stats":[{"Mummified Hand":12,"Pantograph":11,"Fusion Hammer":0,"Toy Ornithopter":7,"Akabeko":9,"Ring of the Snake":0},{"Mummified Hand":6,"Pantograph":6,"Fusion Hammer":0,"Toy Ornithopter":4,"Akabeko":5,"Ring of the Snake":0},{"Mummified Hand":32,"Pantograph":32,"Fusion Hammer":0,"Toy Ornithopter":22,"Akabeko":25,"Ring of the Snake":0}],"Toy Ornithopter":0},"card_choices":[{"not_picked":["Deadly Poison","Cloak And Dagger","Acrobatics"],"picked":"SKIP","floor":1},{"not_picked":["Bane","Outmaneuver"],"picked":"Dagger Spray","floor":2},{"not_picked":["Flechettes","Underhanded Strike"],"picked":"Backstab","floor":4},{"not_picked":["Tools of the Trade","Blur"],"picked":"Deadly Poison","floor":7},{"not_picked":["Outmaneuver","Slice"],"picked":"Infinite Blades","floor":8},{"not_picked":["Well Laid Plans","Reflex"],"picked":"Deflect","floor":11}],"player_experience":1011785,"relics_obtained":[{"floor":7,"key":"Toy Ornithopter"},{"floor":9,"key":"Akabeko"},{"floor":11,"key":"Pantograph"}],"event_choices":[{"damage_healed":0,"gold_gain":0,"player_choice":"Entered Light","damage_taken":20,"max_hp_gain":0,"max_hp_loss":0,"event_name":"Shining Light","floor":3,"gold_loss":0,"cards_upgraded":["Strike_G","Defend_G"]},{"damage_healed":0,"gold_gain":50,"player_choice":"Pray","damage_taken":0,"max_hp_gain":0,"max_hp_loss":0,"event_name":"Golden Shrine","floor":5,"gold_loss":0},{"damage_healed":0,"gold_gain":0,"player_choice":"Paid Gold","damage_taken":0,"relics_obtained":["Mummified Hand"],"max_hp_gain":0,"max_hp_loss":0,"event_name":"WeMeetAgain","floor":12,"gold_loss":114}],"is_beta":false,"boss_relics":[],"items_purged_floors":[],"is_endless":false,"potions_floor_spawned":[11],"killed_by":"Gremlin Nob","ascension_level":20}}