{"host":"sc0o2qwpf9j16a4i","time":1609263025,"event":{"mods":["AchievementEnabler","BaseMod","BetterRewards","Block Reminder","Colored Map","Colored Powertips","Custom Start","Highlight Path","Minty Spire (QoL Compilation)","Relic Stats"],"gold_per_floor":[112,125,144,12,12,12,39,39,85,85,96,32,42,58,58,132,132,151,151,151],"floor_reached":19,"playtime":473,"items_purged":["Strike_P"],"score":321,"play_id":"92f80a17-f7a8-43ab-9f6c-7e7bf7f7c338","local_time":"20201229193025","is_ascension_mode":true,"campfire_choices":[{"data":"Conclude","floor":6,"key":"SMITH"},{"floor":8,"key":"REST"},{"data":"FlyingSleeves","floor":10,"key":"SMITH"},{"data":"Vigilance","floor":15,"key":"SMITH"}],"circlet_count":0,"master_deck":["AscendersBane","Strike_P","Strike_P","Strike_P","Defend_P","Defend_P","Defend_P","Defend_P","Eruption+1","Vigilance+1","FlurryOfBlows","EmptyFist","Conclude+1","FlyingSleeves+1","Crescendo","FearNoEvil","WaveOfTheHand","Establishment","WheelKick"],"relics":["PureWater","Nunchaku","MealTicket","TeardropLocket","VioletLotus"],"acts_visited":["Exordium","TheCity"],"potions_floor_usage":[7,16],"damage_taken":[{"damage":14,"enemies":"Small Slimes","floor":1,"turns":4},{"damage":0,"enemies":"Cultist","floor":2,"turns":3},{"damage":7,"enemies":"Jaw Worm","floor":3,"turns":2},{"damage":16,"enemies":"Gremlin Nob","floor":7,"turns":3},{"damage":0,"enemies":"Exordium Thugs","floor":11,"turns":3},{"damage":1,"enemies":"Red Slaver","floor":13,"turns":2},{"damage":1,"enemies":"Lots of Slimes","floor":14,"turns":3},{"damage":33,"enemies":"Hexaghost","floor":16,"turns":11},{"damage":41,"enemies":"3 Byrds","floor":18,"turns":5},{"damage":12,"enemies":"Spheric Guardian","floor":19,"turns":2}],"seed_played":"-2197468573433785225","potions_obtained":[{"floor":2,"key":"SkillPotion"},{"floor":11,"key":"SpeedPotion"},{"floor":18,"key":"Strength Potion"}],"is_trial":false,"path_per_floor":["M","M","M","$","?","R","E","R","T","R","M","?","M","M","R","B",null,"M","M"],"character_chosen":"WATCHER","items_purchased":["FearPotion"],"campfire_rested":1,"item_purchase_floors":[4],"current_hp_per_floor":[47,47,40,40,40,40,24,44,44,44,44,44,43,42,42,9,53,12,0,0],"gold":151,"neow_bonus":"UPGRADE_CARD","is_daily":false,"chose_seed":false,"campfire_upgraded":3,"win_rate":0.0,"timestamp":1609263025,"path_taken":["M","M","M","$","?","R","E","R","T","R","M","?","M","M","R","BOSS","M","M"],"items_purchased_type":["Potion"],"build_version":"2020-12-22","purchased_purges":1,"victory":false,"max_hp_per_floor":[68,68,68,68,68,68,68,68,68,68,68,68,68,68,68,68,68,68,68,68],"relic_stats":{"Nunchaku":[7],"counters":[10,38],"MealTicket":0,"VioletLotus":[3],"obtain_stats":[{"Nunchaku":7,"MealTicket":9,"VioletLotus":17,"TeardropLocket":12,"PureWater":0},{"Nunchaku":4,"MealTicket":4,"VioletLotus":8,"TeardropLocket":5,"PureWater":0},{"Nunchaku":12,"MealTicket":12,"VioletLotus":31,"TeardropLocket":15,"PureWater":0}]},"card_choices":[{"not_picked":["PathToVictory","Halt"],"picked":"FlurryOfBlows","floor":1},{"not_picked":["DeceiveReality","CutThroughFate"],"picked":"EmptyFist","floor":2},{"not_picked":["JustLucky","Consecrate"],"picked":"Conclude","floor":3},{"not_picked":["FlurryOfBlows","Pray"],"picked":"FlyingSleeves","floor":7},{"not_picked":["FollowUp","Consecrate"],"picked":"Crescendo","floor":11},{"not_picked":["MasterReality","Wallop"],"picked":"FearNoEvil","floor":13},{"not_picked":["ClearTheMind","ThirdEye"],"picked":"WaveOfTheHand","floor":14},{"not_picked":["ConjureBlade","MasterReality"],"picked":"Establishment","floor":16},{"not_picked":["FollowUp","Consecrate+1"],"picked":"WheelKick","floor":18}],"player_experience":403745,"relics_obtained":[{"floor":7,"key":"Nunchaku"},{"floor":9,"key":"MealTicket"}],"event_choices":[{"damage_healed":0,"gold_gain":0,"player_choice":"Ignored","damage_taken":0,"max_hp_gain":0,"max_hp_loss":0,"event_name":"Liars Game","floor":5,"gold_loss":0},{"damage_healed":0,"gold_gain":0,"player_choice":"Paid Gold","damage_taken":0,"relics_obtained":["TeardropLocket"],"max_hp_gain":0,"max_hp_loss":0,"event_name":"WeMeetAgain","floor":12,"gold_loss":64}],"is_beta":false,"boss_relics":[{"not_picked":["Black Star","Fusion Hammer"],"picked":"VioletLotus"}],"items_purged_floors":[4],"is_endless":false,"potions_floor_spawned":[2,11,14,18],"killed_by":"Spheric Guardian","ascension_level":18}}