{"host":"a5lz0e76zb3fcwkm","time":1609250865,"event":{"mods":["AchievementEnabler","BaseMod","Colored Map","Colored Powertips","Minty Spire (QoL Compilation)","StSLib","SuperFastMode"],"gold_per_floor":[366,46,66,82,96,96,126,126,126,126,143,43,43,75,75,154,154,167,167,178,178,197,197,197],"floor_reached":23,"playtime":619,"items_purged":["Strike_G","Strike_G"],"score":402,"play_id":"746752d4-90c4-4cd3-b1db-f9b3cc13ec65","local_time":"20201229230745","is_ascension_mode":true,"campfire_choices":[{"data":"Blade Dance","floor":6,"key":"SMITH"},{"data":"Bouncing Flask","floor":8,"key":"SMITH"},{"floor":10,"key":"REST"},{"data":"Footwork","floor":13,"key":"SMITH"},{"data":"Crippling Poison","floor":15,"key":"SMITH"}],"circlet_count":0,"master_deck":["AscendersBane","Strike_G","Strike_G","Defend_G","Defend_G","Defend_G","Defend_G","Survivor","Neutralize","Footwork+1","Infinite Blades","Blade Dance+1","Bouncing Flask+1","Escape Plan","Crippling Poison+1","Burst+1","PiercingWail","After Image"],"relics":["Ring of the Snake","Medical Kit","Singing Bowl","Mango","Nloth\u0027s Gift"],"acts_visited":["Exordium","TheCity"],"potions_floor_usage":[7,14,23],"damage_taken":[{"damage":0,"enemies":"2 Louse","floor":1,"turns":3},{"damage":1,"enemies":"Cultist","floor":3,"turns":5},{"damage":2,"enemies":"Jaw Worm","floor":4,"turns":4},{"damage":13,"enemies":"Lots of Slimes","floor":5,"turns":6},{"damage":32,"enemies":"3 Sentries","floor":7,"turns":10},{"damage":0,"enemies":"Looter","floor":11,"turns":4},{"damage":1,"enemies":"Lagavulin","floor":14,"turns":5},{"damage":9,"enemies":"Hexaghost","floor":16,"turns":9},{"damage":22,"enemies":"3 Byrds","floor":18,"turns":5},{"damage":0,"enemies":"Spheric Guardian","floor":20,"turns":2},{"damage":9,"enemies":"Snecko","floor":22,"turns":6},{"damage":69,"enemies":"Gremlin Leader","floor":23,"turns":5}],"seed_played":"-7663486210377071080","potions_obtained":[{"floor":4,"key":"Swift Potion"},{"floor":5,"key":"ColorlessPotion"},{"floor":7,"key":"FairyPotion"},{"floor":22,"key":"SteroidPotion"}],"is_trial":false,"path_per_floor":["M","$","M","M","M","R","E","R","T","R","M","$","R","E","R","B",null,"M","?","M","?","M","E"],"character_chosen":"THE_SILENT","items_purchased":["Infinite Blades","Medical Kit"],"campfire_rested":1,"item_purchase_floors":[2,2],"current_hp_per_floor":[59,59,58,56,43,43,11,11,11,29,29,29,29,42,42,33,64,42,42,44,44,35,0,0],"gold":197,"neow_bonus":"TWO_FIFTY_GOLD","is_daily":false,"chose_seed":false,"campfire_upgraded":4,"win_rate":0.0,"timestamp":1609250865,"path_taken":["M","$","M","M","M","R","E","R","T","R","M","$","R","E","R","BOSS","M","?","?","?","M","E"],"items_purchased_type":["Card","Relic"],"build_version":"2020-12-22","purchased_purges":2,"victory":false,"max_hp_per_floor":[60,60,60,60,60,60,60,60,60,60,60,60,60,74,74,74,74,74,74,76,76,76,76,76],"card_choices":[{"not_picked":["Dodge and Roll","Expertise"],"picked":"Footwork","floor":1},{"not_picked":["Choke","Backflip"],"picked":"Blade Dance","floor":3},{"not_picked":["Flechettes","Bane","Deflect"],"picked":"SKIP","floor":4},{"not_picked":["Dagger Spray","Skewer","Flying Knee"],"picked":"SKIP","floor":5},{"not_picked":["Flying Knee","Expertise"],"picked":"Bouncing Flask","floor":7},{"not_picked":["Endless Agony","Underhanded Strike"],"picked":"Escape Plan","floor":11},{"not_picked":["Choke","Finisher"],"picked":"Crippling Poison","floor":14},{"not_picked":["Grand Finale","Doppelganger"],"picked":"Burst","floor":16},{"not_picked":["Expertise","Endless Agony"],"picked":"PiercingWail","floor":18},{"not_picked":["Cloak And Dagger","Deadly Poison","Leg Sweep"],"picked":"Singing Bowl","floor":20},{"not_picked":["Backstab","Underhanded Strike"],"picked":"After Image","floor":22}],"player_experience":1657975,"relics_obtained":[{"floor":7,"key":"Singing Bowl"},{"floor":14,"key":"Mango"}],"event_choices":[{"damage_healed":0,"gold_gain":0,"player_choice":"Upgraded","damage_taken":0,"max_hp_gain":0,"max_hp_loss":0,"event_name":"Upgrade Shrine","floor":19,"gold_loss":0,"cards_upgraded":["Burst"]},{"damage_healed":0,"gold_gain":0,"player_choice":"Traded Relic","damage_taken":0,"relics_obtained":["Nloth\u0027s Gift"],"max_hp_gain":0,"max_hp_loss":0,"event_name":"N\u0027loth","floor":21,"relics_lost":["Empty Cage"],"gold_loss":0}],"is_beta":false,"boss_relics":[{"not_picked":["Runic Pyramid","Snecko Eye"],"picked":"Empty Cage"}],"items_purged_floors":[2,12],"is_endless":false,"potions_floor_spawned":[4,5,7,22],"killed_by":"Gremlin Leader","ascension_level":20}}