{"host":"zpql4quw4g2j1hsh","time":1609213265,"event":{"mods":["Act Like it!","BaseMod","Better-Laid Plans","Challenge The Spire","Decade(王小明)","Lobotomy","LobotomyExtend","Minty Spire (QoL Compilation)","Permanent Neow","Quick Restart","Relic Stats","Spicy Shops","StSLib","SuperFastMode","【遗物卡牌】REMEMod","篝火指南"],"gold_per_floor":[114,131,131,150,4,38,38,38,85,95,95,126,137,37,37,133,133,144,155,155,155,155,185,185,60,86,100,111,126,49,68,68,173,223,234,244,257,257,306,631,646,676,676,676,2,12,44,56,16,16,16],"floor_reached":50,"playtime":4722,"items_purged":["Scorched","CENSORED_ego","Decade_Attack","KamenRideBlade"],"score":714,"play_id":"437a0b90-3ef2-4329-88f8-a2aaace0d4d5","local_time":"20201229114105","is_ascension_mode":false,"campfire_choices":[{"data":"KamenRide","floor":7.0,"key":"SMITH"},{"floor":15.0,"key":"REST"},{"data":"DecadeViolentEmotion","floor":24.0,"key":"SMITH"},{"data":"RideBooker_Skill_3","floor":32.0,"key":"SMITH"}],"circlet_count":0,"master_deck":["Mercenary","Decade_Attack","Decade_Attack+1","KamenRide+1","Decade_SpecialSkill+1","Decade_Defend","Decade_Defend+1","Decade_Defend+1","BigBadWolf","Madness","DecadeViolentEmotion+1","MeltingLove","DespairKnight","RideBooker_Skill_2+1","RideBooker_Skill_3+1","DreamingCurrent","Decade_Defend2+1","RideBooker_Skill_2+1","BlackSwan","HeroicMonk"],"relics":["Decadriver","TOEIDeficitBill","REME_ComplimentaryCards","CogitoBucket","LetterFromLob","Gaze_r","ShedSkin_r","Strawberry","Ancient Tea Set","WantedRequest","REME_HandOfSuture","BackwardClock","Black Star","Pantograph","TungstenRod","Pear","Blood Vial","Theresia","Tiny House","BehaviorAdjustment","Gambling Chip","Old Coin","Centennial Puzzle","Gremlin Horn","Pen Nib","Molten Egg 2","Potion Belt","REME_CardOfGreed","OrangePellets","Lantern","Boot","Darkstone Periapt"],"acts_visited":["Exordium","TheCity","TheBeyond"],"potions_floor_usage":[50,50,50],"damage_taken":[{"damage":0.0,"enemies":"2 Louse","floor":1.0,"turns":2.0},{"damage":0.0,"enemies":"Cultist","floor":2.0,"turns":1.0},{"damage":42.0,"enemies":"Cultist","floor":3.0,"turns":2.0},{"damage":5.0,"enemies":"Small Slimes","floor":4.0,"turns":8.0},{"damage":0.0,"enemies":"Gremlin Nob","floor":6.0,"turns":1.0},{"damage":0.0,"enemies":"Red Slaver","floor":10.0,"turns":1.0},{"damage":4.0,"enemies":"3 Sentries","floor":12.0,"turns":3.0},{"damage":6.0,"enemies":"Exordium Wildlife","floor":13.0,"turns":3.0},{"damage":35.0,"enemies":"The Guardian","floor":16.0,"turns":6.0},{"damage":0.0,"enemies":"2 Thieves","floor":18.0,"turns":1.0},{"damage":0.0,"enemies":"Spheric Guardian","floor":19.0,"turns":1.0},{"damage":20.0,"enemies":"Slavers","floor":23.0,"turns":2.0},{"damage":43.0,"enemies":"Chosen and Byrds","floor":27.0,"turns":6.0},{"damage":0.0,"enemies":"Shelled Parasite and Fungi","floor":28.0,"turns":2.0},{"damage":0.0,"enemies":"Snecko","floor":29.0,"turns":1.0},{"damage":0.0,"enemies":"Cultist and Chosen","floor":31.0,"turns":1.0},{"damage":19.0,"enemies":"Champ","floor":33.0,"turns":6.0},{"damage":66.0,"enemies":"Orb Walker","floor":35.0,"turns":5.0},{"damage":7.0,"enemies":"3 Darklings","floor":36.0,"turns":3.0},{"damage":2.0,"enemies":"Jaw Worm Horde","floor":37.0,"turns":3.0},{"damage":36.0,"enemies":"2 Orb Walkers","floor":39.0,"turns":3.0},{"damage":8.0,"enemies":"Reptomancer","floor":40.0,"turns":4.0},{"damage":16.0,"enemies":"Transient","floor":41.0,"turns":5.0},{"damage":0.0,"enemies":"Nemesis","floor":42.0,"turns":1.0},{"damage":2.0,"enemies":"Sphere and 2 Shapes","floor":46.0,"turns":1.0},{"damage":27.0,"enemies":"Giant Head","floor":47.0,"turns":4.0},{"damage":2.0,"enemies":"4 Shapes","floor":48.0,"turns":1.0},{"damage":42,"enemies":"FixerMidnight","floor":50,"turns":4}],"seed_played":"8575201809160055855","potions_obtained":[{"floor":2.0,"key":"Fire Potion"},{"floor":4.0,"key":"AttackPotion"},{"floor":6.0,"key":"DistilledChaos"},{"floor":16.0,"key":"SkillPotion"},{"floor":18.0,"key":"ColorlessPotion"},{"floor":19.0,"key":"Weak Potion"},{"floor":28.0,"key":"Block Potion"},{"floor":31.0,"key":"FairyPotion"},{"floor":34.0,"key":"ColorlessPotion"},{"floor":39.0,"key":"ColorlessPotion"},{"floor":46.0,"key":"LiquidBronze"}],"is_trial":false,"path_per_floor":["M","M","?","M","$","E","R","?","T","M","?","E","M","$","R","B",null,"M","M","?","?","?","E","R","$","T","M","M","M","R","M","R","B",null,"M","M","M","?","?","E","M","E","T","?","R","M","E","M","R","B"],"character_chosen":"Decade","items_purchased":["AutoVajin","FormRideTitan","RideBooker_Skill_3","Potion Belt","REME_CardOfGreed","OrangePellets","Lantern","Kuuga_GouramAttack+1"],"campfire_rested":1,"item_purchase_floors":[5,5,30,45,45,45,45,49],"current_hp_per_floor":[70,70,28,23,23,30,30,35,35,35,35,31,39,39,62,61,76,76,76,76,62,62,57,57,57,57,36,38,40,40,42,42,85,90,69,87,87,83,50,71,79,80,80,80,80,80,51,66,66,0,0],"gold":16,"neow_bonus":"","is_daily":false,"chose_seed":false,"campfire_upgraded":3,"win_rate":0.0,"timestamp":1609213265,"path_taken":["M","M","?","M","$","E","R","?","T","M","?","E","M","$","R","BOSS","M","M","?","?","?","E","R","$","T","?","M","M","R","M","R","BOSS","M","M","M","?","?","E","M","E","T","?","R","M","E","M","R","BOSS"],"items_purchased_type":["Card","Card","Card","Relic","Relic","Relic","Card","Card"],"build_version":"2020-12-22","purchased_purges":4,"victory":false,"max_hp_per_floor":[70,70,70,70,70,77,77,82,82,82,82,82,79,79,79,76,76,76,76,76,81,81,91,91,91,91,88,88,88,88,88,88,85,90,90,87,87,83,80,80,80,80,80,80,80,80,77,74,74,71,71],"relic_stats":{"Darkstone Periapt":0,"Gremlin Horn":[2,2],"counters":[31,84],"Pen Nib":[3],"Boot":[16],"Blood Vial":23,"OrangePellets":[2],"Centennial Puzzle":[11],"Pantograph":31,"Gambling Chip":[16],"Black Star":4,"obtain_stats":[{"Darkstone Periapt":47,"Lantern":45,"Tiny House":34,"Gremlin Horn":42,"Decadriver":0,"Ancient Tea Set":9,"Boot":47,"Old Coin":40,"Blood Vial":26,"Yang_Lob":46,"CogitoBucket":0,"Centennial Puzzle":40,"Strawberry":6,"Pantograph":20,"Gambling Chip":39,"WantedRequest":12,"Potion Belt":45,"BackwardClock":13,"Pear":23,"Pen Nib":42,"TOEIDeficitBill":0,"Gaze_r":3,"OrangePellets":45,"Molten Egg 2":43,"REME_HandOfSuture":12,"BehaviorAdjustment":35,"LetterFromLob":1,"Black Star":17,"REME_CardOfGreed":45,"Theresia":27,"ShedSkin_r":3,"TungstenRod":23,"REME_ComplimentaryCards":0},{"Darkstone Periapt":29,"Lantern":27,"Tiny House":19,"Gremlin Horn":27,"Decadriver":0,"Ancient Tea Set":5,"Boot":29,"Old Coin":25,"Blood Vial":13,"Yang_Lob":28,"CogitoBucket":0,"Centennial Puzzle":25,"Strawberry":5,"Pantograph":12,"Gambling Chip":24,"WantedRequest":7,"Potion Belt":27,"BackwardClock":9,"Pear":13,"Pen Nib":27,"TOEIDeficitBill":0,"Gaze_r":3,"OrangePellets":27,"Molten Egg 2":27,"REME_HandOfSuture":7,"BehaviorAdjustment":21,"LetterFromLob":1,"Black Star":10,"REME_CardOfGreed":27,"Theresia":15,"ShedSkin_r":3,"TungstenRod":13,"REME_ComplimentaryCards":0},{"Darkstone Periapt":79,"Lantern":74,"Tiny House":49,"Gremlin Horn":74,"Decadriver":0,"Ancient Tea Set":14,"Boot":79,"Old Coin":68,"Blood Vial":32,"Yang_Lob":75,"CogitoBucket":0,"Centennial Puzzle":68,"Strawberry":14,"Pantograph":30,"Gambling Chip":64,"WantedRequest":18,"Potion Belt":74,"BackwardClock":22,"Pear":32,"Pen Nib":74,"TOEIDeficitBill":0,"Gaze_r":5,"OrangePellets":74,"Molten Egg 2":74,"REME_HandOfSuture":18,"BehaviorAdjustment":55,"LetterFromLob":2,"Black Star":28,"REME_CardOfGreed":74,"Theresia":39,"ShedSkin_r":5,"TungstenRod":32,"REME_ComplimentaryCards":0}],"TungstenRod":81},"card_choices":[{"not_picked":["PunishingBird","MHz","RedShoes"],"picked":"Singing Bowl","floor":1.0},{"not_picked":["UniverseFragment","Murderer"],"picked":"Scorched","floor":1.0},{"not_picked":["PunishingBird","BeautyBeast"],"picked":"BigBadWolf","floor":2.0},{"not_picked":["SpiderBud","Wellcheers"],"picked":"Mercenary","floor":4.0},{"not_picked":["NMDAZYYGL","FormRideAxel"],"picked":"DecadeViolentEmotion","floor":16.0},{"not_picked":["ShyLook","FairyFestival"],"picked":"MeltingLove","floor":18.0},{"not_picked":["WallGazer","NakedNest"],"picked":"DespairKnight","floor":19.0},{"not_picked":["DenO_Gun+1","FormRideFlame"],"picked":"RideBooker_Skill_2+1","floor":23.0},{"not_picked":["Blade_Slash","KamenRideKabuto+1","UnarmedAttack3"],"picked":"SKIP","floor":29.0},{"not_picked":["Freischutz","BlackSwan"],"picked":"DreamingCurrent","floor":31.0},{"not_picked":["DenO_Rod","AutoVajin"],"picked":"Decade_Defend2+1","floor":35.0},{"not_picked":["Decade_Dash1","KamenRideKiva"],"picked":"RideBooker_Skill_2+1","floor":36.0},{"not_picked":["HeroicMonk","FieryBird"],"picked":"BlackSwan","floor":37.0},{"not_picked":["CENSORED","Rudolta"],"picked":"BodiesMountain","floor":39.0},{"not_picked":["Funeral","PlagueDoctor"],"picked":"Yin","floor":42.0},{"not_picked":["LongBird","SilentOrchestra"],"picked":"HeroicMonk","floor":47.0}],"player_experience":14865,"relics_obtained":[{"floor":1.0,"key":"LetterFromLob"},{"floor":6.0,"key":"Strawberry"},{"floor":9.0,"key":"Ancient Tea Set"},{"floor":12.0,"key":"REME_HandOfSuture"},{"floor":23.0,"key":"TungstenRod"},{"floor":23.0,"key":"Pear"},{"floor":26.0,"key":"Blood Vial"},{"floor":39.0,"key":"Gambling Chip"},{"floor":40.0,"key":"Old Coin"},{"floor":40.0,"key":"Centennial Puzzle"},{"floor":42.0,"key":"Gremlin Horn"},{"floor":42.0,"key":"Pen Nib"},{"floor":43.0,"key":"Molten Egg 2"},{"floor":47.0,"key":"Boot"},{"floor":47.0,"key":"Darkstone Periapt"}],"event_choices":[{"damage_healed":0.0,"max_hp_gain":5.0,"max_hp_loss":0.0,"gold_gain":0.0,"event_name":"Big Fish","player_choice":"Donut","floor":8.0,"gold_loss":0.0,"damage_taken":0.0},{"damage_healed":0.0,"max_hp_gain":0.0,"max_hp_loss":0.0,"gold_gain":0.0,"event_name":"Upgrade Shrine","player_choice":"Upgraded","floor":11.0,"gold_loss":0.0,"damage_taken":0.0,"cards_upgraded":["Decade_SpecialSkill"]},{"damage_healed":0.0,"max_hp_gain":0.0,"max_hp_loss":0.0,"gold_gain":0.0,"event_name":"The Mausoleum","player_choice":"Opened","floor":20.0,"gold_loss":0.0,"damage_taken":0.0,"relics_obtained":["Pantograph"]},{"damage_healed":0.0,"max_hp_gain":5.0,"max_hp_loss":0.0,"gold_gain":0.0,"event_name":"Forgotten Altar","player_choice":"Shed Blood","floor":21.0,"gold_loss":0.0,"damage_taken":19.0},{"cards_removed":["Decade_Defend"],"damage_healed":0.0,"max_hp_gain":0.0,"max_hp_loss":0.0,"gold_gain":0.0,"event_name":"Bonfire Elementals","player_choice":"Offered Basic","floor":22.0,"gold_loss":0.0,"damage_taken":0.0},{"damage_healed":0.0,"max_hp_gain":0.0,"max_hp_loss":4.0,"gold_gain":0.0,"event_name":"Winding Halls","player_choice":"Max HP","floor":38.0,"gold_loss":0.0,"damage_taken":0.0},{"damage_healed":0.0,"max_hp_gain":0.0,"max_hp_loss":0.0,"gold_gain":0.0,"event_name":"Mysterious Sphere","player_choice":"Fight","floor":39.0,"gold_loss":0.0,"damage_taken":0.0},{"damage_healed":0.0,"max_hp_gain":0.0,"max_hp_loss":0.0,"gold_gain":0.0,"cards_transformed":["BodiesMountain"],"event_name":"Transmorgrifier","player_choice":"Transformed","floor":44.0,"gold_loss":0.0,"damage_taken":0.0,"cards_obtained":["KamenRideBlade"]}],"is_beta":false,"boss_relics":[{"not_picked":["Calling Bell","Busted Crown"],"picked":"Black Star"},{"not_picked":["Sozu","Runic Dome"],"picked":"Tiny House"}],"items_purged_floors":[5,14,25,45],"is_endless":false,"potions_floor_spawned":[2,4,6,16,18,19,28,31,37,39,41,46],"killed_by":"FixerMidnight","ascension_level":0}}