{"host":"kev6uqotw4tlyx8l","time":1609246154,"event":{"mods":["Act Like it!","Aspiration","BaseMod","Colored Powertips","Dota2Spire","Downfall","Hallownest","Infinite Spire","Marisa????????","Minty Spire (QoL Compilation)","Quick Restart","Remilia??????","Replay The Spire","StSLib","The Cursed","The Marked","The Mystic","The Servant 0.9.4"],"gold_per_floor":[113,113,113,133,193,193,193,193,193,27,43,43,43,56,56,154,154,165,265,57,57,68,68,68,68],"floor_reached":24,"playtime":505,"items_purged":["ReplayTheSpireMod:Splinters"],"score":191,"play_id":"058578cb-20b1-486e-b8e9-992435997fa5","local_time":"20201229194914","is_ascension_mode":true,"campfire_choices":[{"data":"Zap","floor":6,"key":"SMITH"},{"data":"Seek","floor":8,"key":"SMITH"},{"data":"Rebound","floor":13,"key":"SMITH"},{"floor":15,"key":"REST"},{"data":"Darkness","floor":23,"key":"SMITH"}],"circlet_count":0,"master_deck":["Strike_B","Strike_B","Strike_B+1","Strike_B+1","Defend_B","Defend_B","Defend_B","Defend_B","Zap+1","Dualcast","Seek+1","Go for the Eyes","Leap","Rebound","Darkness+1","Stack","Rebound+1","Darkness+1","Stack","Ball Lightning"],"relics":["Cracked Core","Hallownest:DreamNailRelic","infinitespire:SolderingIron","Gremlin Horn","ReplayFunnel","Dota2Spire:RefresherOrb","PrismaticShard","Dota2Spire:EchoSabre"],"acts_visited":["Hallownest:Greenpath","TheCity"],"potions_floor_usage":[1,14,16],"damage_taken":[{"damage":6,"enemies":"Hallownest:2_Baldur","floor":1,"turns":3},{"damage":2,"enemies":"Hallownest:monsterHuskGuard","floor":4,"turns":3},{"damage":0,"enemies":"2_ Uuma","floor":11,"turns":3},{"damage":0,"enemies":"Hallownest:monsterFoolEater","floor":14,"turns":2},{"damage":39,"enemies":"Hallownest:BossHornet","floor":16,"turns":9},{"damage":21,"enemies":"2 Thieves","floor":18,"turns":4},{"damage":25,"enemies":"Shell Parasite","floor":22,"turns":6},{"damage":0,"enemies":"Cultist and Chosen","floor":24,"turns":1}],"seed_played":"-7259672221428223889","potions_obtained":[{"floor":1,"key":"Fruit Juice"},{"floor":5,"key":"Explosive Potion"},{"floor":14,"key":"Fire Potion"}],"is_trial":false,"path_per_floor":["M","?","?","M","?","R","T","R","T","$","M","?","R","M","R","B",null,"M","?","$","AVR","M","R","M"],"character_chosen":"DEFECT","items_purchased":["Darkness","Stack","PrismaticShard","Ball Lightning"],"campfire_rested":1,"item_purchase_floors":[10,10,20,20],"current_hp_per_floor":[53,53,53,51,51,51,51,51,51,51,51,51,51,51,75,36,80,59,59,59,59,34,34,34,34],"gold":68,"neow_bonus":"THREE_RARE_CARDS","is_daily":false,"chose_seed":false,"campfire_upgraded":4,"win_rate":0.0,"timestamp":1609246154,"path_taken":["M","?","?","?","?","R","?","R","T","$","?","?","R","M","R","BOSS","M","?","?","AVR","M","R","M"],"items_purchased_type":["Card","Card","Relic","Card"],"build_version":"2020-12-22","purchased_purges":1,"victory":false,"max_hp_per_floor":[80,80,80,80,80,80,80,80,80,80,80,80,80,80,80,80,80,80,80,80,80,80,80,80,80],"card_choices":[{"not_picked":["Echo Form","Creative AI"],"picked":"Seek","floor":0},{"not_picked":["Steam","ReplayTheSpireMod:Repulse"],"picked":"Go for the Eyes","floor":1},{"not_picked":["Panic Button","Fusion"],"picked":"Leap","floor":4},{"not_picked":["Streamline","Coolheaded"],"picked":"Rebound","floor":5},{"not_picked":["Coolheaded","Gash"],"picked":"Rebound","floor":11},{"not_picked":["Reinforced Body","Skim"],"picked":"Darkness","floor":14},{"not_picked":["Rebound","Streamline+1"],"picked":"Stack","floor":18},{"not_picked":["hexamod:BacktrackSmack+1","Sneak Up","theMarked:TwofoldDefense"],"picked":"SKIP","floor":22}],"player_experience":46323,"relics_obtained":[{"floor":5,"key":"infinitespire:SolderingIron"},{"floor":7,"key":"Gremlin Horn"},{"floor":9,"key":"ReplayFunnel"}],"event_choices":[{"damage_healed":0,"gold_gain":100,"player_choice":"Pray","damage_taken":0,"max_hp_gain":0,"max_hp_loss":0,"event_name":"Golden Shrine","floor":19,"gold_loss":0}],"is_beta":false,"boss_relics":[{"not_picked":["aspiration:FutureDiary","infinitespire:Cupcake"],"picked":"Dota2Spire:RefresherOrb"}],"items_purged_floors":[10],"is_endless":false,"potions_floor_spawned":[1,14],"killed_by":"Cultist and Chosen","ascension_level":1}}