{"host":"hg4d4z00zcdsq8kr","time":1609256370,"event":{"mods":["BaseMod","Downfall","Hubris","Infinite Spire","Minty Spire (QoL Compilation)","Replay The Spire","StSLib","The Cursed"],"gold_per_floor":[119,137,151,161,4,35,35,67,67,67,67,88,136,152,152,252,252,277,31,52,151,167,167,198,113,163,163,163,203,203,203,203,312,312,329,329,344,363,363,363,363,384,384,384,52,82,151,174,174,174],"floor_reached":51,"playtime":2955,"items_purged":["TheCursedMod:Defend_TheCursed","TheCursedMod:Defend_TheCursed","TheCursedMod:Defend_TheCursed","TheCursedMod:ManaCirculation"],"score":748,"play_id":"b663291a-2d11-4c96-86d9-9285058e9d21","local_time":"20201229183930","is_ascension_mode":false,"campfire_choices":[{"floor":7,"key":"REST"},{"floor":11,"key":"REST"},{"data":"TheCursedMod:HellfireBreathing","floor":15,"key":"SMITH"},{"data":"TheCursedMod:HellfireBreathing","floor":23,"key":"SMITH"},{"floor":28,"key":"REST"},{"data":"TheCursedMod:CollectTribute","floor":32,"key":"SMITH"},{"data":"TheCursedMod:VoidForm","floor":40,"key":"SMITH"},{"data":"TheCursedMod:TroublousMinions","floor":44,"key":"SMITH"},{"floor":49,"key":"REST"}],"circlet_count":0,"master_deck":["TheCursedMod:Strike_TheCursed","TheCursedMod:Strike_TheCursed","TheCursedMod:Strike_TheCursed","TheCursedMod:Strike_TheCursed","TheCursedMod:Defend_TheCursed","TheCursedMod:CursedWand","TheCursedMod:CleanUpWorkshop","TheCursedMod:Dregs","TheCursedMod:CircleOfAbyss","TheCursedMod:SpitefulStrike","TheCursedMod:TroublousMinions+1","TheCursedMod:HellfireBreathing+1","TheCursedMod:CursedBlade","TheCursedMod:CursedAmulet","hubris:Greed","ReplayTheSpireMod:Splinters","TheCursedMod:Obscuration+1","TheCursedMod:HellfireBreathing+1","TheCursedMod:CursedMace+1","TheCursedMod:Hemoplague","TheCursedMod:Obscuration+1","TheCursedMod:SpitefulPlan","hubris:DuctTapeCard","TheCursedMod:Hemoplague+1"],"relics":["TheCursedMod:BlackMagic101","infinitespire:Beetle Shell","ReplayTheSpireMod:Shallot","White Beast Statue","TheCursedMod:MagicCandle","SlaversCollar","Pantograph","Nunchaku","infinitespire:Lucky Rock","Bronze Scales","hubris:Backtick","Burning Blood","infinitespire:WardingShard","StoneCalendar","hubris:ScarierMask","hubris:DeckOfHolding","Gremlin Food","hubris:DuctTape","Snack Pack"],"acts_visited":["Exordium","TheCity","TheBeyond"],"potions_floor_usage":[4,4,6,6,14,16,16,18,20,22,24,24,33,33,46,46,48,48],"damage_taken":[{"damage":6,"enemies":"infinitespire:Voidling","floor":1,"turns":5},{"damage":0,"enemies":"Jaw Worm","floor":2,"turns":3},{"damage":0,"enemies":"Small Slimes","floor":3,"turns":3},{"damage":0,"enemies":"2 Fungi Beasts","floor":4,"turns":3},{"damage":21,"enemies":"3 Sentries","floor":6,"turns":10},{"damage":21,"enemies":"Lagavulin","floor":8,"turns":6},{"damage":5,"enemies":"Large Slime","floor":12,"turns":6},{"damage":0,"enemies":"Exordium Wildlife","floor":14,"turns":2},{"damage":27,"enemies":"The Guardian","floor":16,"turns":11},{"damage":0,"enemies":"2 Thieves","floor":18,"turns":5},{"damage":10,"enemies":"3 Byrds","floor":20,"turns":5},{"damage":11,"enemies":"3 Cultists","floor":22,"turns":6},{"damage":12,"enemies":"Nightmare","floor":24,"turns":6},{"damage":0,"enemies":"Gremlin Leader","floor":29,"turns":1},{"damage":55,"enemies":"Champ","floor":33,"turns":13},{"damage":10,"enemies":"3 Darklings","floor":35,"turns":4},{"damage":0,"enemies":"3 Shapes","floor":37,"turns":5},{"damage":0,"enemies":"Sphere and 2 Shapes","floor":38,"turns":5},{"damage":2,"enemies":"Jaw Worm Horde","floor":42,"turns":4},{"damage":12,"enemies":"Giant Head","floor":46,"turns":6},{"damage":39,"enemies":"Writhing Mass","floor":48,"turns":5},{"damage":54,"enemies":"Time Eater","floor":50,"turns":6}],"seed_played":"-343130332907313706","potions_obtained":[{"floor":1,"key":"Adrenaline Potion"},{"floor":2,"key":"EntropicBrew"},{"floor":8,"key":"FearPotion"},{"floor":12,"key":"Fruit Juice"},{"floor":14,"key":"DuplicationPotion"},{"floor":16,"key":"Block Potion"},{"floor":18,"key":"PowerPotion"},{"floor":20,"key":"BlessingOfTheForge"},{"floor":22,"key":"LiquidBronze"},{"floor":24,"key":"Dexterity Potion"},{"floor":29,"key":"SkillPotion"},{"floor":33,"key":"Death Potion"},{"floor":35,"key":"champ:CounterPotion"},{"floor":37,"key":"champ:CounterPotion"},{"floor":38,"key":"PowerPotion"},{"floor":46,"key":"FearPotion"},{"floor":48,"key":"Energy Potion"}],"is_trial":false,"path_per_floor":["M","M","M","M","$","E","R","E","T","$","R","M","?","M","R","B",null,"M","$","M","?","M","R","NM","?","T","AVR","R","E","?","?","R","B",null,"M","?","M","M","T","R","$","M","T","R","$","E","T","M","R","B",null],"character_chosen":"THE_CURSED","items_purchased":["TheCursedMod:HellfireBreathing","Pantograph","Gremlin Food","TheCursedMod:SpitefulPlan"],"campfire_rested":4,"item_purchase_floors":[5,19,45,45],"current_hp_per_floor":[69,69,69,69,69,48,70,49,49,49,71,66,66,71,71,44,80,80,80,70,70,59,59,47,47,47,47,71,77,77,77,77,31,80,76,76,80,80,80,80,75,79,79,79,79,73,73,40,64,36],"gold":174,"neow_bonus":"ONE_RANDOM_RARE_CARD","is_daily":false,"chose_seed":false,"campfire_upgraded":5,"win_rate":0.0,"timestamp":1609256370,"path_taken":["M","M","?","M","$","E","R","E","T","$","R","M","?","M","R","BOSS","M","$","M","?","M","R","NM","?","T","AVR","R","E","?","?","R","BOSS","M","?","M","M","?","R","?","M","T","R","$","E","?","M","R","BOSS"],"items_purchased_type":["Card","Relic","Relic","Card"],"build_version":"2020-12-22","purchased_purges":4,"victory":true,"max_hp_per_floor":[75,75,75,75,75,75,75,75,75,75,75,75,75,80,80,80,80,80,80,80,80,80,80,80,80,80,80,80,80,80,80,80,80,80,80,80,80,80,80,80,80,80,80,80,80,80,80,80,80,80],"card_choices":[{"not_picked":["TheCursedMod:Wield","TheCursedMod:FleshFromBone"],"picked":"TheCursedMod:SpitefulStrike","floor":1},{"not_picked":["TheCursedMod:SpitefulStrike","TheCursedMod:CircleOfFocus","TheCursedMod:Stretching"],"picked":"SKIP","floor":2},{"not_picked":["TheCursedMod:WearCloak","TheCursedMod:Torture","TheCursedMod:SpitefulStrike"],"picked":"SKIP","floor":3},{"not_picked":["TheCursedMod:CursedShiv","TheCursedMod:CircleOfFlame"],"picked":"TheCursedMod:TroublousMinions","floor":4},{"not_picked":["TheCursedMod:SurpriseAttack","TheCursedMod:CircleOfBlood"],"picked":"TheCursedMod:CursedBlade","floor":6},{"not_picked":["TheCursedMod:ForbiddenAlchemy","TheCursedMod:RapidMovement"],"picked":"TheCursedMod:CursedAmulet","floor":8},{"not_picked":["TheCursedMod:Grudge","TheCursedMod:PrepareRite","TheCursedMod:VitalStrike"],"picked":"SKIP","floor":12},{"not_picked":["TheCursedMod:CursedBlade","TheCursedMod:BloodBarrier"],"picked":"TheCursedMod:Obscuration","floor":13},{"not_picked":["TheCursedMod:CursedAmulet","TheCursedMod:StingEye","TheCursedMod:AntiAging"],"picked":"SKIP","floor":14},{"not_picked":["TheCursedMod:StunningStrike","TheCursedMod:CursedRelics"],"picked":"TheCursedMod:CollectTribute","floor":16},{"not_picked":["TheCursedMod:Stigma","TheCursedMod:CursedShiv+1"],"picked":"TheCursedMod:HellfireBreathing","floor":18},{"not_picked":["TheCursedMod:Wield","TheCursedMod:ReleasedKnowledge"],"picked":"TheCursedMod:CursedMace+1","floor":20},{"not_picked":["TheCursedMod:VitalStrike","TheCursedMod:SurpriseAttack","TheCursedMod:RavingStaff"],"picked":"SKIP","floor":22},{"not_picked":["TheCursedMod:Obscuration+1","TheCursedMod:BloodBarrier","TheCursedMod:CircleOfFocus"],"picked":"SKIP","floor":24},{"not_picked":["TheCursedMod:SurpriseAttack","TheCursedMod:DoubleShield"],"picked":"TheCursedMod:Hemoplague","floor":29},{"not_picked":["TheCursedMod:CollectTribute","TheCursedMod:DemonicPact"],"picked":"TheCursedMod:ManaCirculation","floor":33},{"not_picked":["TheCursedMod:SmokeScreen","TheCursedMod:CursedAmulet+1"],"picked":"TheCursedMod:Obscuration+1","floor":35},{"not_picked":["TheCursedMod:Torture","TheCursedMod:SurpriseAttack"],"picked":"TheCursedMod:VoidForm","floor":37},{"not_picked":["TheCursedMod:CursedShiv+1","TheCursedMod:Obscuration+1","TheCursedMod:CircleOfCorruption"],"picked":"SKIP","floor":38},{"not_picked":["TheCursedMod:Grudge+1","TheCursedMod:Wield","TheCursedMod:CursedMace"],"picked":"SKIP","floor":42},{"not_picked":["TheCursedMod:TacticalStrike+1","TheCursedMod:CursedArmor"],"picked":"TheCursedMod:Hemoplague+1","floor":46},{"not_picked":["TheCursedMod:CircleOfAbyss","TheCursedMod:SpreadPlague","TheCursedMod:WearCloak+1"],"picked":"SKIP","floor":48}],"player_experience":658889,"relics_obtained":[{"floor":6,"key":"infinitespire:Beetle Shell"},{"floor":8,"key":"ReplayTheSpireMod:Shallot"},{"floor":9,"key":"White Beast Statue"},{"floor":13,"key":"TheCursedMod:MagicCandle"},{"floor":24,"key":"Nunchaku"},{"floor":26,"key":"Bronze Scales"},{"floor":29,"key":"StoneCalendar"},{"floor":43,"key":"hubris:DeckOfHolding"},{"floor":46,"key":"hubris:DuctTape"},{"floor":47,"key":"Snack Pack"}],"event_choices":[{"damage_healed":0,"gold_gain":99,"player_choice":"Stole From Cult","damage_taken":0,"max_hp_gain":0,"max_hp_loss":0,"event_name":"Nest","floor":21,"gold_loss":0},{"damage_healed":0,"gold_gain":0,"player_choice":"Obtained Relic","damage_taken":0,"relics_obtained":["infinitespire:Lucky Rock"],"max_hp_gain":0,"max_hp_loss":0,"event_name":"Addict","floor":25,"gold_loss":85},{"damage_healed":0,"gold_gain":0,"player_choice":"Ignored","damage_taken":0,"max_hp_gain":0,"max_hp_loss":0,"event_name":"Vampires","floor":30,"gold_loss":0},{"damage_healed":0,"gold_gain":0,"player_choice":"Ignored","damage_taken":0,"max_hp_gain":0,"max_hp_loss":0,"event_name":"Ghosts","floor":31,"gold_loss":0},{"damage_healed":0,"gold_gain":0,"player_choice":"Ignored","damage_taken":0,"max_hp_gain":0,"max_hp_loss":0,"event_name":"Tomb of Lord Red Mask","floor":36,"gold_loss":0}],"is_beta":false,"boss_relics":[{"not_picked":["Honey Jar","ReplayTheSpireMod:SealedPack"],"picked":"SlaversCollar"},{"not_picked":["hubris:HollowSoul","Replay:Bronze Core"],"picked":"hubris:ScarierMask"}],"items_purged_floors":[5,27,41,45],"is_endless":false,"potions_floor_spawned":[1,2,8,12,14,16,18,20,22,24,29,33,35,37,38,42,46,48],"ascension_level":0}}