{"host":"56ghxnzsglgdq727","time":1609219070,"event":{"mods":["AchievementEnabler","BaseMod","Minty Spire (QoL Compilation)"],"gold_per_floor":[116,116,41,41,61,61,84,102,129,145,145,15,31,44,44,44,44],"floor_reached":16,"playtime":376,"items_purged":["Regret"],"score":92,"play_id":"af45ad27-9c4b-4c8b-933b-9c088623c91d","local_time":"20201229001750","is_ascension_mode":false,"campfire_choices":[{"data":"Strike_G","floor":6,"key":"SMITH"},{"data":"Reflex","floor":11,"key":"SMITH"},{"data":"Underhanded Strike","floor":15,"key":"SMITH"}],"circlet_count":0,"master_deck":["Strike_G","Strike_G","Strike_G","Strike_G","Strike_G+1","Defend_G","Defend_G","Defend_G","Defend_G","Defend_G","Survivor","Neutralize+1","Reflex+1","Underhanded Strike+1","Tactician","Crippling Poison"],"relics":["Ring of the Snake","Ancient Tea Set","Potion Belt","Boot","Anchor"],"acts_visited":["Exordium"],"potions_floor_usage":[8,16,16],"damage_taken":[{"damage":3,"enemies":"Small Slimes","floor":1,"turns":3},{"damage":0,"enemies":"Cultist","floor":5,"turns":4},{"damage":0,"enemies":"Jaw Worm","floor":8,"turns":1},{"damage":0,"enemies":"Looter","floor":10,"turns":3},{"damage":0,"enemies":"Exordium Thugs","floor":13,"turns":5},{"damage":0,"enemies":"Lots of Slimes","floor":14,"turns":4},{"damage":53,"enemies":"Slime Boss","floor":16,"turns":8}],"seed_played":"-5960247860022144773","potions_obtained":[{"floor":1,"key":"AttackPotion"},{"floor":10,"key":"ColorlessPotion"},{"floor":14,"key":"Strength Potion"}],"is_trial":false,"path_per_floor":["M","?","$","?","M","R","T","M","T","M","R","$","M","M","R","B"],"character_chosen":"THE_SILENT","items_purchased":["Underhanded Strike","Tactician"],"campfire_rested":0,"item_purchase_floors":[12,12],"current_hp_per_floor":[67,67,67,67,67,67,67,67,67,67,67,67,67,67,67,14,14],"gold":44,"neow_bonus":"RANDOM_COMMON_RELIC","is_daily":false,"chose_seed":false,"campfire_upgraded":3,"win_rate":0.0,"timestamp":1609219070,"path_taken":["M","?","$","?","?","R","?","M","T","?","R","$","M","M","R","BOSS"],"items_purchased_type":["Card","Card"],"build_version":"2020-12-22","purchased_purges":1,"victory":false,"max_hp_per_floor":[70,70,70,70,70,70,70,70,70,70,70,70,70,70,70,70,70],"card_choices":[{"not_picked":["Predator","Leg Sweep","Sucker Punch"],"picked":"SKIP","floor":1},{"not_picked":["Poisoned Stab","Outmaneuver","Leg Sweep"],"picked":"SKIP","floor":5},{"not_picked":["Tactician","Poisoned Stab"],"picked":"Reflex","floor":8},{"not_picked":["Riddle With Holes","Skewer","Slice"],"picked":"SKIP","floor":10},{"not_picked":["Poisoned Stab","Setup","Backstab"],"picked":"SKIP","floor":13},{"not_picked":["Poisoned Stab","Slice"],"picked":"Crippling Poison","floor":14}],"player_experience":44088,"relics_obtained":[{"floor":7,"key":"Boot"},{"floor":9,"key":"Anchor"}],"event_choices":[{"damage_healed":0,"gold_gain":0,"player_choice":"Box","damage_taken":0,"relics_obtained":["Potion Belt"],"max_hp_gain":0,"max_hp_loss":0,"event_name":"Big Fish","floor":2,"gold_loss":0,"cards_obtained":["Regret"]},{"damage_healed":0,"gold_gain":0,"player_choice":"Upgraded","damage_taken":0,"max_hp_gain":0,"max_hp_loss":0,"event_name":"Upgrade Shrine","floor":4,"gold_loss":0,"cards_upgraded":["Neutralize"]}],"is_beta":false,"boss_relics":[],"items_purged_floors":[3],"is_endless":false,"potions_floor_spawned":[1,10,14],"killed_by":"Slime Boss","ascension_level":0}}