{"host":"bbjnqymry46jz0fa","time":1609257727,"event":{"mods":["BaseMod","DeckTracker","Minty Spire (QoL Compilation)","Quick Restart","StSLib","SuperFastMode"],"gold_per_floor":[17,17,17,17,31,31,49,68,68,68,83,8,39,57,57,57,57],"floor_reached":16,"playtime":333,"items_purged":["Defend_G"],"score":304,"play_id":"80b91d7e-e3fd-41ec-befc-1ff77cc2cf98","local_time":"20201230010207","is_ascension_mode":true,"campfire_choices":[{"data":"All Out Attack","floor":6,"key":"SMITH"},{"data":"Tactician","floor":15,"key":"SMITH"}],"circlet_count":0,"master_deck":["AscendersBane","Strike_G","Strike_G","Strike_G","Defend_G","Defend_G","Survivor","Neutralize","Outmaneuver","Blur","All Out Attack+1","Escape Plan","Tactician+1","Blade Dance","Cloak And Dagger"],"relics":["Ring of the Snake","Toy Ornithopter","Eternal Feather"],"acts_visited":["Exordium"],"potions_floor_usage":[13,13],"damage_taken":[{"damage":8.0,"enemies":"Cultist","floor":1.0,"turns":5.0},{"damage":0,"enemies":"2 Louse","floor":5,"turns":2},{"damage":7,"enemies":"Small Slimes","floor":7,"turns":4},{"damage":3,"enemies":"Blue Slaver","floor":8,"turns":5},{"damage":1,"enemies":"Red Slaver","floor":11,"turns":3},{"damage":34,"enemies":"Lagavulin","floor":13,"turns":6},{"damage":6,"enemies":"Looter","floor":14,"turns":3},{"damage":39,"enemies":"The Guardian","floor":16,"turns":6}],"seed_played":"-2689569148013088771","potions_obtained":[{"floor":5,"key":"Fire Potion"},{"floor":7,"key":"Strength Potion"}],"is_trial":false,"path_per_floor":["M","?","?","$","M","R","M","M","T","?","M","$","E","M","R","B"],"character_chosen":"THE_SILENT","items_purchased":[],"campfire_rested":0,"item_purchase_floors":[],"current_hp_per_floor":[51,51,44,44,44,44,37,34,34,56,55,55,31,25,34,0,0],"gold":57,"neow_bonus":"TRANSFORM_TWO_CARDS","is_daily":false,"chose_seed":false,"campfire_upgraded":2,"win_rate":0.0,"timestamp":1609257727,"path_taken":["M","?","?","$","M","R","M","M","T","?","M","?","E","M","R","BOSS"],"items_purchased_type":[],"build_version":"2020-12-22","purchased_purges":1,"victory":false,"max_hp_per_floor":[66,66,66,66,66,66,66,66,66,66,66,66,66,66,66,66,66],"card_choices":[{"not_picked":["Acrobatics","Infinite Blades"],"picked":"All Out Attack","floor":1},{"not_picked":["Leg Sweep","Slice"],"picked":"Escape Plan","floor":5},{"not_picked":["Footwork","All Out Attack"],"picked":"Tactician","floor":7},{"not_picked":["Leg Sweep","Deflect","Catalyst"],"picked":"SKIP","floor":8},{"not_picked":["Bane","Cloak And Dagger","Leg Sweep"],"picked":"SKIP","floor":11},{"not_picked":["Backflip","Catalyst"],"picked":"Blade Dance","floor":13},{"not_picked":["Predator","Underhanded Strike"],"picked":"Cloak And Dagger","floor":14}],"player_experience":720814,"relics_obtained":[{"floor":9,"key":"Toy Ornithopter"},{"floor":13,"key":"Eternal Feather"}],"event_choices":[{"cards_removed":["Strike_G"],"damage_healed":0,"gold_gain":0,"player_choice":"Forget","damage_taken":0,"max_hp_gain":0,"max_hp_loss":0,"event_name":"Living Wall","floor":2,"gold_loss":0},{"cards_removed":["Defend_G"],"damage_healed":0,"gold_gain":0,"player_choice":"Card Removal","damage_taken":7,"max_hp_gain":0,"max_hp_loss":0,"event_name":"Golden Wing","floor":3,"gold_loss":0},{"damage_healed":22,"gold_gain":0,"player_choice":"Banana","damage_taken":0,"max_hp_gain":0,"max_hp_loss":0,"event_name":"Big Fish","floor":10,"gold_loss":0}],"is_beta":false,"boss_relics":[],"items_purged_floors":[12],"is_endless":false,"potions_floor_spawned":[5,7,11],"killed_by":"The Guardian","ascension_level":20}}