{"host":"y76clbnovzmw9ubx","time":1609269843,"event":{"mods":["AchievementEnabler","BaseMod","Minty Spire (QoL Compilation)","Permanent Neow","Relic Stats"],"gold_per_floor":[360,374,9,19,38,38,38],"floor_reached":6,"playtime":814,"items_purged":[],"score":76,"play_id":"d1aac24e-5880-43af-aca2-c5cc41c60c7a","local_time":"20201229142403","is_ascension_mode":true,"campfire_choices":[],"circlet_count":0,"master_deck":["AscendersBane","Strike_G","Strike_G","Strike_G","Strike_G","Strike_G","Defend_G","Defend_G","Defend_G","Defend_G","Defend_G","Survivor","Neutralize","Dagger Spray","Dash","Bouncing Flask","PiercingWail"],"relics":["Ring of the Snake","Bag of Preparation"],"acts_visited":["Exordium"],"potions_floor_usage":[6,6],"damage_taken":[{"damage":10,"enemies":"Cultist","floor":1,"turns":5},{"damage":8,"enemies":"Small Slimes","floor":2,"turns":5},{"damage":6,"enemies":"Jaw Worm","floor":4,"turns":4},{"damage":0,"enemies":"Large Slime","floor":5,"turns":7},{"damage":22,"enemies":"3 Sentries","floor":6,"turns":5}],"seed_played":"-8027681137357612587","potions_obtained":[],"is_trial":false,"path_per_floor":["M","M","$","M","M","E"],"character_chosen":"THE_SILENT","items_purchased":["Bag of Preparation","Bouncing Flask","Swift Potion","Swift Potion"],"campfire_rested":0,"item_purchase_floors":[3,3,3,3],"current_hp_per_floor":[34,26,26,20,20,0,0],"gold":38,"neow_bonus":"TWO_FIFTY_GOLD","is_daily":false,"chose_seed":false,"campfire_upgraded":0,"win_rate":0.0,"timestamp":1609269843,"path_taken":["M","M","$","M","?","E"],"items_purchased_type":["Relic","Card","Potion","Potion"],"build_version":"2020-12-22","purchased_purges":0,"victory":false,"max_hp_per_floor":[66,66,66,66,66,66,66],"relic_stats":{"counters":[5,26],"Bag of Preparation":[6],"obtain_stats":[{"Bag of Preparation":3,"Ring of the Snake":0},{"Bag of Preparation":2,"Ring of the Snake":0},{"Bag of Preparation":10,"Ring of the Snake":0}],"Ring of the Snake":[10]},"card_choices":[{"not_picked":["Dagger Throw","Infinite Blades"],"picked":"Dagger Spray","floor":1},{"not_picked":["Flying Knee","Eviscerate"],"picked":"Dash","floor":2},{"not_picked":["Flying Knee","Deflect"],"picked":"PiercingWail","floor":4},{"not_picked":["Outmaneuver","Distraction","Cloak And Dagger"],"picked":"SKIP","floor":5}],"player_experience":3015379,"relics_obtained":[],"event_choices":[],"is_beta":false,"boss_relics":[],"items_purged_floors":[],"is_endless":false,"potions_floor_spawned":[4],"killed_by":"3 Sentries","ascension_level":20}}