{"host":"8f5cu9y0fpol72qs","time":1609211141,"event":{"mods":["BaseMod","Colored Map","Highlight Path","Minty Spire (QoL Compilation)","StSLib"],"gold_per_floor":[119,135,310,385,25,25,55,55,103,135,170,70,70,87,87,186,186,201,213,226,226,325,351,351,364,364,93,121,132,163,176,176,271,271,283,302,302,302,328,363,415,474,474,499,499,499,524,551,551,551,551,551,24,49,49],"floor_reached":56,"playtime":7920,"items_purged":["Doubt","Strike_P","Defend_P","Strike_P+1"],"score":1954,"play_id":"1329da75-ea8d-4053-bd91-7ad4ab802a79","local_time":"20201228190541","is_ascension_mode":true,"campfire_choices":[{"data":"LikeWater","floor":6.0,"key":"SMITH"},{"data":"Vigilance","floor":8.0,"key":"SMITH"},{"data":"Eruption","floor":15.0,"key":"SMITH"},{"floor":24,"key":"REST"},{"floor":32,"key":"REST"},{"floor":46,"key":"RECALL"},{"floor":49,"key":"DIG"},{"floor":52,"key":"DIG"}],"circlet_count":0,"master_deck":["AscendersBane","Strike_P+1","Defend_P+1","Defend_P+1","Eruption+1","Vigilance+1","LessonLearned+1","CarveReality+1","EmptyFist+1","FlurryOfBlows+1","LikeWater+1","ReachHeaven+1","WheelKick+1","SpiritShield+1","Blasphemy+1","TalkToTheHand+1","DeceiveReality+1","Tantrum+1","TalkToTheHand+1","InnerPeace+1","CutThroughFate+1","Vault+1","LikeWater+1","ClearTheMind+1","CutThroughFate+1","Ragnarok+1"],"relics":["PureWater","Kunai","WingedGreaves","Prayer Wheel","Letter Opener","Busted Crown","Enchiridion","Meat on the Bone","Sundial","Gremlin Horn","CeramicFish","Cursed Key","Molten Egg 2","Shovel","Pocketwatch","Toxic Egg 2","PreservedInsect","Bottled Tornado","Shuriken","CloakClasp"],"acts_visited":["Exordium","TheCity","TheBeyond","TheEnding"],"potions_floor_usage":[20,23,36,44,47,47,55,55],"damage_taken":[{"damage":1.0,"enemies":"Cultist","floor":1.0,"turns":4.0},{"damage":4.0,"enemies":"Jaw Worm","floor":2.0,"turns":4.0},{"damage":1.0,"enemies":"Gremlin Nob","floor":7.0,"turns":3.0},{"damage":0.0,"enemies":"Lagavulin","floor":10.0,"turns":3.0},{"damage":16.0,"enemies":"Gremlin Nob","floor":11.0,"turns":5.0},{"damage":0.0,"enemies":"2 Louse","floor":14.0,"turns":4.0},{"damage":26.0,"enemies":"Hexaghost","floor":16.0,"turns":11.0},{"damage":6,"enemies":"Chosen","floor":18,"turns":5},{"damage":4,"enemies":"Shell Parasite","floor":19,"turns":4},{"damage":4,"enemies":"Shelled Parasite and Fungi","floor":20,"turns":3},{"damage":23,"enemies":"Gremlin Leader","floor":23,"turns":5},{"damage":0,"enemies":"Centurion and Healer","floor":25,"turns":5},{"damage":0,"enemies":"Book of Stabbing","floor":28,"turns":3},{"damage":0,"enemies":"Snake Plant","floor":29,"turns":1},{"damage":9,"enemies":"Gremlin Leader","floor":30,"turns":3},{"damage":2,"enemies":"Snecko","floor":31,"turns":4},{"damage":19,"enemies":"Champ","floor":33,"turns":8},{"damage":0,"enemies":"Orb Walker","floor":35,"turns":2},{"damage":0,"enemies":"3 Darklings","floor":36,"turns":2},{"damage":0,"enemies":"Maw","floor":39,"turns":5},{"damage":0,"enemies":"Reptomancer","floor":40,"turns":2},{"damage":0,"enemies":"2 Orb Walkers","floor":41,"turns":5},{"damage":0,"enemies":"Mind Bloom Boss Battle","floor":42,"turns":9},{"damage":0,"enemies":"Giant Head","floor":44,"turns":10},{"damage":18,"enemies":"Spire Growth","floor":47,"turns":3},{"damage":0,"enemies":"Sphere and 2 Shapes","floor":48,"turns":4},{"damage":40,"enemies":"Time Eater","floor":50,"turns":12},{"damage":0,"enemies":"Shield and Spear","floor":54,"turns":4},{"damage":31,"enemies":"The Heart","floor":55,"turns":8}],"seed_played":"895509981771194679","potions_obtained":[{"floor":7.0,"key":"DistilledChaos"},{"floor":10.0,"key":"Fruit Juice"},{"floor":13.0,"key":"Ambrosia"},{"floor":16.0,"key":"SkillPotion"},{"floor":30,"key":"Explosive Potion"},{"floor":31,"key":"Fire Potion"},{"floor":33,"key":"Energy Potion"},{"floor":35,"key":"StancePotion"},{"floor":41,"key":"EntropicBrew"},{"floor":44,"key":"Fire Potion"}],"is_trial":false,"path_per_floor":["M","M","?","?","$","R","E","R","T","E","E","$","?","M","R","B",null,"M","M","M","?","?","E","R","M","T","$","E","M","E","M","R","B",null,"M","M","?","?","M","E","?","?","T","E","T","R","M","M","R","B",null,"R","$","E","B",null],"character_chosen":"WATCHER","items_purchased":["Kunai","LikeWater","TalkToTheHand","InnerPeace","Shuriken","Ragnarok+1"],"campfire_rested":2,"item_purchase_floors":[5,5,27,27,53,53],"current_hp_per_floor":[64,60,60,49,49,49,48,48,48,53,37,37,37,37,37,11,55,49,45,41,25,25,2,23,35,35,35,47,47,38,36,57,38,62,62,62,62,62,62,62,62,62,62,62,62,62,44,44,44,16,54,54,54,54,35],"gold":49,"neow_bonus":"TRANSFORM_TWO_CARDS","is_daily":false,"chose_seed":false,"campfire_upgraded":3,"win_rate":0.0,"timestamp":1609211141,"path_taken":["M","?","?","?","$","R","E","R","T","E","E","$","?","M","R","BOSS","M","?","M","?","?","E","R","M","T","$","E","?","E","M","R","BOSS","M","M","?","?","M","E","?","?","T","E","?","R","M","M","R","BOSS","R","$","E","BOSS"],"items_purchased_type":["Relic","Card","Card","Card","Relic","Card"],"build_version":"2020-12-22","purchased_purges":4,"victory":true,"max_hp_per_floor":[65,65,65,65,65,65,65,65,65,70,70,70,70,70,70,70,70,70,70,70,70,70,70,70,70,70,70,70,70,70,70,70,70,70,70,70,66,66,66,66,66,66,66,66,66,66,66,66,66,66,66,66,66,66,66],"card_choices":[{"not_picked":["PathToVictory","Sanctity"],"picked":"EmptyFist","floor":1.0},{"not_picked":["PathToVictory","BattleHymn"],"picked":"FlurryOfBlows","floor":2.0},{"not_picked":["ThirdEye","Nirvana"],"picked":"ReachHeaven","floor":7.0},{"not_picked":["WreathOfFlame","SashWhip","Nirvana"],"picked":"SKIP","floor":10.0},{"not_picked":["EmptyBody","EmptyMind","BowlingBash"],"picked":"SKIP","floor":11.0},{"not_picked":["EmptyBody","BowlingBash"],"picked":"WheelKick","floor":14.0},{"not_picked":["PathToVictory","FlyingSleeves"],"picked":"SpiritShield","floor":14.0},{"not_picked":["ConjureBlade","Wish"],"picked":"Blasphemy","floor":16.0},{"not_picked":[],"picked":"TalkToTheHand","floor":18},{"not_picked":["FlyingSleeves"],"picked":"SKIP","floor":18},{"not_picked":["Vengeance"],"picked":"SKIP","floor":19},{"not_picked":["Crescendo"],"picked":"SKIP","floor":19},{"not_picked":["EmptyBody+1"],"picked":"SKIP","floor":20},{"not_picked":["EmptyBody+1"],"picked":"SKIP","floor":20},{"not_picked":[],"picked":"DeceiveReality","floor":23},{"not_picked":[],"picked":"Tantrum+1","floor":25},{"not_picked":["WreathOfFlame"],"picked":"SKIP","floor":25},{"not_picked":[],"picked":"CutThroughFate+1","floor":28},{"not_picked":["BowlingBash"],"picked":"SKIP","floor":29},{"not_picked":["Perseverance"],"picked":"SKIP","floor":29},{"not_picked":["Indignation+1"],"picked":"SKIP","floor":30},{"not_picked":["ThirdEye"],"picked":"SKIP","floor":31},{"not_picked":["FlyingSleeves"],"picked":"SKIP","floor":31},{"not_picked":["SandsOfTime+1"],"picked":"SKIP","floor":35},{"not_picked":["Evaluate+1"],"picked":"SKIP","floor":35},{"not_picked":["Evaluate"],"picked":"SKIP","floor":36},{"not_picked":["BowlingBash"],"picked":"SKIP","floor":36},{"not_picked":[],"picked":"Vault","floor":39},{"not_picked":["Evaluate"],"picked":"SKIP","floor":39},{"not_picked":["Indignation"],"picked":"SKIP","floor":40},{"not_picked":[],"picked":"LikeWater","floor":42},{"not_picked":["EmptyBody+1"],"picked":"SKIP","floor":44},{"not_picked":[],"picked":"ClearTheMind+1","floor":47},{"not_picked":["FlurryOfBlows+1"],"picked":"SKIP","floor":47},{"not_picked":[],"picked":"CutThroughFate+1","floor":48},{"not_picked":["Nirvana"],"picked":"SKIP","floor":48},{"not_picked":["BowlingBash+1"],"picked":"SKIP","floor":54}],"player_experience":738133,"relics_obtained":[{"floor":7.0,"key":"WingedGreaves"},{"floor":10.0,"key":"Prayer Wheel"},{"floor":11.0,"key":"Letter Opener"},{"floor":21,"key":"Enchiridion"},{"floor":23,"key":"Meat on the Bone"},{"floor":26,"key":"Sundial"},{"floor":28,"key":"Gremlin Horn"},{"floor":30,"key":"CeramicFish"},{"floor":40,"key":"Molten Egg 2"},{"floor":41,"key":"Shovel"},{"floor":42,"key":"Pocketwatch"},{"floor":44,"key":"Toxic Egg 2"},{"floor":49,"key":"PreservedInsect"},{"floor":52,"key":"Bottled Tornado"},{"floor":54,"key":"CloakClasp"}],"event_choices":[{"damage_healed":0.0,"max_hp_gain":0.0,"max_hp_loss":0.0,"gold_gain":175.0,"event_name":"Liars Game","player_choice":"AGREE","floor":3.0,"gold_loss":0.0,"damage_taken":0.0,"cards_obtained":["Doubt"]},{"damage_healed":0.0,"max_hp_gain":0.0,"max_hp_loss":0.0,"gold_gain":75.0,"event_name":"World of Goop","player_choice":"Gather Gold","floor":4.0,"gold_loss":0.0,"damage_taken":11.0},{"damage_healed":0.0,"max_hp_gain":0.0,"max_hp_loss":0.0,"gold_gain":0.0,"event_name":"Lab","player_choice":"Got Potions","floor":13.0,"gold_loss":0.0,"damage_taken":0.0},{"damage_healed":0,"gold_gain":0,"player_choice":"Obtained Book","damage_taken":16,"max_hp_gain":0,"max_hp_loss":0,"event_name":"Cursed Tome","floor":21,"gold_loss":0},{"damage_healed":0,"gold_gain":99,"player_choice":"Stole From Cult","damage_taken":0,"max_hp_gain":0,"max_hp_loss":0,"event_name":"Nest","floor":22,"gold_loss":0},{"damage_healed":0,"gold_gain":0,"player_choice":"Max HP","damage_taken":0,"max_hp_gain":0,"max_hp_loss":4,"event_name":"Winding Halls","floor":37,"gold_loss":0},{"damage_healed":0,"gold_gain":0,"player_choice":"Ignored","damage_taken":0,"max_hp_gain":0,"max_hp_loss":0,"event_name":"Tomb of Lord Red Mask","floor":38,"gold_loss":0},{"damage_healed":0,"gold_gain":0,"player_choice":"Fight","damage_taken":0,"max_hp_gain":0,"max_hp_loss":0,"event_name":"Mysterious Sphere","floor":41,"gold_loss":0},{"damage_healed":0,"gold_gain":0,"player_choice":"Fight","damage_taken":0,"max_hp_gain":0,"max_hp_loss":0,"event_name":"MindBloom","floor":42,"gold_loss":0}],"is_beta":false,"boss_relics":[{"not_picked":["Black Star","VioletLotus"],"picked":"Busted Crown"},{"not_picked":["Runic Dome","Tiny House"],"picked":"Cursed Key"}],"items_purged_floors":[5,12,27,53],"is_endless":false,"potions_floor_spawned":[7,10,16,18,19,30,31,33,35,41,42,44,54],"ascension_level":11}}