{"host":"61ejhfsushs0xmcl","time":1609236506,"event":{"mods":["ATMod(阿瑾Mod)","Act Like it!","BaseMod","Colored Map","Gensokyo","Gold Saver","Marisa（F雨　魔理沙）","Minty Spire (QoL Compilation)","MostiFishMod","Pale of the Ancients","Spicy Shops","StSLib","TestMod","Waifu the Spire","Yakumo Yukari mod","[地精首领爬塔]The Maniac","【功能Mod】聪明的最终Boss","残留之物","篝火指南"],"gold_per_floor":[12944,12958,12987,12847,12516,12548,12548,11336,11336,11598,11598,11652,11671,11752,10928,11182,11182,11196,11196,11196,11196,10369,10399,10649,10649,10649,9960,10126,10156,10175,10175,9247,9344,9344,9360,9374,9374,9374,9374,8412,8426,8460,8460,8460,8460,8370,8370,8444,8444,8444,8459,8473,8873,7412,6718,6733,6298,6298,6298,6298],"floor_reached":61,"playtime":2937,"items_purged":["AT_purpleEX","AT_purpleEX","Defend_purpleEX","AT_purpleEX","Defend_purpleEX","AT_purpleEX","Defend_purpleEX+1","Defend_purpleEX+1","RuleDissolution_purple+1","Doubt"],"score":1818,"play_id":"cccec55a-9819-4ef4-bb97-70448b89756a","local_time":"20201229180826","is_ascension_mode":false,"campfire_choices":[{"data":"Boundary_ObjectiveBoundary_purple","floor":7.0,"key":"SMITH"},{"data":"Gensokyo:TurboGranny","floor":25.0,"key":"SMITH"},{"floor":49.0,"key":"RECALL"}],"circlet_count":0,"master_deck":["Observe_purple_2+1","AT_FamilyPortrait+1","Boundary_ObjectiveBoundary_purple+1","Photoelasticity_Doppler_Effect_purple+1","CommonSense_AntiCommonSense_purple+1","Monsters_DoubleDeathButterfly_purple+1","Fantasy_PerpetualMotionMachine_purple+1","RuleDissolution_purple+1","GluttonyofRealm_purpleEX+1","Gensokyo:TurboGranny+1","Gensokyo:MenInBlack+1","LoveAcrossDimensions_purple+1","Human_Monster_Realm_purple+1","AT_PowerWithin+1","Gensokyo:GreaterSplit+1","Gensokyo:CustomPotion","Sadistic Nature+1","ExternalForce_HighSpeedFlying_purple+1"],"relics":["Boundary_crack","Memoryfragments_purpleEX","testmod-TestBox","AT_ATBox","NeowsBlessing","testmod-LifeArmor","RhineSuit","SynthV:TestCard","testmod-Maize","TheEssenceOfRealm","Tiny Chest","PlaceholderMod:FlatBlood","testmod-IWantAll","AT_EbonyIvory","Meat on the Bone","Mummified Hand","Bag of Marbles","Potion Belt","Juzu Bracelet","HornCleat","Toxic Egg 2","Dodecahedron","Antimatter_spacedebris","War Paint","Orrery","testmod-Recursion","SacredBark","AT_RedTearstoneRing","BrkXgEgg","TheAbacus","Technique","testmod-Antiphasic","Centennial Puzzle","testmod-TurbochargingSystem","AT_RedNoBalance","ClockworkSouvenir","Strawberry","Anchor","AT_Kusabimaru","StrikeDummy","ThegodofHakurei_purpleEX","AT_SilvercatRing","Mango","xbg","AT_Manta","Medical Kit","MealTicket","Eternal Feather","testmod-IndustrialRevolution","Akabeko","Oddly Smooth Stone","testmod-Hope","paleoftheancients:Timepiece","paleoftheancients:KeyRelic","Letter Opener","Frozen Eye","PlaceholderMod:DaolothFragment","Pear","Lee\u0027s Waffle","Nunchaku","paleoftheancients:SoulOfTheShrineMaiden","Membership Card","Chemical X","Bronze Scales","ImprovedEquipment"],"acts_visited":["Exordium","Gensokyo:Gensokyo","Gensokyo:Gensokyoer","Gensokyo:Gensokyoest"],"potions_floor_usage":[],"damage_taken":[{"damage":0.0,"enemies":"Gensokyo:2_Kodama","floor":1.0,"turns":1.0},{"damage":0.0,"enemies":"Gensokyo:Gryphon","floor":2.0,"turns":1.0},{"damage":21.0,"enemies":"Gensokyo:Mamizou","floor":3.0,"turns":1.0},{"damage":20.0,"enemies":"Gensokyo:Mamizou","floor":6.0,"turns":8.0},{"damage":0.0,"enemies":"Gensokyo:3_Fairies","floor":10.0,"turns":4.0},{"damage":0.0,"enemies":"Gensokyo:LivingMonolith","floor":13.0,"turns":1.0},{"damage":7.0,"enemies":"Gensokyo:Reimu","floor":16.0,"turns":6.0},{"damage":10.0,"enemies":"Gensokyo:AngelMirror","floor":18.0,"turns":2.0},{"damage":32.0,"enemies":"Gensokyo:Koishi","floor":23.0,"turns":5.0},{"damage":14.0,"enemies":"Gensokyo:CosmicMonolith","floor":24.0,"turns":11.0},{"damage":34.0,"enemies":"Gensokyo:Slime_Group","floor":28.0,"turns":7.0},{"damage":15.0,"enemies":"Gensokyo:Tenshi","floor":29.0,"turns":3.0},{"damage":0.0,"enemies":"Gensokyo:Monolith_and_Dog","floor":30.0,"turns":1.0},{"damage":25.0,"enemies":"Gensokyo:Eternal_Rivals","floor":33.0,"turns":4.0},{"damage":20.0,"enemies":"Gensokyo:3_Boulders","floor":35.0,"turns":2.0},{"damage":4.0,"enemies":"Gensokyo:AncientGuardian","floor":36.0,"turns":2.0},{"damage":2.0,"enemies":"Gensokyo:SeedOfUnknown","floor":41.0,"turns":1.0},{"damage":18.0,"enemies":"Gensokyo:Marisa","floor":42.0,"turns":1.0},{"damage":14.0,"enemies":"Gensokyo:Shinki","floor":50.0,"turns":3.0},{"damage":18.0,"enemies":"Gensokyo:Shinki","floor":51.0,"turns":4.0},{"damage":25.0,"enemies":"Gensokyo:Shinki","floor":52.0,"turns":3.0},{"damage":20.0,"enemies":"Gensokyo:Shinki","floor":56.0,"turns":4.0},{"damage":24,"enemies":"paleoftheancients:N","floor":60,"turns":3}],"seed_played":"-7439203932680040104","potions_obtained":[{"floor":1.0,"key":"AttackPotion"},{"floor":2.0,"key":"SpeedPotion"},{"floor":3.0,"key":"AttackPotion"},{"floor":18.0,"key":"DuplicationPotion"},{"floor":23.0,"key":"CultistPotion"},{"floor":28.0,"key":"Energy Potion"},{"floor":36.0,"key":"testmod-TestPotion"},{"floor":51.0,"key":"SteroidPotion"}],"is_trial":false,"path_per_floor":["M","M","?","?","COS","E","R","$","T","M","?","T","M","T","R","B",null,"M","?","?","?","COS","E","M","R","T","$","M","E","M","T","R","B",null,"M","M","?","?","?","R","M","E","T","T","?","?","?","T","R","B","M","M","?","$","R","M","R","$","?","B",null],"character_chosen":"Youkari","items_purchased":["PlaceholderMod:FlatBlood","testmod-IWantAll","AT_EbonyIvory","Meat on the Bone","Mummified Hand","Bag of Marbles","CommonSense_AntiCommonSense_purple","Dodecahedron","Antimatter_spacedebris","War Paint","Orrery","AT_SilverBalance","ClockworkSouvenir","Strawberry","ThegodofHakurei_purpleEX","AT_SilvercatRing","AT_PowerWithin","Mango","Medical Kit","MealTicket","Eternal Feather","Frozen Eye","PlaceholderMod:DaolothFragment","Pear","Sadistic Nature+1","ExternalForce_HighSpeedFlying_purple","Lee\u0027s Waffle","Nunchaku","Fruit Juice","Membership Card","Chemical X","Bronze Scales","ImprovedEquipment"],"campfire_rested":0,"item_purchase_floors":[8,8,8,8,8,8,8,15,15,15,15,27,27,27,32,32,32,32,40,40,40,54,54,54,54,54,55,55,55,57,57,57,57],"current_hp_per_floor":[70,70,49,49,49,30,30,30,30,45,38,38,38,38,38,43,70,66,66,66,61,61,38,41,41,41,48,28,35,50,50,64,46,94,47,64,24,24,24,24,35,33,33,33,33,33,33,33,42,107,107,98,98,117,134,124,133,134,134,120],"gold":6298,"neow_bonus":"THREE_ENEMY_KILL","is_daily":false,"chose_seed":false,"campfire_upgraded":2,"win_rate":0.0,"timestamp":1609236506,"path_taken":["M","M","?","?","COS","E","R","$","T","?","?","?","M","?","R","BOSS","M","?","?","?","COS","E","M","R","T","$","M","E","M","?","R","BOSS","M","M","?","?","?","R","M","E","T","?","?","?","?","?","R","BOSS","M","M","?","$","R","M","R","$","?","BOSS"],"items_purchased_type":["Relic","Relic","Relic","Relic","Relic","Relic","Card","Relic","Relic","Relic","Relic","Relic","Relic","Relic","Relic","Relic","Card","Relic","Relic","Relic","Relic","Relic","Relic","Relic","Card","Card","Relic","Relic","Potion","Relic","Relic","Relic","Relic"],"build_version":"2020-12-22","purchased_purges":10,"victory":true,"max_hp_per_floor":[70,70,70,70,70,70,70,70,70,70,70,70,70,70,70,70,70,73,66,66,61,61,61,65,65,65,72,76,76,76,76,90,94,94,98,102,102,102,102,102,102,102,102,102,102,102,102,102,102,107,107,107,107,117,134,134,134,134,134,134],"card_choices":[{"not_picked":["PositiveMatter_Antimatter_Universe_purple","Mirror_WaveAndshot_purple","Boundary_of_Extermination_purpleEX"],"picked":"SKIP","floor":1.0},{"not_picked":["WatchEChange_purple","OmniscientAndOmnipotent_Monster_purple","Bait_HighSpeedFlying_purple","Realm_recovery_purpleEX"],"picked":"Boundary_ObjectiveBoundary_purple","floor":2.0},{"not_picked":["StateErode_purple","Boundary_DynamicStaticEquilibrium_purple","Extrememeaning_purpleEX","Mirror_FormAndEmptin_purple","Realm_recovery_purpleEX"],"picked":"SKIP","floor":3.0},{"not_picked":["Price_of_realm_purpleEX+1","Umbrella_purple+1","ExternalForce_HighSpeedFlying_purple+1","OpenedBox_purple+1"],"picked":"Photoelasticity_Doppler_Effect_purple+1","floor":6.0},{"not_picked":["Umbrella_purple","AdvanceAttack_purple","StateErode_purple","ButterflyHabitatTemple_purple"],"picked":"RuleDissolution_purple","floor":6.0},{"not_picked":["ExternalForce_HighSpeedFlying_purple","Yakumo_Ran_purple","Mirror_FourBoundary_purple","AdvanceAttack_purple","SharpContractionReality_purple"],"picked":"SKIP","floor":10.0},{"not_picked":["SfantasyHide_purple","Anti_communist_purple","RuleDissolution_purple","WatchEChange_purple","MeetDecomposer_purple"],"picked":"SKIP","floor":13.0},{"not_picked":["Realm_recovery_purpleEX+1","AdvanceAttack_purple","Mirror_FormAndEmptin_purple+1","Extrememeaning_purpleEX+1"],"picked":"Monsters_DoubleDeathButterfly_purple","floor":15.0},{"not_picked":["StateErode_purple","SfantasyHide_purple+1","ExistenceContinue_purple","Boundary_ObjectiveBoundary_purple+1"],"picked":"Fantasy_PerpetualMotionMachine_purple","floor":15.0},{"not_picked":["Nest_LightFlightworm_purple","Charmbait_purple","Shallow_ocean_purpleEX","ExistenceContinue_purple"],"picked":"RuleDissolution_purple+1","floor":15.0},{"not_picked":["ContainerChange_purple","Computing_the_future_purpleEX","BarrageBoundary_PipeDream_purple","Know_ledgeAbilityRealm_purple"],"picked":"GluttonyofRealm_purpleEX","floor":16.0},{"not_picked":["Mirror_WaveAndshot_purple+1","Mirror_FormAndEmptin_purple+1","StateErode_purple+1","SfantasyHide_purple+1","AdvanceAttack_purple+1"],"picked":"SKIP","floor":18.0},{"not_picked":["Gensokyo:MissMary+1","Gensokyo:TekeTeke","Gensokyo:SlitMouthedWoman+1","Gensokyo:RedCapeBlueCape"],"picked":"Gensokyo:TurboGranny","floor":19.0},{"not_picked":["Bait_Toxicbait_purple+1","Boundary_of_Extermination_purpleEX+1","Line_surface_state_purple+1","StateDuplicate_purple+1","Mirror_TwoAndThreeElementRealm_purple+1"],"picked":"SKIP","floor":23.0},{"not_picked":["Mirror_TwoAndThreeElementRealm_purple","WangLiang_OokamiKakushi_purple","Computing_the_future_purpleEX","Theboundaryofcreation_purpleEX"],"picked":"LoveAcrossDimensions_purple","floor":24.0},{"not_picked":["MeetDecomposer_purple+1","Worldmountain_purple","Extrememeaning_purpleEX+1","Shallow_ocean_purpleEX"],"picked":"Human_Monster_Realm_purple+1","floor":24.0},{"not_picked":["Bait_HighSpeedFlying_purple","ExistenceContinue_purple","SfantasyHide_purple+1","Shallow_ocean_purpleEX","AdvanceAttack_purple"],"picked":"SKIP","floor":28.0},{"not_picked":["Shallow_ocean_purpleEX","Charmbait_purple+1","MeetDecomposer_purple+1","Monsters_DoubleDeathButterfly_purple+1","Realm_recovery_purpleEX+1"],"picked":"SKIP","floor":29.0},{"not_picked":["Charmbait_purple","CommonSense_AntiCommonSense_purple+1","MeetDecomposer_purple+1","AdvanceAttack_purple","SfantasyHide_purple+1"],"picked":"SKIP","floor":30.0},{"not_picked":["RuptureOfTimeAndSpace_purple+1","RuleDissolution_purple+1","Umbrella_purple+1","AdvanceAttack_purple+1","WatchEChange_purple+1"],"picked":"SKIP","floor":35.0},{"not_picked":["SharpContractionReality_purple+1","Extrememeaning_purpleEX+1","MetroBOOM_purple+1","MonsterNeedle_purple+1","Realm_recovery_purpleEX+1"],"picked":"SKIP","floor":36.0},{"not_picked":["SfantasyHide_purple+1","Shallow_ocean_purpleEX+1","Boundary_ObjectiveBoundary_purple+1","Photoelasticity_Doppler_Effect_purple","StateDuplicate_purple+1"],"picked":"SKIP","floor":41.0},{"not_picked":["AdvanceAttack_purple+1","Mirror_WaveAndshot_purple+1","Umbrella_purple","DimensionStaggered_purple+1","LoveAcrossDimensions_purple+1"],"picked":"SKIP","floor":42.0},{"not_picked":["AdvanceAttack_purple","PurpleNeedle_purple+1","WatchEChange_purple+1","StateErode_purple","Photoelasticity_Doppler_Effect_purple"],"picked":"SKIP","floor":51.0},{"not_picked":["Worldmountain_purple","Bait_Toxicbait_purple+1","StateDuplicate_purple+1","StateErode_purple","Line_surface_state_purple+1"],"picked":"SKIP","floor":52.0},{"not_picked":["StateDuplicate_purple+1","OmniscientAndOmnipotent_Monster_purple+1","StateErode_purple+1","Mirror_FormAndEmptin_purple+1","DimensionStaggered_purple+1"],"picked":"SKIP","floor":56.0}],"player_experience":818837,"relics_obtained":[{"floor":1.0,"key":"SynthV:TestCard"},{"floor":6.0,"key":"Tiny Chest"},{"floor":12.0,"key":"Juzu Bracelet"},{"floor":14.0,"key":"Toxic Egg 2"},{"floor":23.0,"key":"testmod-Antiphasic"},{"floor":26.0,"key":"testmod-TurbochargingSystem"},{"floor":29.0,"key":"AT_Kusabimaru"},{"floor":31.0,"key":"StrikeDummy"},{"floor":42.0,"key":"testmod-IndustrialRevolution"},{"floor":43.0,"key":"Akabeko"},{"floor":44.0,"key":"Oddly Smooth Stone"},{"floor":48.0,"key":"testmod-Hope"},{"floor":56.0,"key":"paleoftheancients:SoulOfTheShrineMaiden"}],"event_choices":[{"damage_healed":0.0,"max_hp_gain":0.0,"max_hp_loss":0.0,"gold_gain":0.0,"event_name":"给自己的盒子","player_choice":"Swap Relic","floor":20.0,"relics_lost":["DaveBox"],"gold_loss":0.0,"damage_taken":0.0,"relics_obtained":["DaveBox"]},{"damage_healed":0.0,"max_hp_gain":0.0,"max_hp_loss":0.0,"gold_gain":400.0,"event_name":"恩洛斯的盘子","player_choice":"Sell","floor":53.0,"relics_lost":["DaveBox"],"gold_loss":0.0,"damage_taken":0.0}],"is_beta":false,"boss_relics":[{"not_picked":["Calling Bell","MoonlightInvasionPlan"],"picked":"testmod-Recursion"},{"not_picked":["NightmareShop","BloodWine"],"picked":"xbg"}],"items_purged_floors":[8,15,15,27,32,40,40,54,54,55],"is_endless":false,"potions_floor_spawned":[1,2,3,6,18,23,28,36,41,51],"ascension_level":0}}