{"host":"d9m9v0h6vo0edadb","time":1609228995,"event":{"mods":["BaseMod","Hermit","Keyboard Shortcuts","Minty Spire (QoL Compilation)","StSLib","SuperFastMode","The Cursed"],"gold_per_floor":[115,40,40,52,52,52,86,105,105,105,134,148,148,181,181,181,181],"floor_reached":16,"playtime":159,"items_purged":["Strike_G"],"score":336,"play_id":"00df9261-0e2d-4f71-b6b2-3e6d83601324","local_time":"20201229170315","is_ascension_mode":true,"campfire_choices":[{"data":"Cloak And Dagger","floor":6,"key":"SMITH"},{"data":"Neutralize","floor":10,"key":"SMITH"},{"data":"Corpse Explosion","floor":13,"key":"SMITH"},{"floor":15,"key":"REST"}],"circlet_count":0,"master_deck":["AscendersBane","Strike_G","Strike_G","Strike_G","Strike_G","Defend_G","Defend_G","Defend_G","Defend_G","Defend_G","Survivor","Neutralize+1","Backstab","Cloak And Dagger+1","Corpse Explosion+1","Infinite Blades","Endless Agony","Backflip","Deadly Poison"],"relics":["Ring of the Snake","NeowsBlessing","HornCleat","Thread and Needle","Ornamental Fan","Oddly Smooth Stone","Juzu Bracelet"],"acts_visited":["Exordium"],"potions_floor_usage":[14],"damage_taken":[{"damage":0,"enemies":"2 Louse","floor":1,"turns":1},{"damage":0,"enemies":"Small Slimes","floor":4,"turns":1},{"damage":0,"enemies":"3 Sentries","floor":7,"turns":1},{"damage":0,"enemies":"Cultist","floor":8,"turns":3},{"damage":11,"enemies":"Lagavulin","floor":11,"turns":9},{"damage":0,"enemies":"Lots of Slimes","floor":12,"turns":1},{"damage":0,"enemies":"Gremlin Nob","floor":14,"turns":3},{"damage":13,"enemies":"Slime Boss","floor":16,"turns":6}],"seed_played":"-2891241720216491305","potions_obtained":[{"floor":11,"key":"Fire Potion"},{"floor":12,"key":"Block Potion"},{"floor":14,"key":"Dexterity Potion"}],"is_trial":false,"path_per_floor":["M","$","?","M","?","R","E","M","T","R","E","M","R","E","R","B"],"character_chosen":"THE_SILENT","items_purchased":[],"campfire_rested":1,"item_purchase_floors":[],"current_hp_per_floor":[59,59,33,33,33,33,33,33,33,33,22,22,22,22,41,28,28],"gold":181,"neow_bonus":"THREE_ENEMY_KILL","is_daily":false,"chose_seed":false,"campfire_upgraded":3,"win_rate":0.0,"timestamp":1609228995,"path_taken":["M","$","?","M","?","R","E","M","T","R","E","M","R","E","R","BOSS"],"items_purchased_type":[],"build_version":"2020-12-22","purchased_purges":1,"victory":false,"max_hp_per_floor":[66,66,66,66,66,66,66,66,66,66,66,66,66,66,66,66,66],"card_choices":[{"not_picked":["Quick Slash","Deadly Poison"],"picked":"Backstab","floor":1},{"not_picked":["Tactician","Deadly Poison"],"picked":"Cloak And Dagger","floor":4},{"not_picked":["Cloak And Dagger","Sucker Punch"],"picked":"Corpse Explosion","floor":7},{"not_picked":["Cloak And Dagger","Underhanded Strike"],"picked":"Infinite Blades","floor":8},{"not_picked":["Slice","Quick Slash"],"picked":"Endless Agony","floor":11},{"not_picked":["Finisher","Deadly Poison"],"picked":"Backflip","floor":12},{"not_picked":["Expertise","Sucker Punch"],"picked":"Deadly Poison","floor":14}],"player_experience":944163,"relics_obtained":[{"floor":7,"key":"Thread and Needle"},{"floor":9,"key":"Ornamental Fan"},{"floor":11,"key":"Oddly Smooth Stone"},{"floor":14,"key":"Juzu Bracelet"}],"event_choices":[{"damage_healed":0,"gold_gain":0,"player_choice":"Success","damage_taken":26,"relics_obtained":["HornCleat"],"max_hp_gain":0,"max_hp_loss":0,"event_name":"Scrap Ooze","floor":3,"gold_loss":0},{"damage_healed":0,"gold_gain":0,"player_choice":"Ignored","damage_taken":0,"max_hp_gain":0,"max_hp_loss":0,"event_name":"Liars Game","floor":5,"gold_loss":0}],"is_beta":false,"boss_relics":[],"items_purged_floors":[2],"is_endless":false,"potions_floor_spawned":[11,12,14],"killed_by":"Slime Boss","ascension_level":20}}