{"host":"j29osl8nelwi4hyu","time":1609221019,"event":{"mods":["BaseMod","Colored Powertips","Hubris","Infinite Spire","Minty Spire (QoL Compilation)","Replay The Spire","StSLib"],"gold_per_floor":[113,7,20,20,30,30,63,83,83,99,115,128,147,167,167,269,369,383,433,491,508,508,534,534,563,563,598,234,253,253,253],"floor_reached":30,"playtime":1628,"items_purged":[],"score":368,"play_id":"52ff1402-87f0-45bc-82f9-4b6db071c107","local_time":"20201228215019","is_ascension_mode":true,"campfire_choices":[{"data":"Blizzard","floor":6,"key":"SMITH"},{"data":"Self Repair","floor":15,"key":"SMITH"},{"data":"Capacitor","floor":24,"key":"SMITH"}],"circlet_count":0,"master_deck":["Strike_B","Strike_B","Strike_B","Strike_B","Defend_B+1","Defend_B","Defend_B","Defend_B","Zap+1","Dualcast","Cold Snap","Blizzard+1","Conserve Battery+1","Glacier","hubris:Ukulele","Barrage","Machine Learning","Self Repair+1","Sweeping Beam","Streamline","Compile Driver","hubris:SpecializedCircuitry","Redo","Beam Cell","FTL","Skim+1","Blizzard+1","Capacitor+1","Barrage","Buffer","Beam Cell","Beam Cell","Redo+1"],"relics":["Cracked Core","infinitespire:Freezer","Bronze Scales","Mummified Hand","Replay:Wanted Poster","Frozen Eye","Tiny House","hubris:TenFootPole","hubris:Metronome","Cables","Ancient Tea Set","BargainBundle","hubris:SlimyHat"],"acts_visited":["Exordium","TheCity"],"potions_floor_usage":[11,13,14,16,23,23,25,25],"damage_taken":[{"damage":1,"enemies":"Cultist","floor":1,"turns":3},{"damage":0,"enemies":"Jaw Worm","floor":3,"turns":3},{"damage":11,"enemies":"Small Slimes","floor":5,"turns":4},{"damage":27,"enemies":"Lagavulin","floor":7,"turns":7},{"damage":0,"enemies":"Exordium Thugs","floor":8,"turns":3},{"damage":0,"enemies":"Large Slime","floor":10,"turns":4},{"damage":0,"enemies":"Lots of Slimes","floor":11,"turns":1},{"damage":6,"enemies":"Blue Slaver","floor":12,"turns":3},{"damage":8,"enemies":"Gremlin Gang","floor":13,"turns":3},{"damage":9,"enemies":"2 Fungi Beasts","floor":14,"turns":4},{"damage":12,"enemies":"Fading Forest","floor":16,"turns":11},{"damage":8,"enemies":"Spheric Guardian","floor":18,"turns":6},{"damage":0,"enemies":"Chosen","floor":21,"turns":4},{"damage":9,"enemies":"Slavers","floor":23,"turns":5},{"damage":22,"enemies":"Gremlin Leader","floor":25,"turns":6},{"damage":17,"enemies":"Nightmare","floor":27,"turns":7},{"damage":35,"enemies":"Snecko","floor":29,"turns":9},{"damage":25,"enemies":"Cultist and Chosen","floor":30,"turns":4}],"seed_played":"-4135828942616071782","potions_obtained":[{"floor":1,"key":"SpeedPotion"},{"floor":5,"key":"SteroidPotion"},{"floor":8,"key":"Explosive Potion"},{"floor":13,"key":"Regen Potion"},{"floor":14,"key":"AttackPotion"},{"floor":16,"key":"PowerPotion"},{"floor":18,"key":"Swift Potion"},{"floor":19,"key":"Energy Potion"},{"floor":20,"key":"DistilledChaos"},{"floor":20,"key":"AttackPotion"},{"floor":23,"key":"DuplicationPotion"}],"is_trial":false,"path_per_floor":["M","$","M","?","M","R","E","M","T","M","M","M","M","M","R","B",null,"M","AVR","?","M","?","E","R","E","T","NM","$","M","M"],"character_chosen":"DEFECT","items_purchased":["Blizzard","Conserve Battery+1","BargainBundle","hubris:SlimyHat","CultistPotion","Beam Cell"],"campfire_rested":0,"item_purchase_floors":[2,2,28,28,28,28],"current_hp_per_floor":[74,74,74,74,63,63,36,36,36,36,36,37,36,46,46,52,69,71,76,56,66,66,67,67,55,55,48,48,23,0,0],"gold":253,"neow_bonus":"UPGRADE_CARD","is_daily":false,"chose_seed":false,"campfire_upgraded":3,"win_rate":0.0,"timestamp":1609221019,"path_taken":["M","?","M","?","M","R","E","M","T","M","M","M","M","M","R","BOSS","M","AVR","?","?","?","E","R","E","T","NM","$","?","M"],"items_purchased_type":["Card","Card","Relic","Relic","Potion","Card"],"build_version":"2020-12-22","purchased_purges":0,"victory":false,"max_hp_per_floor":[75,75,75,75,75,75,75,75,75,75,75,75,75,75,75,75,75,75,80,80,80,80,80,80,80,80,80,80,80,80,80],"card_choices":[{"not_picked":["Hologram","Beam Cell"],"picked":"Cold Snap","floor":1},{"not_picked":["Beam Cell","Go for the Eyes"],"picked":"Glacier","floor":3},{"not_picked":["Beam Cell","Coolheaded"],"picked":"hubris:Ukulele","floor":5},{"not_picked":["Streamline","Lockon"],"picked":"Barrage","floor":7},{"not_picked":["Go for the Eyes","Time Bomb"],"picked":"Machine Learning","floor":8},{"not_picked":["Streamline","White Noise","Consume"],"picked":"SKIP","floor":10},{"not_picked":["hubris:PowerSurge","Conserve Battery"],"picked":"Self Repair","floor":11},{"not_picked":["Hello World","Go for the Eyes"],"picked":"Sweeping Beam","floor":12},{"not_picked":["Gash","Stack"],"picked":"Streamline","floor":13},{"not_picked":["Barrage","hubris:PowerSurge"],"picked":"Compile Driver","floor":14},{"not_picked":["ReplayRNGCard","Biased Cognition"],"picked":"hubris:SpecializedCircuitry","floor":16},{"not_picked":["Conserve Battery","Steam+1"],"picked":"Redo","floor":18},{"not_picked":["Conserve Battery","Fusion"],"picked":"Beam Cell","floor":19},{"not_picked":["Go for the Eyes","Panic Button"],"picked":"FTL","floor":20},{"not_picked":["Rebound","Conserve Battery"],"picked":"Skim+1","floor":21},{"not_picked":["Self Repair","Aggregate"],"picked":"Capacitor","floor":23},{"not_picked":["Meteor Strike","BasicCrystalCard"],"picked":"Barrage","floor":25},{"not_picked":["Beam Cell","Hello World"],"picked":"Buffer","floor":27},{"not_picked":["Hologram","Turbo"],"picked":"Redo+1","floor":29}],"player_experience":271949,"relics_obtained":[{"floor":7,"key":"Bronze Scales"},{"floor":9,"key":"Mummified Hand"},{"floor":23,"key":"hubris:TenFootPole"},{"floor":25,"key":"hubris:Metronome"},{"floor":26,"key":"Cables"},{"floor":27,"key":"Ancient Tea Set"}],"event_choices":[{"damage_healed":0,"gold_gain":0,"player_choice":"Gave Potion","damage_taken":0,"relics_obtained":["infinitespire:Freezer"],"max_hp_gain":0,"max_hp_loss":0,"event_name":"WeMeetAgain","floor":4,"gold_loss":0},{"damage_healed":0,"gold_gain":0,"player_choice":"Copied","damage_taken":0,"max_hp_gain":0,"max_hp_loss":0,"event_name":"Duplicator","floor":22,"gold_loss":0,"cards_obtained":["Blizzard"]}],"is_beta":false,"boss_relics":[{"not_picked":["Fusion Hammer","Calling Bell"],"picked":"Replay:Wanted Poster"}],"items_purged_floors":[],"is_endless":false,"potions_floor_spawned":[1,5,8,13,14,16,18,23],"killed_by":"Cultist and Chosen","ascension_level":5}}