{"host":"kpyoctgc7jne3jiy","time":1609276666,"event":{"mods":["AchievementEnabler","BaseMod","Minty Spire (QoL Compilation)","Relic Stats"],"gold_per_floor":[117,117,132,148,36,70,70,70,152,187,35,61,61,81,81,182,182,194,211,19,0,15,15,42,42,42,68,86,11,11,11,11,11,11],"floor_reached":33,"playtime":1762,"items_purged":["Strike_R"],"score":386,"play_id":"b59d48ff-2b85-41c6-8cfb-fe4659cf2108","local_time":"20201229221746","is_ascension_mode":true,"campfire_choices":[{"floor":7,"key":"REST"},{"data":"Fire Breathing","floor":15,"key":"SMITH"},{"data":"Dark Embrace","floor":23,"key":"SMITH"},{"floor":25,"key":"REST"},{"floor":32,"key":"REST"}],"circlet_count":0,"master_deck":["Strike_R+1","Strike_R+1","Strike_R+1","Defend_R+1","Defend_R+1","Defend_R+1","Defend_R+1","Bash","Pommel Strike","Sword Boomerang","Heavy Blade","Dark Embrace+1","Sentinel+1","Fire Breathing+1","Berserk+1","Cleave","Immolate","Shockwave+1","Ghostly Armor","Pommel Strike","Fiend Fire","Infernal Blade+1"],"relics":["Burning Blood","PreservedInsect","War Paint","HornCleat","Toy Ornithopter","Orichalcum","Tiny Chest","Philosopher\u0027s Stone","Lee\u0027s Waffle","MealTicket","Centennial Puzzle","Bottled Flame","Singing Bowl"],"acts_visited":["Exordium","TheCity"],"potions_floor_usage":[6,10,10,10,16,16,18,22,24,33,33],"damage_taken":[{"damage":16,"enemies":"Small Slimes","floor":1,"turns":4},{"damage":4,"enemies":"2 Louse","floor":3,"turns":3},{"damage":6,"enemies":"Cultist","floor":4,"turns":3},{"damage":33,"enemies":"3 Sentries","floor":6,"turns":8},{"damage":27,"enemies":"Lagavulin","floor":10,"turns":5},{"damage":9,"enemies":"3 Sentries","floor":12,"turns":7},{"damage":2,"enemies":"Blue Slaver","floor":14,"turns":4},{"damage":17,"enemies":"Slime Boss","floor":16,"turns":8},{"damage":61,"enemies":"3 Byrds","floor":18,"turns":6},{"damage":21,"enemies":"Chosen","floor":19,"turns":5},{"damage":21,"enemies":"Sentry and Sphere","floor":22,"turns":5},{"damage":51,"enemies":"Book of Stabbing","floor":24,"turns":7},{"damage":21,"enemies":"Slavers","floor":27,"turns":2},{"damage":16,"enemies":"Centurion and Healer","floor":28,"turns":6},{"damage":118,"enemies":"Champ","floor":33,"turns":11}],"seed_played":"-3722645535565904066","potions_obtained":[{"floor":3,"key":"EntropicBrew"},{"floor":4,"key":"SkillPotion"},{"floor":6,"key":"Energy Potion"},{"floor":12,"key":"EssenceOfSteel"},{"floor":19,"key":"AttackPotion"},{"floor":22,"key":"Weak Potion"},{"floor":24,"key":"Ancient Potion"},{"floor":27,"key":"ElixirPotion"}],"is_trial":false,"path_per_floor":["M","?","M","M","$","E","R","?","T","E","$","E","?","M","R","B",null,"M","M","$","?","M","R","E","R","T","E","M","?","T","?","R","B"],"character_chosen":"IRONCLAD","items_purchased":["Dark Embrace","Orichalcum","Lee\u0027s Waffle","BloodPotion"],"campfire_rested":3,"item_purchase_floors":[5,11,20,20],"current_hp_per_floor":[78,83,85,85,85,58,85,78,78,57,57,54,54,58,58,57,93,61,46,100,100,85,85,45,75,75,60,50,50,50,50,80,0,0],"gold":11,"neow_bonus":"TEN_PERCENT_HP_BONUS","is_daily":false,"chose_seed":false,"campfire_upgraded":2,"win_rate":0.0,"timestamp":1609276666,"path_taken":["M","?","M","M","$","E","R","?","T","E","$","E","?","M","R","BOSS","M","M","$","?","M","R","E","R","T","E","M","?","?","?","R","BOSS"],"items_purchased_type":["Card","Relic","Relic","Potion"],"build_version":"2020-12-22","purchased_purges":1,"victory":false,"max_hp_per_floor":[88,93,93,93,93,93,93,93,93,93,93,93,93,93,93,93,93,93,93,100,100,100,100,100,100,100,100,100,100,100,100,100,100,100],"relic_stats":{"Lee\u0027s Waffle":54,"Centennial Puzzle":[9],"Singing Bowl":0,"counters":[15,84],"Tiny Chest":1,"MealTicket":0,"PreservedInsect":139,"War Paint":["Defend_R","Sentinel"],"Orichalcum":[114],"obtain_stats":[{"Lee\u0027s Waffle":20,"Singing Bowl":30,"PreservedInsect":6,"War Paint":8,"Orichalcum":11,"Burning Blood":0,"Centennial Puzzle":26,"Bottled Flame":27,"HornCleat":9,"Tiny Chest":12,"Philosopher\u0027s Stone":17,"MealTicket":24,"Toy Ornithopter":10},{"Lee\u0027s Waffle":10,"Singing Bowl":14,"PreservedInsect":4,"War Paint":4,"Orichalcum":5,"Burning Blood":0,"Centennial Puzzle":12,"Bottled Flame":13,"HornCleat":4,"Tiny Chest":6,"Philosopher\u0027s Stone":8,"MealTicket":12,"Toy Ornithopter":5},{"Lee\u0027s Waffle":53,"Singing Bowl":73,"PreservedInsect":18,"War Paint":18,"Orichalcum":23,"Burning Blood":0,"Centennial Puzzle":65,"Bottled Flame":67,"HornCleat":18,"Tiny Chest":30,"Philosopher\u0027s Stone":42,"MealTicket":65,"Toy Ornithopter":23}],"Burning Blood":84,"Toy Ornithopter":30},"card_choices":[{"not_picked":["Clash","Perfected Strike"],"picked":"Pommel Strike","floor":1},{"not_picked":["Seeing Red","Searing Blow"],"picked":"Sword Boomerang","floor":3},{"not_picked":["Perfected Strike","Havoc"],"picked":"Heavy Blade","floor":4},{"not_picked":["Bloodletting","Cleave"],"picked":"Sentinel","floor":6},{"not_picked":["Blood for Blood","Searing Blow"],"picked":"Fire Breathing","floor":10},{"not_picked":["Clothesline","Combust"],"picked":"Berserk","floor":12},{"not_picked":["Sword Boomerang","Reckless Charge"],"picked":"Cleave","floor":14},{"not_picked":["Barricade","Bludgeon"],"picked":"Immolate","floor":16},{"not_picked":["Blood for Blood+1","Wild Strike"],"picked":"Shockwave+1","floor":18},{"not_picked":["Anger","Twin Strike"],"picked":"Ghostly Armor","floor":19},{"not_picked":["Shockwave","Sentinel","Carnage"],"picked":"SKIP","floor":22},{"not_picked":["Headbutt","Anger"],"picked":"Pommel Strike","floor":24},{"not_picked":["Clothesline","Disarm+1"],"picked":"Fiend Fire","floor":27},{"not_picked":["Disarm","Combust"],"picked":"Infernal Blade+1","floor":28}],"player_experience":259122,"relics_obtained":[{"floor":6,"key":"PreservedInsect"},{"floor":9,"key":"HornCleat"},{"floor":10,"key":"Toy Ornithopter"},{"floor":12,"key":"Tiny Chest"},{"floor":24,"key":"MealTicket"},{"floor":26,"key":"Centennial Puzzle"},{"floor":27,"key":"Bottled Flame"},{"floor":30,"key":"Singing Bowl"}],"event_choices":[{"damage_healed":0,"gold_gain":0,"player_choice":"Donut","damage_taken":0,"max_hp_gain":5,"max_hp_loss":0,"event_name":"Big Fish","floor":2,"gold_loss":0},{"damage_healed":0,"gold_gain":0,"player_choice":"Success","damage_taken":7,"relics_obtained":["War Paint"],"max_hp_gain":0,"max_hp_loss":0,"event_name":"Scrap Ooze","floor":8,"gold_loss":0},{"damage_healed":0,"gold_gain":0,"player_choice":"Upgraded","damage_taken":0,"max_hp_gain":0,"max_hp_loss":0,"event_name":"Upgrade Shrine","floor":13,"gold_loss":0,"cards_upgraded":["Berserk"]},{"damage_healed":0,"gold_gain":0,"player_choice":"Paid Fearfully","damage_taken":0,"max_hp_gain":0,"max_hp_loss":0,"event_name":"Masked Bandits","floor":21,"gold_loss":19},{"cards_removed":["Strike_R"],"damage_healed":0,"gold_gain":0,"player_choice":"Gave Gold","damage_taken":0,"max_hp_gain":0,"max_hp_loss":0,"event_name":"Beggar","floor":29,"gold_loss":75},{"damage_healed":0,"gold_gain":0,"player_choice":"Simplicity","damage_taken":0,"max_hp_gain":0,"max_hp_loss":0,"event_name":"Back to Basics","floor":31,"gold_loss":0,"cards_upgraded":["Strike_R","Strike_R","Strike_R","Defend_R","Defend_R","Defend_R"]}],"is_beta":false,"boss_relics":[{"not_picked":["Pandora\u0027s Box","Calling Bell"],"picked":"Philosopher\u0027s Stone"}],"items_purged_floors":[5],"is_endless":false,"potions_floor_spawned":[3,4,6,12,19,22,24,27],"killed_by":"Champ","ascension_level":4}}