{"host":"1kq2ingo3j45gyyp","time":1609232915,"event":{"mods":["BaseMod","Better Note","Better Third Choice","Downfall","Minty Spire (QoL Compilation)","StSLib"],"gold_per_floor":[99,112,112,29,39,39,39,39,55,67,96,21,36,36,50,149,149,74,90,190,213,28,28,102,118,145,163,177,212,228,53,69,173,223,223,242,260,310,323,20,47,47,73,84,9,42,42,42,62,62],"floor_reached":51,"playtime":2763,"items_purged":[],"score":849,"play_id":"91afcc8a-a1ae-4b93-88bd-84071a5e65c2","local_time":"20201229040835","is_ascension_mode":false,"campfire_choices":[{"floor":1,"key":"RECALL"},{"data":"Guardian:PrismaticBeam","floor":6,"key":"SMITH"},{"floor":12,"key":"REST"},{"data":"Guardian:Harden","floor":18,"key":"SMITH"},{"data":"1","floor":23,"key":"LIFT"},{"data":"2","floor":35,"key":"LIFT"},{"floor":45,"key":"REST"},{"floor":47,"key":"REST"}],"circlet_count":0,"master_deck":["Guardian:Strike_Guardian","Guardian:Strike_Guardian","Guardian:Strike_Guardian","Guardian:Defend_Guardian","Guardian:Defend_Guardian","Guardian:Defend_Guardian","Guardian:Defend_Guardian","Guardian:CurlUp","Guardian:TwinSlam+1","Guardian:CrystalBeam","Guardian:PrismaticBeam+1","Guardian:Harden+1","Guardian:CrystalBeam","Guardian:PrismaticBarrier","Apotheosis","Guardian:PiercingHide","Guardian:BaubleBeam","Guardian:ExploitGems","Guardian:Gem_Green","Guardian:Gem_Lightblue","Guardian:PrismaticBeam","Guardian:Gem_Lightblue","Guardian:Gem_White","Guardian:VentSteam","Guardian:RollAttack+1"],"relics":["Guardian:ModeShifter","Ancient Tea Set","downfall:HeartBlessingRed","Philosopher\u0027s Stone","downfall:HeartBlessingBlue","Girya","Pantograph","Nunchaku","Ornamental Fan","Smiling Mask","Juzu Bracelet","Tiny House","Guardian:SackOfGems","Oddly Smooth Stone","Happy Flower","Strawberry","Anchor","downfall:HeartBlessingGreen","Guardian:PickAxe"],"acts_visited":["Exordium","TheCity","TheBeyond"],"potions_floor_usage":[13,28,29,33,43,46],"damage_taken":[{"damage":0,"enemies":"Small Slimes","floor":2,"turns":4},{"damage":0,"enemies":"downfall:FleeingMerchant","floor":4,"turns":4},{"damage":10,"enemies":"Cultist","floor":5,"turns":4},{"damage":0,"enemies":"Jaw Worm","floor":9,"turns":3},{"damage":5,"enemies":"Red Slaver","floor":10,"turns":4},{"damage":27,"enemies":"Lagavulin","floor":11,"turns":9},{"damage":0,"enemies":"Exordium Wildlife","floor":13,"turns":3},{"damage":6,"enemies":"Lots of Slimes","floor":15,"turns":4},{"damage":58,"enemies":"downfall:Ironclad","floor":16,"turns":9},{"damage":1,"enemies":"Shell Parasite","floor":19,"turns":4},{"damage":5,"enemies":"downfall:Silent","floor":20,"turns":8},{"damage":1,"enemies":"downfall:FleeingMerchant","floor":22,"turns":4},{"damage":4,"enemies":"Centurion and Healer","floor":25,"turns":5},{"damage":0,"enemies":"Gremlin Leader","floor":26,"turns":8},{"damage":14,"enemies":"Shelled Parasite and Fungi","floor":27,"turns":4},{"damage":2,"enemies":"Snake Plant","floor":28,"turns":4},{"damage":14,"enemies":"Slavers","floor":29,"turns":4},{"damage":3,"enemies":"3 Cultists","floor":30,"turns":4},{"damage":9,"enemies":"downfall:FleeingMerchant","floor":31,"turns":4},{"damage":6,"enemies":"Cultist and Chosen","floor":32,"turns":6},{"damage":23,"enemies":"downfall:Defect","floor":33,"turns":9},{"damage":0,"enemies":"3 Darklings","floor":36,"turns":3},{"damage":0,"enemies":"Orb Walker","floor":37,"turns":2},{"damage":0,"enemies":"Mind Bloom Boss Battle","floor":38,"turns":5},{"damage":0,"enemies":"4 Shapes","floor":39,"turns":7},{"damage":0,"enemies":"downfall:FleeingMerchant","floor":40,"turns":4},{"damage":88,"enemies":"Giant Head","floor":43,"turns":12},{"damage":0,"enemies":"Jaw Worm Horde","floor":44,"turns":5},{"damage":24,"enemies":"Nemesis","floor":46,"turns":5},{"damage":4,"enemies":"Maw","floor":49,"turns":6},{"damage":0,"enemies":"downfall:Watcher","floor":50,"turns":6}],"seed_played":"-8615149971316720159","potions_obtained":[{"floor":2,"key":"Guardian:DefensiveModePotion"},{"floor":5,"key":"Swift Potion"},{"floor":9,"key":"LiquidBronze"},{"floor":13,"key":"Fruit Juice"},{"floor":19,"key":"Block Potion"},{"floor":28,"key":"Explosive Potion"},{"floor":30,"key":"Weak Potion"},{"floor":33,"key":"Weak Potion"},{"floor":34,"key":"Block Potion"},{"floor":46,"key":"sneckomod:MuddlingPotion"},{"floor":49,"key":"Guardian:DefensiveModePotion"}],"is_trial":false,"path_per_floor":["R","M","?","$","M","R","T","?","M","M","E","R","M","?","M","B",null,"R","M","?","T","$","R","T","M","E","M","M","E","M","$","M","B",null,"R","M","M","?","M","$","T","?","E","M","R","E","R","?","M","B",null],"character_chosen":"GUARDIAN","items_purchased":["Guardian:PrismaticBeam","Apotheosis","Guardian:Gem_Orange","Oddly Smooth Stone","Happy Flower"],"campfire_rested":3,"item_purchase_floors":[4,22,31,40,40],"current_hp_per_floor":[88,88,88,88,78,78,78,78,78,73,46,72,77,77,71,13,93,103,102,97,97,96,96,96,92,92,78,76,62,59,50,44,46,108,108,108,108,108,108,108,115,115,27,27,61,37,71,71,67,92],"gold":62,"neow_bonus":"TEN_PERCENT_HP_BONUS","is_daily":false,"chose_seed":false,"campfire_upgraded":2,"win_rate":0.0,"timestamp":1609232915,"path_taken":["R","M","?","$","?","R","T","?","?","M","E","R","M","?","M","BOSS","R","M","?","?","$","R","T","M","E","M","?","E","M","$","M","BOSS","R","M","M","?","M","$","T","?","E","M","R","E","R","?","M","BOSS"],"items_purchased_type":["Card","Card","Card","Relic","Relic"],"build_version":"2020-12-22","purchased_purges":0,"victory":true,"max_hp_per_floor":[88,88,88,88,88,88,88,88,88,88,88,88,93,93,93,93,93,103,103,103,103,103,103,103,103,103,103,103,103,103,103,103,103,108,108,108,108,108,108,108,115,115,115,115,115,115,115,115,115,115],"card_choices":[{"not_picked":["Guardian:RefractedBeam","Guardian:Gem_Green"],"picked":"Guardian:Gem_Fragmented","floor":2},{"not_picked":["Guardian:Suspension","Guardian:MultiBeam"],"picked":"Guardian:CrystalBeam","floor":4},{"not_picked":["Guardian:ChargeCore","Guardian:TemporalStrike"],"picked":"Guardian:Gem_Lightblue","floor":5},{"not_picked":["Guardian:Gem_Green","Guardian:Preprogram"],"picked":"Guardian:Gem_Lightblue","floor":9},{"not_picked":["Guardian:GuardianWhirl","Guardian:ConstructionForm"],"picked":"Guardian:Harden","floor":10},{"not_picked":["Guardian:EvasiveProtocol","Guardian:Harden"],"picked":"Guardian:Gem_Cyan","floor":11},{"not_picked":["Guardian:FloatingOrbs","Guardian:Gem_Blue"],"picked":"Guardian:CrystalBeam","floor":13},{"not_picked":["Guardian:BronzeOrb","Guardian:Repulse"],"picked":"Guardian:PrismaticBarrier","floor":15},{"not_picked":["Guardian:RevengeProtocol","Guardian:StasisStrike"],"picked":"Guardian:Gem_Synthetic","floor":16},{"not_picked":["Guardian:TemporalStrike+1","Guardian:TemporalShield","Guardian:RollAttack"],"picked":"SKIP","floor":19},{"not_picked":["Guardian:CrystalBeam+1","Guardian:ChargeCore"],"picked":"Guardian:Gem_Red","floor":22},{"not_picked":["Guardian:ChargeCore+1","Guardian:RefractedBeam"],"picked":"Guardian:PiercingHide","floor":25},{"not_picked":["Guardian:PrimingBeam","Guardian:Clone"],"picked":"Guardian:BaubleBeam","floor":26},{"not_picked":["Guardian:ShieldCharger","Guardian:Gem_Green"],"picked":"Guardian:Gem_Cyan","floor":27},{"not_picked":["Guardian:ChargeCore","Guardian:Incinerate","Guardian:Recover"],"picked":"SKIP","floor":28},{"not_picked":["Guardian:Gem_Lightblue","Guardian:Planning+1"],"picked":"Guardian:Gem_White","floor":29},{"not_picked":["Guardian:TemporalShield","Guardian:RollAttack","Guardian:GuardianWhirl"],"picked":"SKIP","floor":30},{"not_picked":["Guardian:WalkerClaw","Guardian:MultiBeam+1"],"picked":"Guardian:ExploitGems","floor":31},{"not_picked":["Guardian:Incinerate","Guardian:Planning+1","Guardian:TemporalStrike"],"picked":"SKIP","floor":32},{"not_picked":["Guardian:BaubleBeam","Guardian:SphericShield"],"picked":"Guardian:Gem_Synthetic","floor":33},{"not_picked":["Guardian:Reroute","Guardian:PrismaticBeam"],"picked":"Guardian:Gem_Cyan","floor":34},{"not_picked":["Guardian:WalkerClaw","Guardian:TemporalShield"],"picked":"Guardian:Gem_Green","floor":36},{"not_picked":["Guardian:PolyBeam+1","Guardian:RollAttack"],"picked":"Guardian:Gem_Red","floor":37},{"not_picked":["Guardian:StasisStrike","Guardian:RefractedBeam"],"picked":"Guardian:PrismaticBeam","floor":39},{"not_picked":["Guardian:Harden+1","Guardian:VentSteam+1"],"picked":"Guardian:Gem_Lightblue","floor":40},{"not_picked":["Guardian:Reroute","Guardian:Incinerate+1"],"picked":"Guardian:Gem_Orange","floor":43},{"not_picked":["Guardian:Reroute","Guardian:Planning","Guardian:Gem_Cyan"],"picked":"SKIP","floor":44},{"not_picked":["Guardian:Gem_Fragmented","Guardian:PrimingBeam+1"],"picked":"Guardian:VentSteam","floor":46},{"not_picked":["Guardian:MultiBeam","Guardian:Planning+1"],"picked":"Guardian:RollAttack+1","floor":49}],"player_experience":809152,"relics_obtained":[{"floor":11,"key":"Ancient Tea Set"},{"floor":20,"key":"Girya"},{"floor":20,"key":"Pantograph"},{"floor":21,"key":"Nunchaku"},{"floor":24,"key":"Ornamental Fan"},{"floor":26,"key":"Smiling Mask"},{"floor":29,"key":"Juzu Bracelet"},{"floor":38,"key":"Guardian:SackOfGems"},{"floor":41,"key":"Strawberry"},{"floor":43,"key":"Anchor"},{"floor":46,"key":"Guardian:PickAxe"}],"event_choices":[{"damage_healed":0,"gold_gain":0,"player_choice":"Ignored","damage_taken":0,"max_hp_gain":0,"max_hp_loss":0,"event_name":"betterNote:BetterNote","floor":3,"gold_loss":0,"cards_obtained":["Blind"]}],"is_beta":false,"boss_relics":[{"not_picked":["Black Star","Coffee Dripper"],"picked":"Philosopher\u0027s Stone"},{"not_picked":["SacredBark","Cursed Key"],"picked":"Tiny House"}],"items_purged_floors":[],"is_endless":false,"potions_floor_spawned":[2,5,9,13,19,25,27,28,30,32,33,36,38,46,49],"ascension_level":0}}