{"host":"mm0v83pkg2fvsdgl","time":1609281091,"event":{"mods":["2.2 Compatiblity","Alarm Clock","AlwaysNeverKeys","BaseMod","Beaked The Cultist","Bestiary","Better Altar","Better Match","Better Note","Better Sensory Stone","Better Silent Start","Better Third Choice","Clawfect","Displayed Cursed Tome","Energized Spire","Friendly Minions","Highlight Path","Ironclad Rager","Keyboard Shortcuts","Lotus Mark","Marisa????????","Marked Mod","Mimic Mod","Minty Spire (QoL Compilation)","Permanent Neow","Railgun Mod","Remove Card Discount Mod","Shade Mod","Somnambulant","Spicy Shops","StSLib","Swap Starting Deck Mod","The Construct","The Disciple","The Dragon Tamer","The Hierophant","TheHeartMod","TheVacant","Transform Curses","Unceasing Turn Reminder","Wandering Minibosses"],"gold_per_floor":[114,114,129,129,129,159,1,16,50,65,115,130,195,210,210,310,310,325,390,28,43,67,67,97,97,97,147,197,212,212,277,277,377,377,392,460,510,575,653,653,677,86,111,111,126,176,49,79,79,79,79],"floor_reached":50,"playtime":3311,"items_purged":["theHeart:TranquilRhythm","theHeart:theHeartCommonAttack","theHeart:theHeartCommonAttack","theHeart:theHeartDefend","theHeart:theHeartDefend","theHeart:theHeartDefend","theHeart:theHeartDefend","theHeart:theHeartCommonAttack+1","theHeart:theHeartCommonAttack","theHeart:theHeartCommonAttack","Purity","theHeart:Pacemaker"],"score":692,"play_id":"5d353b90-dbf5-4e36-b508-96dbcb6a71d6","local_time":"20201229173131","daily_mods":["Allstar","Blue Cards","Night Terrors"],"is_ascension_mode":false,"campfire_choices":[{"data":"Trip","floor":15,"key":"SMITH"},{"data":"theHeart:SpireGrowth","floor":23,"key":"SMITH"},{"data":"Thinking Ahead","floor":25,"key":"SMITH"},{"data":"theHeart:EndlessHatred","floor":30,"key":"SMITH"},{"data":"theHeart:QuickBite","floor":32,"key":"SMITH"},{"data":"Madness","floor":40,"key":"SMITH"},{"data":"theHeart:BloodDrop","floor":44,"key":"SMITH"},{"data":"theHeart:SpireSpear","floor":49,"key":"SMITH"}],"circlet_count":0,"master_deck":["theHeart:BloodDrop+1","theHeart:Scab","Thinking Ahead+1","Trip+1","Secret Weapon+1","Dramatic Entrance+1","theHeart:PainfulStabs+1","theHeart:SpireGrowth","theHeart:Hemorrhage","theHeart:Devour","theHeart:Devour+1","Seek","Hyperbeam+1","theHeart:AncientEvil","theHeart:QuickBite+1","theHeart:EndlessHatred+1","theHeart:SpireSpear+1","theHeart:SpireGrowth+1","Madness+1","Madness","theHeart:Constrict+1","theHeart:SpireSpear+1","theHeart:BloodClots","Master of Strategy+1"],"relics":["theHeart:BeatOfDeath","SsserpentHead","construct:RocketBooster","betterAltar:BloodRelic","Anchor","Centennial Puzzle","theHeart:AncientProgram","Busted Crown","Membership Card","Pantograph","Bag of Preparation","CeramicFish","Whetstone","Nloth\u0027s Gift","energizedSpire:MagnifyingGlass","Bloody Idol","FossilizedHelix","Medical Kit","Pear","Singing Bowl","War Paint","Juzu Bracelet","Boot","Bottled Flame","Ginger"],"acts_visited":["Exordium","TheCity","TheBeyond"],"potions_floor_usage":[9,16,16,33,13038,38],"damage_taken":[{"damage":6,"enemies":"Jaw Worm","floor":1,"turns":4},{"damage":0,"enemies":"2 Louse","floor":3,"turns":2},{"damage":50,"enemies":"Lagavulin","floor":6,"turns":10},{"damage":0,"enemies":"Cultist","floor":8,"turns":2},{"damage":0,"enemies":"Large Slime","floor":9,"turns":9},{"damage":6,"enemies":"Large Slime","floor":10,"turns":5},{"damage":0,"enemies":"Exordium Thugs","floor":12,"turns":2},{"damage":0,"enemies":"Lots of Slimes","floor":13,"turns":2},{"damage":0,"enemies":"2 Fungi Beasts","floor":14,"turns":2},{"damage":0,"enemies":"Slime Boss","floor":16,"turns":5},{"damage":5,"enemies":"2 Thieves","floor":18,"turns":3},{"damage":0,"enemies":"Chosen","floor":19,"turns":3},{"damage":0,"enemies":"Snake Plant","floor":21,"turns":2},{"damage":0,"enemies":"Slavers","floor":24,"turns":2},{"damage":0,"enemies":"Cultist and Chosen","floor":29,"turns":2},{"damage":0,"enemies":"Centurion and Healer","floor":31,"turns":1},{"damage":9,"enemies":"Automaton","floor":33,"turns":5},{"damage":0,"enemies":"3 Shapes","floor":35,"turns":2},{"damage":18,"enemies":"Orb Walker","floor":38,"turns":3},{"damage":13,"enemies":"2 Orb Walkers","floor":39,"turns":3},{"damage":0,"enemies":"Transient","floor":41,"turns":5},{"damage":0,"enemies":"4 Shapes","floor":45,"turns":3},{"damage":0,"enemies":"Nemesis","floor":48,"turns":3},{"damage":97,"enemies":"Time Eater","floor":50,"turns":8}],"seed_played":"6838610760785432018","potions_obtained":[{"floor":1,"key":"Fire Potion"},{"floor":6,"key":"CultistPotion"},{"floor":8,"key":"Regen Potion"},{"floor":12,"key":"Explosive Potion"},{"floor":16,"key":"SteroidPotion"},{"floor":18,"key":"Weak Potion"},{"floor":24,"key":"Energy Potion"},{"floor":35,"key":"Explosive Potion"},{"floor":48,"key":"Weak Potion"}],"is_trial":false,"path_per_floor":["M","?","M","?","?","E","$","M","MIM","M","?","M","M","M","R","B",null,"M","M","$","M","$","R","E","R","T","?","?","M","R","M","R","B",null,"M","?","?","M","?","R","M","$","T","R","M","?","$","E","R","B"],"character_chosen":"THE_HEART","items_purchased":["Blood Vial","Membership Card","Pantograph","Bag of Preparation","CeramicFish","theHeart:SpireGrowth","Medical Kit","theHeart:BloodClots","Master of Strategy","Pear","Singing Bowl","War Paint","Juzu Bracelet","Bottled Flame"],"campfire_rested":0,"item_purchase_floors":[7,20,20,20,20,22,42,42,42,42,42,42,42,47],"current_hp_per_floor":[69,69,69,69,69,19,19,21,38,34,16,18,20,22,22,24,75,70,72,72,74,74,74,75,75,75,75,75,75,75,75,75,66,75,75,66,6,19,26,26,41,61,66,66,78,83,83,89,89,0,0],"gold":79,"neow_bonus":"","is_daily":true,"chose_seed":false,"campfire_upgraded":8,"win_rate":0.0,"timestamp":1609281091,"path_taken":["M","?","M","?","?","E","$","M","MIM","M","?","M","?","M","R","BOSS","M","?","$","M","?","R","E","R","T","?","?","M","R","?","R","BOSS","M","?","?","?","?","R","M","$","T","R","M","?","$","E","R","BOSS"],"items_purchased_type":["Relic","Relic","Relic","Relic","Relic","Card","Relic","Card","Card","Relic","Relic","Relic","Relic","Relic"],"build_version":"2020-12-22","purchased_purges":12,"victory":false,"max_hp_per_floor":[75,75,75,75,75,75,75,75,75,75,75,75,75,75,75,75,75,75,75,75,75,75,75,75,75,75,75,75,75,75,75,75,75,75,75,75,75,75,75,75,75,85,85,85,87,87,87,89,89,89,89],"card_choices":[{"not_picked":["theHeart:Tachycardia","theHeart:Crush"],"picked":"theHeart:TranquilRhythm","floor":1},{"not_picked":["theHeart:HeartBurn","theHeart:Embolism"],"picked":"theHeart:PainfulStabs","floor":3},{"not_picked":["theHeart:GrayPlatelets","theHeart:HyperTrophy"],"picked":"theHeart:SpireGrowth","floor":6},{"not_picked":["theHeart:Embolism","theHeart:TentacleWhip"],"picked":"theHeart:Hemorrhage","floor":8},{"not_picked":["theHeart:TentacleWhip","theHeart:ScrapOoze"],"picked":"theHeart:Devour","floor":9},{"not_picked":["theHeart:Cleanse","theHeart:TranquilRhythm"],"picked":"theHeart:Devour","floor":10},{"not_picked":["theHeart:Echo","theHeart:Embolism"],"picked":"theHeart:AncientEvil","floor":12},{"not_picked":["theHeart:Cyroablation","theHeart:TranquilRhythm"],"picked":"theHeart:QuickBite","floor":13},{"not_picked":["theHeart:Cleanse","theHeart:SpireGrowth"],"picked":"theHeart:EndlessHatred","floor":14},{"not_picked":["theHeart:Buff","theHeart:Terrify"],"picked":"theHeart:SpireSpear","floor":16},{"not_picked":["theHeart:Hemoblastosis"],"picked":"SKIP","floor":18},{"not_picked":[],"picked":"theHeart:Pacemaker","floor":19},{"not_picked":["theHeart:Hypertension"],"picked":"SKIP","floor":21},{"not_picked":["theHeart:Embolism+1"],"picked":"SKIP","floor":24},{"not_picked":["theHeart:TentacleWhip"],"picked":"SKIP","floor":29},{"not_picked":["theHeart:HeartBurn"],"picked":"SKIP","floor":31},{"not_picked":["theHeart:LeechSeed"],"picked":"SKIP","floor":35},{"not_picked":["theHeart:ArterialFlow"],"picked":"SKIP","floor":38},{"not_picked":[],"picked":"theHeart:Constrict+1","floor":39},{"not_picked":[],"picked":"theHeart:SpireSpear","floor":41},{"not_picked":["theHeart:Crush"],"picked":"Singing Bowl","floor":45},{"not_picked":["theHeart:Hemoblastosis+1"],"picked":"Singing Bowl","floor":48}],"player_experience":648919,"relics_obtained":[{"floor":6,"key":"construct:RocketBooster"},{"floor":9,"key":"Anchor"},{"floor":24,"key":"Whetstone"},{"floor":26,"key":"Oddly Smooth Stone"},{"floor":39,"key":"FossilizedHelix"},{"floor":43,"key":"Boot"},{"floor":48,"key":"Ginger"}],"event_choices":[{"damage_healed":0,"gold_gain":0,"cards_transformed":["Mind Blast"],"player_choice":"Change","damage_taken":0,"max_hp_gain":0,"max_hp_loss":0,"event_name":"Living Wall","floor":2,"gold_loss":0,"cards_obtained":["Dramatic Entrance"]},{"damage_healed":0,"gold_gain":0,"player_choice":"Ignored","damage_taken":0,"max_hp_gain":0,"max_hp_loss":0,"event_name":"Golden Wing","floor":4,"gold_loss":0},{"damage_healed":0,"gold_gain":0,"player_choice":"Trade","damage_taken":0,"relics_obtained":["SsserpentHead"],"max_hp_gain":0,"max_hp_loss":0,"event_name":"FaceTrader","floor":5,"gold_loss":0},{"damage_healed":0,"gold_gain":0,"player_choice":"Ignored","damage_taken":0,"max_hp_gain":0,"max_hp_loss":0,"event_name":"Ghosts","floor":27,"gold_loss":0},{"damage_healed":0,"gold_gain":0,"player_choice":"Traded Relic","damage_taken":0,"relics_obtained":["Nloth\u0027s Gift"],"max_hp_gain":0,"max_hp_loss":0,"event_name":"N\u0027loth","floor":28,"relics_lost":["Oddly Smooth Stone"],"gold_loss":0},{"damage_healed":0,"gold_gain":0,"player_choice":"Embrace Madness","damage_taken":9,"max_hp_gain":0,"max_hp_loss":0,"event_name":"Winding Halls","floor":36,"gold_loss":0,"cards_obtained":["Madness","Madness"]},{"damage_healed":0,"gold_gain":0,"player_choice":"Random: Violet","damage_taken":0,"max_hp_gain":0,"max_hp_loss":0,"event_name":"betterThird:BetterPortal","floor":37,"gold_loss":0},{"damage_healed":0,"gold_gain":0,"player_choice":" RottenVial Idol Potion ","damage_taken":60,"relics_obtained":["betterAltar:BloodRelic","Bloody Idol"],"max_hp_gain":66,"max_hp_loss":6,"event_name":"betterAltar:BetterAltar","floor":37,"potions_obtained":["betterAltar:AltarPotion"],"relics_lost":["Blood Vial"],"gold_loss":0},{"damage_healed":0,"gold_gain":0,"player_choice":"Fight","damage_taken":0,"max_hp_gain":0,"max_hp_loss":0,"event_name":"Mysterious Sphere","floor":39,"gold_loss":0},{"damage_healed":0,"gold_gain":0,"player_choice":"Ignored","damage_taken":0,"max_hp_gain":0,"max_hp_loss":0,"event_name":"Tomb of Lord Red Mask","floor":46,"gold_loss":0}],"is_beta":false,"boss_relics":[{"not_picked":["Astrolabe","Calling Bell"],"picked":"Busted Crown"},{"not_picked":["Black Star","Cursed Key"],"picked":"energizedSpire:MagnifyingGlass"}],"items_purged_floors":[7,7,7,7,20,20,20,20,20,20,22,47],"is_endless":false,"potions_floor_spawned":[1,6,8,12,16,18,24,29,35,48],"killed_by":"Time Eater","ascension_level":0}}