{"host":"121m0oxswv9tg9hk","time":1609279404,"event":{"mods":["AchievementEnabler","BaseMod","Better Third Choice","Downfall","Hermit","Hubris","Infinite Spire","MarisaÅiñ∂âJÅ@ñÇóùçπÅj","Minty Spire (QoL Compilation)","Replay The Spire","Shade Mod","StSLib","The Construct","The Cursed","The Gatherer","The Hierophant","The Mystic"],"gold_per_floor":[117,2,19,30,50,78,78,78,78,78,112,133,147,190,190,314,314,333,357,357,277,298,298,298,339,355,375,401,401,501,501,501,514,514,640,640,659,659,728,593,607,647,647,647,647,665,683,683,706,726,726,726],"floor_reached":53,"playtime":3175,"items_purged":["Shade:Strike_Shade","Shade:Defend_Shade","Shade:CarefulCut"],"score":1116,"play_id":"494858b4-fc43-458f-8a4a-2cb2494d4a4a","local_time":"20201229230324","is_ascension_mode":true,"campfire_choices":[{"data":"Shade:DangerousRitual","floor":8,"key":"SMITH"},{"floor":10,"key":"REST"},{"data":"Shade:SpectralStrikes","floor":15,"key":"SMITH"},{"data":"Shade:Brains","floor":15,"key":"SMITH"},{"floor":29,"key":"REST"},{"data":"infinitespire:SevenWalls","floor":32,"key":"SMITH"},{"data":"hubris:InfiniteBlow","floor":32,"key":"SMITH"},{"data":"hubris:InfiniteBlow+1","floor":34,"key":"SMITH"},{"data":"Shade:LichForm","floor":34,"key":"SMITH"},{"data":"hubris:InfiniteBlow+3","floor":48,"key":"SMITH"},{"data":"Shade:RavenousHorde","floor":48,"key":"SMITH"},{"data":"hubris:InfiniteBlow+4","floor":51,"key":"SMITH"},{"data":"Shade:WallOfFlesh","floor":51,"key":"SMITH"}],"circlet_count":0,"master_deck":["Shade:Strike_Shade","Shade:Strike_Shade","Shade:Strike_Shade","Shade:Defend_Shade","Shade:ExtraLimbs","Shade:DangerousRitual+1","Shade:CloudOfShrapnel","Shade:ClawBack","Shade:Brains+1","Injury","Shade:SpectralStrikes+1","Shade:ExtraLimbs","Shade:RavenousHorde+1","Shade:Coordination","Shade:LichForm+1","Shade:WallOfFlesh+1","Shade:StitchTogether","Shade:ExtraLimbs","Shade:BoneShards","infinitespire:SevenWalls+1","hubris:InfiniteBlow+5","Shade:DangerousRitual","Shade:Frenzy+1","Shade:CoffinDance+1","Shade:StitchTogether+1","Shade:CommandSoldier+1","Magnetism+1","Shade:AblativeArmor+1","Pain","Shade:SkeletonArmy+1"],"relics":["Snecko Eye","infinitespire:ShieldingShard","Golden Idol","The Courier","Replay:Arrowhead","Sozu","hubris:Towel","hubris:Reverence","Replay:Rubber Ducky","Replay:Wanted Poster","Golden Egg","Red Mask","Astrolabe","CatCart","Pet Ghost","WarpedTongs","Letter Opener","Pen Nib"],"acts_visited":["Exordium","TheCity","TheBeyond"],"potions_floor_usage":[6,16,19,25],"damage_taken":[{"damage":0,"enemies":"Cultist","floor":1,"turns":2},{"damage":0,"enemies":"infinitespire:Voidling","floor":3,"turns":2},{"damage":2,"enemies":"Jaw Worm","floor":4,"turns":3},{"damage":0,"enemies":"Large Slime","floor":5,"turns":4},{"damage":25,"enemies":"Lagavulin","floor":6,"turns":5},{"damage":2,"enemies":"3 Sentries","floor":11,"turns":3},{"damage":0,"enemies":"3 Louse","floor":12,"turns":1},{"damage":0,"enemies":"Looter","floor":13,"turns":2},{"damage":0,"enemies":"Replay:BlueRogue","floor":14,"turns":4},{"damage":6,"enemies":"The Guardian","floor":16,"turns":10},{"damage":17,"enemies":"Shell Parasite","floor":18,"turns":5},{"damage":0,"enemies":"2 Thieves","floor":19,"turns":2},{"damage":6,"enemies":"3 Cultists","floor":22,"turns":4},{"damage":2,"enemies":"Book of Stabbing","floor":25,"turns":6},{"damage":2,"enemies":"Centurion and Healer","floor":26,"turns":6},{"damage":15,"enemies":"Shelled Parasite and Fungi","floor":27,"turns":4},{"damage":0,"enemies":"3 Cultists","floor":33,"turns":3},{"damage":8,"enemies":"Collector","floor":35,"turns":6},{"damage":1,"enemies":"Orb Walker","floor":37,"turns":3},{"damage":0,"enemies":"Orin","floor":39,"turns":8},{"damage":0,"enemies":"3 Shapes","floor":41,"turns":2},{"damage":13,"enemies":"Reptomancer","floor":42,"turns":5},{"damage":0,"enemies":"Sphere and 2 Shapes","floor":46,"turns":2},{"damage":15,"enemies":"Spire Growth","floor":47,"turns":6},{"damage":0,"enemies":"4 Shapes","floor":50,"turns":4},{"damage":41,"enemies":"Time Eater","floor":52,"turns":6}],"seed_played":"-1356589340164005447","potions_obtained":[{"floor":3,"key":"Doom Potion"},{"floor":5,"key":"DuplicationPotion"},{"floor":11,"key":"Fire Potion"},{"floor":16,"key":"Dexterity Potion"}],"is_trial":false,"path_per_floor":["M","$","M","M","M","E","?","R","T","R","E","M","M","E","R","B",null,"M","M","?","$","M","PTL","PTL","E","M","M","T","R","AVR","?","R","M","R","B",null,"M","?","?","$","M","E","?","?","T","M","M","R","T","M","R","B",null],"character_chosen":"SHADE","items_purchased":["Shade:DangerousRitual","Magnetism"],"campfire_rested":2,"item_purchase_floors":[2,40],"current_hp_per_floor":[59,59,59,57,57,32,32,32,32,51,49,49,49,49,49,43,60,43,43,43,43,37,37,37,42,47,39,39,58,58,58,58,58,58,57,63,62,62,65,65,65,62,62,62,62,62,57,57,57,65,65,34],"gold":726,"neow_bonus":"BOSS_RELIC","is_daily":false,"chose_seed":false,"campfire_upgraded":11,"win_rate":0.0,"timestamp":1609279404,"path_taken":["M","$","?","?","M","E","?","R","T","R","E","M","M","E","R","BOSS","M","M","?","$","M","PTL","PTL","E","M","M","T","R","AVR","?","R","M","R","BOSS","M","?","?","$","M","E","?","?","T","?","M","R","?","M","R","BOSS"],"items_purchased_type":["Card","Card"],"build_version":"2020-12-22","purchased_purges":3,"victory":true,"max_hp_per_floor":[65,65,65,65,65,65,65,65,65,65,65,65,65,65,65,65,65,65,65,65,65,65,65,65,65,65,65,65,65,65,65,65,65,65,65,65,65,65,65,65,65,65,65,65,65,65,65,65,65,65,65,65],"card_choices":[{"not_picked":["Shade:FingerOfDeath","Shade:LyeBath"],"picked":"Shade:ExtraLimbs","floor":1},{"not_picked":["Shade:FuneraryArmor","Shade:Premonition"],"picked":"Shade:CloudOfShrapnel","floor":3},{"not_picked":["Shade:CallWraith","Shade:Premonition","Shade:Frenzy"],"picked":"SKIP","floor":4},{"not_picked":["Shade:CallWraith","Shade:Premonition","Shade:Frenzy"],"picked":"SKIP","floor":4},{"not_picked":["Shade:CommandSoldier","Shade:OpenGraves"],"picked":"Shade:ClawBack","floor":5},{"not_picked":["Shade:Excise","Shade:Frenzy"],"picked":"Shade:Brains","floor":6},{"not_picked":["Shade:RitualOffering","Shade:AncientSpear"],"picked":"Shade:SpectralStrikes","floor":11},{"not_picked":["Shade:FreshBones","Shade:AuraOfUnlife"],"picked":"Shade:ExtraLimbs","floor":12},{"not_picked":["Shade:ExtraLimbs","Shade:FingerOfDeath"],"picked":"Shade:RavenousHorde","floor":13},{"not_picked":["Shade:FleshLikeOak","Shade:AncientSpear"],"picked":"Shade:Coordination","floor":14},{"not_picked":["Shade:Putrefaction","Shade:DarkOfNight"],"picked":"Shade:LichForm","floor":16},{"not_picked":["Shade:SkeletonArmy","Shade:FleshToFlesh","Shade:FuneraryArmor"],"picked":"SKIP","floor":18},{"not_picked":["Shade:GraveStillness+1","Shade:FeralStrike"],"picked":"Shade:WallOfFlesh","floor":19},{"not_picked":["Shade:AncientSpear","Shade:SkeletonArmy+1"],"picked":"Shade:StitchTogether","floor":22},{"not_picked":["Shade:CallOfTheGrave+1","Shade:FingerOfDeath"],"picked":"Shade:ExtraLimbs","floor":25},{"not_picked":["Shade:Frenzy","Shade:Premonition","Shade:Patience"],"picked":"SKIP","floor":26},{"not_picked":["Shade:Carnophage","Shade:AncientSpear"],"picked":"Shade:BoneShards","floor":27},{"not_picked":["infinitespire:Gouge","infinitespire:SealOfDarkness+"],"picked":"hubris:InfiniteBlow","floor":31},{"not_picked":["Shade:Asphyxiate","Shade:ScuttlingHand"],"picked":"Shade:DangerousRitual","floor":33},{"not_picked":["Shade:Trample","Shade:Frenzy"],"picked":"Shade:CommandSoldier+1","floor":37},{"not_picked":["Shade:Frenzy","Shade:SkeletonHug+1"],"picked":"Shade:AblativeArmor+1","floor":41},{"not_picked":["Shade:Patience+1","Shade:Doomsay+1","Shade:Coordination"],"picked":"SKIP","floor":42},{"not_picked":["Shade:FuneraryArmor+1","Shade:AncientSpear+1","Shade:FingerOfDeath"],"picked":"SKIP","floor":46},{"not_picked":["Shade:CoffinDance+1","Shade:FuneraryJewels","Shade:FuneraryArmor+1"],"picked":"SKIP","floor":47},{"not_picked":["Shade:FuneraryArmor+1","Shade:SpectralStrikes+1"],"picked":"Shade:SkeletonArmy+1","floor":50}],"player_experience":2933186,"relics_obtained":[{"floor":6,"key":"infinitespire:ShieldingShard"},{"floor":9,"key":"The Courier"},{"floor":11,"key":"Gambling Chip"},{"floor":14,"key":"Replay:Arrowhead"},{"floor":25,"key":"hubris:Reverence"},{"floor":28,"key":"Replay:Rubber Ducky"},{"floor":31,"key":"Red Mask"},{"floor":39,"key":"CatCart"},{"floor":42,"key":"Pet Ghost"},{"floor":45,"key":"Letter Opener"},{"floor":49,"key":"Pen Nib"}],"event_choices":[{"damage_healed":0,"gold_gain":0,"player_choice":"Take Wound","damage_taken":0,"relics_obtained":["Golden Idol"],"max_hp_gain":0,"max_hp_loss":0,"event_name":"Golden Idol","floor":7,"gold_loss":0,"cards_obtained":["Injury"]},{"damage_healed":0,"gold_gain":0,"player_choice":"Fight","damage_taken":0,"max_hp_gain":0,"max_hp_loss":0,"event_name":"OrinTheCat","floor":39,"gold_loss":0},{"damage_healed":0,"gold_gain":0,"player_choice":"Rummage","damage_taken":0,"relics_obtained":["WarpedTongs"],"max_hp_gain":0,"max_hp_loss":0,"event_name":"Accursed Blacksmith","floor":44,"gold_loss":0,"cards_obtained":["Pain"]}],"is_beta":false,"boss_relics":[{"not_picked":["infinitespire:Cupcake","Honey Jar"],"picked":"Sozu"},{"not_picked":["SacredBark","Runic Dome"],"picked":"Astrolabe"}],"items_purged_floors":[2,21,30],"is_endless":false,"potions_floor_spawned":[3,5,11,16,25,33,39,41,47],"ascension_level":8}}