{"host":"jr9txmeil0uubrvm","time":1609242428,"event":{"mods":["10 clothes from DAL","ATMod(阿瑾Mod)","Act Like it!","Arknights The Spire","BaseMod","Colored Powertips","Gensokyo","Minty Spire (QoL Compilation)","Permanent Neow","Quick Restart","StSLib","The Dragon Tamer","The Wild Card","TheWitcher","【功能Mod】Neow奖励","【功能Mod】强力的原版药水","【功能Mod】精心准备","【遗物Mod】简单游戏","【遗物卡牌】REMEMod","残留之物","没有小屋子和绿帽子啦","魔戒"],"gold_per_floor":[112,37,37,37,54,54,85,96,96,61,12,44,44,62,62,162,162,178,178,178,198,98,126,144,158,158,158,193,212,229,257,257,353,353,366,376,386,406,425,457,475,475,529,557,568,718,718,67,67,167],"floor_reached":51,"playtime":3698,"items_purged":["RingOfDestiny:DivinePenalty","ats:Leaping Hammer","ats:Strike V+1"],"score":1029,"play_id":"e943cac2-1786-49c1-bf85-9dff5ad5fb66","local_time":"20201229194708","is_ascension_mode":false,"campfire_choices":[{"floor":6,"key":"REST"},{"floor":13,"key":"REST"},{"floor":15,"key":"REST"},{"floor":27,"key":"REST"},{"floor":32,"key":"REST"},{"data":"AT_FamilyPortrait","floor":42,"key":"SMITH"},{"floor":49,"key":"REST"}],"circlet_count":0,"master_deck":["ats:Strike G+1","ats:Strike S","ats:Armor Crushing Shot","ats:Defend","ats:Defend","ats:Defend+1","ats:Defend+1","ats:Emotion Absorption","AT_FamilyPortrait+1","ats:Hammer On","theWildCard:Odin","ats:Poison Spread","ats:Powerful Strike","ats:Neurotoxin","ats:Curse Doll+1","ats:Demon Strength","ats:Overload","ats:Explosion Area Strengthen","ats:Wolf Pack","ats:Consecutive Shot Auto","ats:Calcification","ats:Assault Order","ats:Consecutive Shot Auto+1","ats:Shell Defense+1","ats:Roar Of Ursus","ats:Soul Absorption","ats:Red Shift","ats:Red Shift+1","AT_FamilyPortrait+1","ats:Wolf Pack","ats:Flexible Camouflage","Deep Breath"],"relics":["EasyRelic","REME_ComplimentaryCards","AT_ATBox","ats:Sanity Plus","AT_BellDemon","DALC_SIX","WarpedTongs","Whetstone","PreservedInsect","ats:Originium","Lizard Tail","AT_ChloranthyRing","AT_GoldPhoenixTree","Oddly Smooth Stone","Black Star","Bronze Scales","AT_RedTearstoneRing","AT_Kusabimaru","Gambling Chip","DALC_NINE","Regal Pillow","DALC_THREE","Sozu","Centennial Puzzle","Unceasing Top","Bag of Preparation","ats:Ability Aura","AT_BladeRuinedKing","Boot","Omamori","Art of War","Pen Nib","ats:Rhine Circuitry","AT_ImmortalShieldbow","War Paint","AT_BellowingDragoncrestRing","AT_TheCollector","DALC_ONE","Potion Belt","AT_ArchangelStaff","Strawberry"],"acts_visited":["Exordium","TheCity","TheBeyond"],"potions_floor_usage":[7,14,24,25,50],"damage_taken":[{"damage":18,"enemies":"Jaw Worm","floor":1,"turns":2},{"damage":9,"enemies":"2 Louse","floor":5,"turns":4},{"damage":59,"enemies":"Lagavulin","floor":7,"turns":7},{"damage":3,"enemies":"Cultist","floor":8,"turns":4},{"damage":18,"enemies":"3 Sentries","floor":12,"turns":5},{"damage":15,"enemies":"3 Louse","floor":14,"turns":4},{"damage":54,"enemies":"The Guardian","floor":16,"turns":8},{"damage":9,"enemies":"2 Thieves","floor":18,"turns":4},{"damage":12,"enemies":"Shell Parasite","floor":21,"turns":5},{"damage":7,"enemies":"Slavers","floor":23,"turns":3},{"damage":16,"enemies":"Snake Plant","floor":24,"turns":4},{"damage":8,"enemies":"Centurion and Healer","floor":25,"turns":3},{"damage":17,"enemies":"REME_1_Revenger","floor":28,"turns":2},{"damage":0,"enemies":"Shelled Parasite and Fungi","floor":29,"turns":2},{"damage":17,"enemies":"Snecko","floor":30,"turns":4},{"damage":0,"enemies":"Gremlin Leader","floor":31,"turns":3},{"damage":0,"enemies":"Champ","floor":33,"turns":7},{"damage":0,"enemies":"3 Darklings","floor":35,"turns":2},{"damage":15,"enemies":"3 Shapes","floor":36,"turns":2},{"damage":0,"enemies":"Spire Growth","floor":37,"turns":3},{"damage":0,"enemies":"Transient","floor":38,"turns":5},{"damage":0,"enemies":"3 Darklings","floor":39,"turns":3},{"damage":0,"enemies":"Giant Head","floor":40,"turns":3},{"damage":0,"enemies":"Maw","floor":41,"turns":2},{"damage":0,"enemies":"Reptomancer","floor":44,"turns":2},{"damage":0,"enemies":"Sphere and 2 Shapes","floor":45,"turns":2},{"damage":7,"enemies":"Mind Bloom Boss Battle","floor":46,"turns":3},{"damage":0,"enemies":"Time Eater","floor":50,"turns":4}],"seed_played":"5235365810822848048","potions_obtained":[{"floor":5,"key":"Block Potion"},{"floor":12,"key":"LiquidMemories"},{"floor":16,"key":"Explosive Potion"},{"floor":21,"key":"FearPotion"},{"floor":29,"key":"ats:Emergency Sanity Potion"},{"floor":33,"key":"LiquidBronze"}],"is_trial":false,"path_per_floor":["M","$","?","?","M","R","E","M","T","?","?","E","R","M","R","B",null,"M","?","?","M","$","E","M","M","T","R","E","M","M","E","R","B",null,"M","M","M","M","M","E","M","R","T","E","M","?","?","$","R","B",null],"character_chosen":"DOCTOR_CLASS","items_purchased":["AT_ArchangelStaff","Strawberry","ats:Wolf Pack","ats:Flexible Camouflage","Deep Breath"],"campfire_rested":6,"item_purchase_floors":[48,48,48,48,48],"current_hp_per_floor":[54,54,54,54,45,66,7,4,4,22,22,4,25,10,31,20,72,63,63,63,51,51,44,28,20,20,41,24,25,8,9,45,46,72,72,57,57,57,58,58,58,58,58,58,58,51,51,58,79,79],"gold":167,"neow_bonus":"RANDOM_COMMON_RELIC","is_daily":false,"chose_seed":false,"campfire_upgraded":1,"win_rate":0.0,"timestamp":1609242428,"path_taken":["M","$","?","?","?","R","E","M","T","?","?","E","R","M","R","BOSS","M","?","?","M","$","E","M","M","T","R","E","M","?","E","R","BOSS","M","?","M","M","M","E","M","R","T","E","M","?","?","$","R","BOSS"],"items_purchased_type":["Relic","Relic","Card","Card","Card"],"build_version":"2020-12-22","purchased_purges":3,"victory":true,"max_hp_per_floor":[72,72,72,72,72,72,72,72,72,72,72,72,72,72,72,72,72,72,72,72,72,72,72,72,72,72,72,72,72,72,72,72,72,72,72,72,72,72,72,72,72,72,72,72,72,72,72,79,79,79],"card_choices":[{"not_picked":["ats:Apocalypse","ats:Shell Defense"],"picked":"ats:Hammer On","floor":1},{"not_picked":["ats:Revitalization","ats:Apocalypse","ats:Hammer On"],"picked":"SKIP","floor":5},{"not_picked":["ats:Flexible Camouflage","ats:Calcification"],"picked":"ats:Leaping Hammer","floor":7},{"not_picked":["ats:Demon Strength","ats:Charging Defense"],"picked":"ats:Poison Spread","floor":8},{"not_picked":["ats:Song Of Battle","ats:Flexible Camouflage"],"picked":"ats:Powerful Strike","floor":12},{"not_picked":["ats:Revitalization","ats:LN2 Cannon"],"picked":"ats:Neurotoxin","floor":14},{"not_picked":["ats:Poison Spread","ats:Revitalization"],"picked":"ats:Curse Doll+1","floor":18},{"not_picked":["ats:Curse Doll","ats:Automatic Cover"],"picked":"ats:Overload","floor":21},{"not_picked":["ats:Powerful Strike","ats:Curse Doll"],"picked":"ats:Explosion Area Strengthen","floor":23},{"not_picked":["ats:Cat Scratch+1","ats:Explosion Area Strengthen"],"picked":"ats:Wolf Pack","floor":24},{"not_picked":["ats:Magnetic Hammer+1","ats:Neurotoxin"],"picked":"ats:Consecutive Shot Auto","floor":25},{"not_picked":["ats:Ignite","ats:LN2 Cannon"],"picked":"ats:Calcification","floor":28},{"not_picked":["ats:Curse Doll","ats:Automatic Cover"],"picked":"ats:Assault Order","floor":29},{"not_picked":["ats:Hammer On+1","ats:Explosion Area Strengthen"],"picked":"ats:Consecutive Shot Auto+1","floor":30},{"not_picked":["ats:Curse Doll","ats:Consecutive Shot Auto+1"],"picked":"ats:Shell Defense+1","floor":31},{"not_picked":["ats:Soul Rend","ats:Rat Pack"],"picked":"ats:Roar Of Ursus","floor":33},{"not_picked":["ats:Hammer On+1","ats:Burning Ground+1"],"picked":"ats:Soul Absorption","floor":35},{"not_picked":["ats:Cat Scratch","ats:LN2 Cannon","ats:Ignite+1"],"picked":"SKIP","floor":36},{"not_picked":["ats:Powerful Strike+1","ats:Soul Absorption+1"],"picked":"ats:Red Shift","floor":37},{"not_picked":["ats:Chain Hook","ats:Hook Shot","ats:Cat Scratch+1"],"picked":"SKIP","floor":38},{"not_picked":["ats:Poison Spread+1","ats:Apocalypse"],"picked":"ats:Red Shift+1","floor":39},{"not_picked":["ats:Calcification","ats:Durian","ats:Counter Healing Mode"],"picked":"SKIP","floor":40},{"not_picked":["ats:Flexible Camouflage","ats:Overload+1","ats:Part Time Job"],"picked":"SKIP","floor":41},{"not_picked":["ats:Poison Spread+1","ats:Consecutive Shot Auto+1","ats:Leaping Hammer"],"picked":"SKIP","floor":44},{"not_picked":["ats:Curse Doll","ats:Apocalypse","ats:Hammer On"],"picked":"SKIP","floor":45}],"player_experience":393187,"relics_obtained":[{"floor":1,"key":"DALC_SIX"},{"floor":5,"key":"Whetstone"},{"floor":7,"key":"PreservedInsect"},{"floor":7,"key":"ats:Originium"},{"floor":7,"key":"Lizard Tail"},{"floor":8,"key":"AT_ChloranthyRing"},{"floor":9,"key":"AT_GoldPhoenixTree"},{"floor":12,"key":"ats:Originium"},{"floor":12,"key":"Oddly Smooth Stone"},{"floor":23,"key":"ats:Originium"},{"floor":23,"key":"Bronze Scales"},{"floor":23,"key":"AT_RedTearstoneRing"},{"floor":26,"key":"AT_Kusabimaru"},{"floor":28,"key":"ats:Originium"},{"floor":28,"key":"Gambling Chip"},{"floor":28,"key":"DALC_NINE"},{"floor":31,"key":"Regal Pillow"},{"floor":31,"key":"DALC_THREE"},{"floor":35,"key":"Centennial Puzzle"},{"floor":36,"key":"Unceasing Top"},{"floor":37,"key":"Bag of Preparation"},{"floor":38,"key":"ats:Ability Aura"},{"floor":39,"key":"AT_BladeRuinedKing"},{"floor":40,"key":"Boot"},{"floor":40,"key":"Omamori"},{"floor":40,"key":"Art of War"},{"floor":41,"key":"Pen Nib"},{"floor":43,"key":"ats:Rhine Circuitry"},{"floor":44,"key":"AT_ImmortalShieldbow"},{"floor":44,"key":"War Paint"},{"floor":44,"key":"AT_BellowingDragoncrestRing"},{"floor":45,"key":"AT_TheCollector"},{"floor":46,"key":"DALC_ONE"},{"floor":46,"key":"Potion Belt"}],"event_choices":[{"damage_healed":0,"gold_gain":0,"player_choice":"Rummage","damage_taken":0,"relics_obtained":["WarpedTongs"],"max_hp_gain":0,"max_hp_loss":0,"event_name":"Accursed Blacksmith","floor":4,"gold_loss":0,"cards_obtained":["Pain"]},{"damage_healed":18,"gold_gain":0,"player_choice":"Healed","damage_taken":0,"max_hp_gain":0,"max_hp_loss":0,"event_name":"The Cleric","floor":10,"gold_loss":35},{"damage_healed":0,"gold_gain":0,"player_choice":"Left Gold","damage_taken":0,"max_hp_gain":0,"max_hp_loss":0,"event_name":"World of Goop","floor":11,"gold_loss":49},{"damage_healed":0,"gold_gain":0,"cards_transformed":["Pain","ats:Strike C"],"player_choice":"Became Test Subject","damage_taken":0,"max_hp_gain":0,"max_hp_loss":0,"event_name":"Drug Dealer","floor":19,"gold_loss":0,"cards_obtained":["SnafuTest:CurseHeatDeath","ats:Demon Strength"]},{"cards_removed":["SnafuTest:CurseHeatDeath"],"damage_healed":0,"gold_gain":0,"player_choice":"Removed Curses","damage_taken":0,"max_hp_gain":0,"max_hp_loss":0,"event_name":"Fountain of Cleansing","floor":20,"gold_loss":0},{"damage_healed":0,"gold_gain":0,"player_choice":"Fight","damage_taken":0,"max_hp_gain":0,"max_hp_loss":0,"event_name":"MindBloom","floor":46,"gold_loss":0},{"damage_healed":0,"gold_gain":0,"player_choice":"Copied","damage_taken":0,"max_hp_gain":0,"max_hp_loss":0,"event_name":"Duplicator","floor":47,"gold_loss":0,"cards_obtained":["AT_FamilyPortrait"]}],"is_beta":false,"boss_relics":[{"not_picked":["Snecko Eye","Empty Cage"],"picked":"Black Star"},{"not_picked":["PlaceholderMod:LiveLive","Cursed Key"],"picked":"Sozu"}],"items_purged_floors":[2,22,48],"is_endless":false,"potions_floor_spawned":[5,12,16,21,29,33,37,38,39,46],"ascension_level":0}}