{"host":"grli52lbdph2722t","time":1609229150,"event":{"mods":["AchievementEnabler","BaseMod","Downfall","Minty Spire (QoL Compilation)","Quick Restart","StSLib"],"gold_per_floor":[99,114,24,24,24,43,43,63,63,63,163,196,216,246,258,258,258,258],"floor_reached":16,"playtime":840,"items_purged":["Shame"],"score":206,"play_id":"bd43ba10-5271-4e7f-9775-d727163eec82","local_time":"20201229090550","is_ascension_mode":true,"campfire_choices":[{"data":"champ:Taunt","floor":1.0,"key":"SMITH"}],"circlet_count":0,"master_deck":["AscendersBane","champ:Strike","champ:Defend","champ:Defend","champ:Defend","champ:Defend","champ:Execute","champ:Taunt+1","champ:Control","champ:EndlessRage","champ:GladiatorStyle+1","champ:FanOfKnives","champ:FocusedDefense","champ:Devastate"],"relics":["champ:ChampionCrown","FossilizedHelix","champ:LiftRelic","Ice Cream","champ:DuelingGlove","Odd Mushroom","Strawberry","White Beast Statue","Matryoshka"],"acts_visited":["Exordium"],"potions_floor_usage":[12,14,16,16],"damage_taken":[{"damage":9.0,"enemies":"Cultist","floor":2.0,"turns":5.0},{"damage":0.0,"enemies":"downfall:FleeingMerchant","floor":3.0,"turns":4.0},{"damage":2.0,"enemies":"Small Slimes","floor":6.0,"turns":2.0},{"damage":0.0,"enemies":"The Mushroom Lair","floor":8.0,"turns":3.0},{"damage":81.0,"enemies":"downfall:Heads","floor":11.0,"turns":7.0},{"damage":24,"enemies":"Gremlin Nob","floor":12,"turns":4},{"damage":5,"enemies":"2 Louse","floor":13,"turns":2},{"damage":5,"enemies":"Lagavulin","floor":14,"turns":10},{"damage":0,"enemies":"2 Fungi Beasts","floor":15,"turns":3},{"damage":24,"enemies":"downfall:Ironclad","floor":16,"turns":5}],"seed_played":"-436907745418083383","potions_obtained":[{"floor":2.0,"key":"Dexterity Potion"},{"floor":8.0,"key":"SkillPotion"},{"floor":13,"key":"SpeedPotion"},{"floor":14,"key":"champ:UltimateStancePotion"}],"is_trial":false,"path_per_floor":["R","M","$","?","?","M","T","?","?","?","?","E","M","E","M","B"],"character_chosen":"THE_CHAMP","items_purchased":[],"campfire_rested":0,"item_purchase_floors":[],"current_hp_per_floor":[81,80,85,85,73,75,75,75,75,82,35,16,11,16,21,0,0,0],"gold":258,"neow_bonus":"ONE_RARE_RELIC","is_daily":false,"chose_seed":false,"campfire_upgraded":1,"win_rate":0.0,"timestamp":1609229150,"path_taken":["R","M","$","?","?","M","T","?","?","?","?","E","M","E","M","BOSS"],"items_purchased_type":[],"build_version":"2020-12-22","purchased_purges":1,"victory":false,"max_hp_per_floor":[90,90,90,90,90,90,90,90,90,97,97,97,97,97,97,97,97,97],"card_choices":[{"not_picked":["champ:RageSigil","champ:Riposte"],"picked":"champ:Control","floor":2.0},{"not_picked":["champ:DefensiveShout","champ:RageSigil","champ:FocusedGladiator"],"picked":"SKIP","floor":3.0},{"not_picked":["champ:HeartStrike","champ:FocusedDefense"],"picked":"champ:EndlessRage","floor":6.0},{"not_picked":["champ:ArenaPreparation","champ:StanceDance"],"picked":"champ:GladiatorStyle","floor":8.0},{"not_picked":["champ:RecklessLeap","champ:Encircle"],"picked":"champ:FanOfKnives","floor":11.0},{"not_picked":["champ:Haymaker","champ:EndlessRage"],"picked":"champ:Devastate","floor":12},{"not_picked":["champ:FocusedBerserking","champ:EnragedBash","champ:Encircle"],"picked":"SKIP","floor":13},{"not_picked":["champ:Shatter","champ:BringItOn","champ:PreciseThrust"],"picked":"SKIP","floor":14},{"not_picked":["champ:BringItOn","champ:ShieldWall","champ:FlashCut"],"picked":"SKIP","floor":15}],"player_experience":4927115,"relics_obtained":[{"floor":7.0,"key":"champ:DuelingGlove"},{"floor":8.0,"key":"Odd Mushroom"},{"floor":12,"key":"White Beast Statue"},{"floor":14,"key":"Matryoshka"}],"event_choices":[{"damage_healed":0.0,"max_hp_gain":0.0,"max_hp_loss":0.0,"gold_gain":0.0,"event_name":"Scrap Ooze","player_choice":"Success","floor":5.0,"gold_loss":0.0,"damage_taken":12.0,"relics_obtained":["Ice Cream"]},{"damage_healed":0.0,"max_hp_gain":0.0,"max_hp_loss":0.0,"gold_gain":0.0,"event_name":"Mushrooms","player_choice":"Fought Mushrooms","floor":8.0,"gold_loss":0.0,"damage_taken":0.0}],"is_beta":false,"boss_relics":[],"items_purged_floors":[3],"is_endless":false,"potions_floor_spawned":[2,8,13,14,15],"killed_by":"downfall:Ironclad","ascension_level":11}}