{"host":"h7xtspmc2x3i8s2i","time":1609232372,"event":{"mods":["2.2 Compatiblity","AchievementEnabler","Act Like it!","AlwaysNeverKeys","Aspiration","Astrologer","BaseMod","Beaked The Cultist","Bestiary","Better Altar","Better Match","Better Note","Better Sensory Stone","Better Skull","Better Third Choice","Better Vampires","Better-Laid Plans","BetterRewards","Challenge The Spire","Colored Map","Colored Powertips","Colorless Booster Pack","Curses Come First","Defuse TimeMaze Blight","Dio Mod","Disable Question Mark Monsters","Downfall","Duelist Mod","EXCEPTION","Emptier Cage","Energized Spire","Friendly Minions","GifTheSpireLib","Gold Saver","Gremlin Skip","Halation","Hubris","Ironclad Rager","Jedi Mod","Key Reminder","Marked Mod","Minty Spire (QoL Compilation)","Permanent Neow","Potion Indicator Mod","Quick Restart","Random Character Button","Random Character Mod","Rare Cards Sparkle","Relic Filter","Relic Stats","Replay The Spire","SacredBarkPlus","Shop Mod","Somnambulant","Spicy Shops","Spikes Relics","Spire Birthday Party","StSLib","Steal the Spire","Stuff the Spire","SuperFastMode","The Awakened One except there are too many feathers","The Blue Laboratory","The Cursed","The Death Knight","The Dragon Tamer","The Edgeheg","The Hierophant","The Problem Sleuth","The Runesmith","The Wild Card","TheVelvet","Transform Curses","Uncapped","Unceasing Turn Reminder","Virulent Crown","everything is the same but u backflip on backflip","slay the spire mod where everything is the same but ironclad has a cowboy hat","vexMod"],"gold_per_floor":[1380,1380,1380,1380,1390,1390,1402,1415,1415,1466,648,648,667,681,681,784,784,802,802,818,835,835,835,47,47,100,82,82,114,114,128,128,224,224,234,254,277,277,292,318,318,350,350,450,450,450,468,478,478,488,488,488,29,64,89],"floor_reached":56,"playtime":2961,"items_purged":["theDuelist:JerryBeansMan","theDuelist:JerryBeansMan"],"score":1365,"play_id":"1efc539c-f15b-4197-803b-7862348ef9ef","local_time":"20201229035932","is_ascension_mode":false,"campfire_choices":[{"floor":6,"key":"RECALL"},{"floor":12,"key":"REST"},{"data":"theDuelist:EvilMind","floor":15,"key":"SMITH"},{"floor":23,"key":"REST"},{"data":"theDuelist:YellowBelliedOni","floor":25,"key":"SMITH"},{"data":"theDuelist:OjamaTrio","floor":28,"key":"SMITH"},{"data":"theWildCard:Loki","floor":32,"key":"SMITH"},{"data":"theDuelist:WhiteHowling","floor":41,"key":"SMITH"},{"floor":49,"key":"REST"},{"data":"Madness","floor":52,"key":"SMITH"}],"circlet_count":0,"master_deck":["theDuelist:OjamaEmperor+1","theDuelist:Mudballman","theDuelist:RainbowDragon+1","theDuelist:YellowBelliedOni+1","theDuelist:AngelTrumpeter+1","theDuelist:FiveHeaded+1","theDuelist:MillenniumScorpion+1","theDuelist:MindAir","Madness+1","theDuelist:DarkworldThorns","theDuelist:WhiteHowling+1","Panacea","theDuelist:RainbowDragon+1","Madness","theDuelist:DarkMagicianGirl","theDuelist:IrisEarthMother+1","theDuelist:CyberDragonVier+1","theDuelist:RedEyesZombie+1","theDuelist:OjamaTrio+1","theDuelist:CyberDragonDrei+1","theDuelist:AncientPixieDragon+1","theWildCard:Loki+1","theDuelist:WormWarlord","theDuelist:DreadnoughtDreadnoid","theDuelist:EvilMind+1","theDuelist:OjamaYellow","StuffTheSpire:PlasmaPunch","theDuelist:Inmato","theDuelist:CactusBouncer","theDuelist:MetalDragon+1","theDuelist:GravityLash+1","theDuelist:PotGenerosity+1","theDuelist:SliferSky","theDuelist:Ojamassimilation+1"],"relics":["theDuelist:MillenniumPuzzle","theDuelist:CardPoolRelic","theDuelist:CardPoolBasicRelic","theDuelist:BoosterPackPoolRelic","theDuelist:CardPoolAddRelic","theDuelist:CardPoolMinusRelic","theDuelist:CardPoolSaveRelic","theDuelist:CardPoolOptionsRelic","Shovel","champ:DuelingGlove","theDuelist:ResummonBranch","StuffTheSpire:CocoNut","RollingBoulder","MerchantsRug","sneckomod:BlankCard","Ice Cream","Akabeko","halation:AfternoonTea","theDuelist:DuelistUrn","StuffTheSpire:Wildfire","Black Star","hubris:BallOfYels","theDuelist:ZombieRelic","theDuelist:DuelistOrichalcum","aspiration:Lifesprig","jedi:bottledfury","Guardian:PocketSentry","StuffTheSpire:Expresso","StuffTheSpire:Experiment12"],"acts_visited":["Exordium","TheCity","TheBeyond","TheEnding"],"potions_floor_usage":[8,16,16,29,36,50,55],"damage_taken":[{"damage":0,"enemies":"Jaw Worm","floor":1,"turns":4},{"damage":0,"enemies":"Small Slimes","floor":5,"turns":2},{"damage":0,"enemies":"2 Louse","floor":7,"turns":2},{"damage":0,"enemies":"2 Fungi Beasts","floor":8,"turns":2},{"damage":29,"enemies":"2 Fungi Beasts","floor":10,"turns":12},{"damage":7,"enemies":"3 Louse","floor":13,"turns":2},{"damage":4,"enemies":"Gremlin Gang","floor":14,"turns":5},{"damage":2,"enemies":"Slime Boss","floor":16,"turns":4},{"damage":7,"enemies":"2 Thieves","floor":18,"turns":4},{"damage":7,"enemies":"Shell Parasite","floor":20,"turns":4},{"damage":13,"enemies":"Snake Plant","floor":21,"turns":4},{"damage":17,"enemies":"Slavers","floor":29,"turns":6},{"damage":8,"enemies":"Shelled Parasite and Fungi","floor":31,"turns":3},{"damage":0,"enemies":"Automaton","floor":33,"turns":5},{"damage":9,"enemies":"3 Shapes","floor":35,"turns":2},{"damage":0,"enemies":"Orb Walker","floor":36,"turns":3},{"damage":17,"enemies":"Writhing Mass","floor":39,"turns":5},{"damage":0,"enemies":"Giant Head","floor":40,"turns":7},{"damage":11,"enemies":"Reptomancer","floor":42,"turns":4},{"damage":0,"enemies":"Transient","floor":47,"turns":5},{"damage":9,"enemies":"4 Shapes","floor":48,"turns":2},{"damage":7,"enemies":"Awakened One","floor":50,"turns":5},{"damage":11,"enemies":"Shield and Spear","floor":54,"turns":5},{"damage":17,"enemies":"The Heart","floor":55,"turns":8}],"seed_played":"5163847950988037002","potions_obtained":[{"floor":1,"key":"theDuelist:SummonArmorPotion"},{"floor":5,"key":"Energy Potion"},{"floor":14,"key":"theDuelist:TokenPotion"},{"floor":18,"key":"theDuelist:MagicalCauldron"},{"floor":21,"key":"theDuelist:CoolBottle"},{"floor":33,"key":"theDuelist:FlamingBottle"},{"floor":36,"key":"blueLaboratory:PhilterOfMotion"},{"floor":40,"key":"FairyPotion"},{"floor":42,"key":"theDuelist:Bonebrew"},{"floor":54,"key":"blueLaboratory:FrostheartPotion"}],"is_trial":false,"path_per_floor":["M","?","?","?","M","R","M","M","T","?","$","R","M","M","R","B",null,"M","?","M","M","?","R","$","R","T","$","R","E","?","M","R","B",null,"M","M","T","?","M","E","R","E","T","?","?","?","M","M","R","B",null,"R","$","E","B",null],"character_chosen":"THE_DUELIST","items_purchased":["StuffTheSpire:CocoNut","RollingBoulder","MerchantsRug","StuffTheSpire:PlasmaPunch","theDuelist:YellowBelliedOni","theDuelist:OjamaTrio","sneckomod:BlankCard","Ice Cream","theDuelist:WhiteHowling","halation:AfternoonTea","theDuelist:DarkMagicianGirl","theDuelist:SliferSky","StuffTheSpire:Expresso"],"campfire_rested":3,"item_purchase_floors":[11,11,11,11,24,24,24,24,24,27,27,53,53],"current_hp_per_floor":[80,80,85,85,85,85,85,85,85,56,63,90,83,79,79,77,92,85,85,78,65,65,92,92,92,92,92,92,75,75,67,67,69,92,83,83,83,83,66,72,72,69,69,33,33,21,25,18,45,73,92,92,92,85,72],"gold":89,"neow_bonus":"UPGRADE_CARD","is_daily":false,"chose_seed":false,"campfire_upgraded":6,"win_rate":0.0,"timestamp":1609232372,"path_taken":["M","?","?","?","M","R","M","M","T","?","$","R","M","?","R","BOSS","M","?","M","?","?","R","$","R","T","$","R","E","?","M","R","BOSS","M","M","?","?","?","E","R","E","T","?","?","?","M","M","R","BOSS","R","$","E","BOSS"],"items_purchased_type":["Relic","Relic","Relic","Card","Card","Card","Relic","Relic","Card","Relic","Card","Card","Relic"],"build_version":"2020-12-22","purchased_purges":2,"victory":true,"max_hp_per_floor":[80,80,85,85,85,85,85,85,85,85,92,92,92,92,92,92,92,92,92,92,92,92,92,92,92,92,92,92,92,92,92,92,92,92,92,92,92,92,92,92,92,92,92,92,92,92,92,92,92,92,92,92,92,92,92],"relic_stats":{"Shovel":0,"counters":[24,104],"Black Star":3,"obtain_stats":[{"Ice Cream":24,"champ:DuelingGlove":10,"hubris:BallOfYels":37,"theDuelist:DuelistOrichalcum":40,"aspiration:Lifesprig":42,"sneckomod:BlankCard":24,"theDuelist:MillenniumPuzzle":0,"jedi:bottledfury":42,"StuffTheSpire:Experiment12":54,"theDuelist:BoosterPackPoolRelic":0,"Shovel":10,"theDuelist:ZombieRelic":40,"RollingBoulder":11,"theDuelist:CardPoolAddRelic":0,"theDuelist:CardPoolOptionsRelic":0,"theDuelist:CardPoolRelic":0,"MerchantsRug":11,"theDuelist:ResummonBranch":10,"StuffTheSpire:Expresso":53,"StuffTheSpire:Wildfire":30,"Guardian:PocketSentry":43,"theDuelist:CardPoolSaveRelic":0,"Akabeko":26,"keyreminder:keyreminder":6,"theDuelist:CardPoolMinusRelic":0,"theDuelist:CardPoolBasicRelic":0,"StuffTheSpire:CocoNut":11,"Pandora\u0027s Box":17,"theDuelist:DuelistUrn":29,"Black Star":34,"halation:AfternoonTea":27},{"Ice Cream":11,"champ:DuelingGlove":5,"hubris:BallOfYels":16,"theDuelist:DuelistOrichalcum":18,"aspiration:Lifesprig":19,"sneckomod:BlankCard":11,"theDuelist:MillenniumPuzzle":0,"jedi:bottledfury":19,"StuffTheSpire:Experiment12":23,"theDuelist:BoosterPackPoolRelic":0,"Shovel":5,"theDuelist:ZombieRelic":18,"RollingBoulder":5,"theDuelist:CardPoolAddRelic":0,"theDuelist:CardPoolOptionsRelic":0,"theDuelist:CardPoolRelic":0,"MerchantsRug":5,"theDuelist:ResummonBranch":5,"StuffTheSpire:Expresso":22,"StuffTheSpire:Wildfire":12,"Guardian:PocketSentry":19,"theDuelist:CardPoolSaveRelic":0,"Akabeko":11,"keyreminder:keyreminder":2,"theDuelist:CardPoolMinusRelic":0,"theDuelist:CardPoolBasicRelic":0,"StuffTheSpire:CocoNut":5,"Pandora\u0027s Box":8,"theDuelist:DuelistUrn":12,"Black Star":14,"halation:AfternoonTea":11},{"Ice Cream":44,"champ:DuelingGlove":21,"hubris:BallOfYels":63,"theDuelist:DuelistOrichalcum":75,"aspiration:Lifesprig":79,"sneckomod:BlankCard":44,"theDuelist:MillenniumPuzzle":0,"jedi:bottledfury":79,"StuffTheSpire:Experiment12":96,"theDuelist:BoosterPackPoolRelic":0,"Shovel":21,"theDuelist:ZombieRelic":75,"RollingBoulder":21,"theDuelist:CardPoolAddRelic":0,"theDuelist:CardPoolOptionsRelic":0,"theDuelist:CardPoolRelic":0,"MerchantsRug":21,"theDuelist:ResummonBranch":21,"StuffTheSpire:Expresso":91,"StuffTheSpire:Wildfire":50,"Guardian:PocketSentry":79,"theDuelist:CardPoolSaveRelic":0,"Akabeko":44,"keyreminder:keyreminder":6,"theDuelist:CardPoolMinusRelic":0,"theDuelist:CardPoolBasicRelic":0,"StuffTheSpire:CocoNut":21,"Pandora\u0027s Box":32,"theDuelist:DuelistUrn":50,"Black Star":58,"halation:AfternoonTea":44}]},"card_choices":[{"not_picked":["theDuelist:BlackBrutdrago","theDuelist:BlackTyranno","theDuelist:DarkDriceratops","theDuelist:DarkHorus"],"picked":"theDuelist:EvilMind","floor":1},{"not_picked":["theDuelist:MirageDragon","theDuelist:GuardragonJusticia","theDuelist:MegafleetDragon","theDuelist:SpiralSpearStrike","theDuelist:AmuletDragon"],"picked":"SKIP","floor":5},{"not_picked":["theDuelist:DarkMagician","theDuelist:OjamaKnight","theDuelist:FlyingSaucer","theDuelist:AquaDolphin"],"picked":"theDuelist:MindAir","floor":7},{"not_picked":["theDuelist:LesserDragon","theDuelist:RainbowNeos","theDuelist:SummonedSkull","theDuelist:VeilDarkness"],"picked":"theDuelist:OjamaYellow","floor":8},{"not_picked":["theDuelist:LightningVortex","theDuelist:OneForOne","theDuelist:RainbowOverdragon","theDuelist:PotDichotomy"],"picked":"theDuelist:WormWarlord","floor":10},{"not_picked":["theDuelist:BlackStego","theDuelist:Anthrosaurus","theDuelist:RedRisingDragon","theDuelist:OnslaughtFireKings","theDuelist:Hydrogeddon"],"picked":"SKIP","floor":13},{"not_picked":["Dramatic Entrance","Sadistic Nature","Trip"],"picked":"Panacea","floor":14},{"not_picked":["theDuelist:KamionTimelord","theDuelist:RainbowDragon","theDuelist:DunamesDarkWitch","theDuelist:RainbowFlower"],"picked":"theDuelist:IrisEarthMother","floor":16},{"not_picked":["theDuelist:HappyLover+1","theDuelist:DunamesDarkWitch","theDuelist:RainbowNeos","theDuelist:RainbowFlower"],"picked":"theDuelist:RainbowDragon","floor":18},{"not_picked":["theDuelist:DarkMagician","theDuelist:RedRisingDragon","theDuelist:DunamesDarkWitch","theDuelist:CyberneticOverflow"],"picked":"theDuelist:RainbowDragon","floor":20},{"not_picked":["theDuelist:TwinHeadedFire+1","theDuelist:BabyDragon","theDuelist:Beatraptor","theDuelist:DarkfireDragon"],"picked":"theDuelist:AncientPixieDragon","floor":21},{"not_picked":["theDuelist:KingYami","theDuelist:DarkHorus","theDuelist:Earthquake","theDuelist:Carboneddon"],"picked":"theDuelist:CyberDragonVier","floor":29},{"not_picked":["theDuelist:TwinBarrelDragon","theDuelist:GiantOrc","theDuelist:FiendMegacyber+1","theDuelist:StampingDestruction"],"picked":"theDuelist:CyberDragonDrei","floor":31},{"not_picked":["theDuelist:BlackTyranno+1","theDuelist:DoomkaiserDragon+1"],"picked":"theDuelist:MetalDragon+1","floor":35},{"not_picked":["theDuelist:QueenDragunDjinn","theDuelist:SeismicShockwave","theDuelist:WaterDragon+1","theDuelist:Tierra+1","theDuelist:KamionTimelord+1"],"picked":"SKIP","floor":36},{"not_picked":["theDuelist:ViceDragon+1","theDuelist:DarkTinker","theDuelist:MysticalElf+1","theDuelist:KingYami"],"picked":"theDuelist:Mudballman","floor":39},{"not_picked":["theDuelist:MudragonSwamp+1","theDuelist:PowerGiant+1","theDuelist:RedHeadedOni","theDuelist:ReleaseFromStone"],"picked":"theDuelist:MillenniumScorpion+1","floor":40},{"not_picked":["theDuelist:BarrelDragon+1","theDuelist:GiantRex+1","theDuelist:TrihornedDragon+1","theDuelist:BlackTyranno+1","theDuelist:MadSwordBeast+1"],"picked":"SKIP","floor":42},{"not_picked":["theDuelist:BlueDuston","theDuelist:Lancephorhynchus+1","theDuelist:QueenDragunDjinn","theDuelist:SwordsConcealing+1"],"picked":"theDuelist:OjamaEmperor+1","floor":44},{"not_picked":["theDuelist:SpiralSpearStrike+2","theDuelist:Scapegoat","theDuelist:CircleFireKings","theDuelist:LostWorld"],"picked":"theDuelist:GravityLash+1","floor":47},{"not_picked":["theDuelist:MudragonSwamp","theDuelist:ReinforcementsArmy+1","theDuelist:ForbiddenLance+1","theDuelist:SmashingGround"],"picked":"theDuelist:PotGenerosity+1","floor":48},{"not_picked":["theDuelist:StampingDestruction+9","theDuelist:Dracocension+1","theDuelist:DragonRavine+1","theDuelist:Mountain+1"],"picked":"theDuelist:Ojamassimilation+1","floor":54}],"player_experience":616636,"relics_obtained":[{"floor":10,"key":"Shovel"},{"floor":10,"key":"champ:DuelingGlove"},{"floor":10,"key":"theDuelist:ResummonBranch"},{"floor":26,"key":"Akabeko"},{"floor":29,"key":"theDuelist:DuelistUrn"},{"floor":37,"key":"hubris:BallOfYels"},{"floor":40,"key":"theDuelist:ZombieRelic"},{"floor":40,"key":"theDuelist:DuelistOrichalcum"},{"floor":42,"key":"aspiration:Lifesprig"},{"floor":42,"key":"jedi:bottledfury"},{"floor":43,"key":"Guardian:PocketSentry"},{"floor":54,"key":"StuffTheSpire:Experiment12"}],"event_choices":[{"damage_healed":0,"gold_gain":0,"player_choice":"Leave","duelist":true,"damage_taken":0,"max_hp_gain":0,"max_hp_loss":0,"event_name":"Tomb of the Nameless","floor":2,"gold_loss":0},{"damage_healed":0,"gold_gain":0,"player_choice":"Donut","damage_taken":0,"max_hp_gain":5,"max_hp_loss":0,"event_name":"Big Fish","floor":3,"gold_loss":0},{"damage_healed":0,"gold_gain":0,"player_choice":"Fight","duelist":true,"damage_taken":0,"max_hp_gain":0,"max_hp_loss":0,"event_name":"Battle City","floor":10,"gold_loss":0},{"damage_healed":0,"gold_gain":0,"player_choice":"Leave","duelist":true,"damage_taken":0,"max_hp_gain":0,"max_hp_loss":0,"event_name":"Relic Duplicator","floor":19,"gold_loss":0},{"damage_healed":0,"gold_gain":0,"cards_transformed":["theDuelist:SoulCharge"],"player_choice":"Transformed","damage_taken":0,"max_hp_gain":0,"max_hp_loss":0,"event_name":"Transmorgrifier","floor":22,"gold_loss":0,"cards_obtained":["theDuelist:FiveHeaded"]},{"cards_removed":["theDuelist:CyberEmergency"],"damage_healed":0,"gold_gain":0,"player_choice":"Gave Card","damage_taken":0,"relics_obtained":["StuffTheSpire:Wildfire"],"max_hp_gain":0,"max_hp_loss":0,"event_name":"WeMeetAgain","floor":30,"gold_loss":0},{"damage_healed":0,"gold_gain":0,"player_choice":"Forge","damage_taken":0,"max_hp_gain":0,"max_hp_loss":0,"event_name":"Accursed Blacksmith","floor":38,"gold_loss":0,"cards_upgraded":["theDuelist:AncientPixieDragon"]},{"damage_healed":0,"gold_gain":3,"player_choice":"1","damage_taken":0,"max_hp_gain":0,"max_hp_loss":0,"event_name":"betterStone:BetterStone","floor":45,"gold_loss":0},{"damage_healed":0,"gold_gain":0,"player_choice":"Embrace Madness","damage_taken":12,"max_hp_gain":0,"max_hp_loss":0,"event_name":"Winding Halls","floor":46,"gold_loss":0,"cards_obtained":["Madness","Madness"]}],"is_beta":false,"boss_relics":[{"not_picked":["energizedSpire:MagnifyingGlass","Empty Cage"],"picked":"Pandora\u0027s Box"},{"not_picked":["energizedSpire:NeverEndingSparkler","theDuelist:HauntedRelic"],"picked":"Black Star"}],"items_purged_floors":[11,11],"is_endless":false,"potions_floor_spawned":[1,5,14,18,21,33,35,36,40,42,54],"ascension_level":0}}