{"host":"hn5ue0hgikd0sqnx","time":1609256728,"event":{"mods":["AchievementEnabler","Astrologer","Bard","BaseMod","Colored Map","Conspire","Curses Come First","Downfall","GifTheSpireLib","Gremlin Mod","Hermit","Hubris","Infinite Spire","LagranYue(???·?)","Marisa????????","Mimic Mod","Minty Spire (QoL Compilation)","Potionbrewer","Random Character Mod","Rare Cards Sparkle","Relic Stats","Remilia??????","Replay The Spire","StSLib","Td1madao Mod","The Animator","The Bug Knight","The Construct","The Elementalist","The Gatherer","The Hierophant","The Judge","The Mystic","The Problem Sleuth","The Runesmith","The Senshi","The Servant 0.9.4","The Spell Scribe","The Wild Card","The Witch","TheArtist","TheBandit","TheFirefly","Yuyuko"],"gold_per_floor":[118,118,131,151,169,204,223,223,223],"floor_reached":8,"playtime":1064,"items_purged":[],"score":60,"play_id":"f32b477b-3eaa-4536-a6d2-ebe32e0ad5bd","local_time":"20201229094528","is_ascension_mode":false,"campfire_choices":[],"circlet_count":0,"master_deck":["theWildCard:BasicStrike","theWildCard:BasicStrike+1","theWildCard:BasicStrike","theWildCard:BasicStrike","theWildCard:BasicDefend","theWildCard:BasicDefend","theWildCard:BasicDefend","theWildCard:BasicDefend","theWildCard:Arsene","theWildCard:StingingStrike+1","theWildCard:MaskChange","theWildCard:Michael","theWildCard:Attunement","theWildCard:PaleRider","theWildCard:StingingStrike"],"relics":["theWildCard:VelvetContract","LagranYue:RandomDrawCardRelic","Whetstone"],"acts_visited":["Exordium"],"potions_floor_usage":[7,8],"damage_taken":[{"damage":7,"enemies":"conspire:RoseBush","floor":1,"turns":3},{"damage":0,"enemies":"Cultist","floor":3,"turns":4},{"damage":0,"enemies":"Jaw Worm","floor":4,"turns":3},{"damage":8,"enemies":"conspire:2 RoseBushes","floor":5,"turns":5},{"damage":15,"enemies":"HollowMod:MossKnight","floor":6,"turns":13},{"damage":11,"enemies":"Large Slime","floor":7,"turns":2},{"damage":0,"enemies":"3 Sentries","floor":8,"turns":1}],"seed_played":"7322917425139203688","potions_obtained":[{"floor":1,"key":"potionbrewer:CleansingPotion"},{"floor":4,"key":"Adrenaline Potion"},{"floor":6,"key":"infinitespire:BlackPotion"},{"floor":7,"key":"potionbrewer:BoundlessPotion"}],"is_trial":true,"path_per_floor":["M","?","M","M","M","E","M","E"],"character_chosen":"THE_WILD_CARD","items_purchased":[],"campfire_rested":0,"item_purchase_floors":[],"current_hp_per_floor":[53,53,53,53,45,30,19,19,19],"gold":223,"neow_bonus":"","is_daily":false,"chose_seed":false,"campfire_upgraded":0,"win_rate":0.0,"timestamp":1609256728,"path_taken":["M","?","?","M","M","E","M","E"],"items_purchased_type":[],"build_version":"2020-12-22","purchased_purges":0,"victory":false,"max_hp_per_floor":[60,60,60,60,60,60,60,60,60],"relic_stats":{"counters":[7,31],"Whetstone":["theWildCard:BasicStrike","theWildCard:StingingStrike"],"obtain_stats":[{"theWildCard:VelvetContract":0,"LagranYue:RandomDrawCardRelic":0,"Whetstone":6},{"theWildCard:VelvetContract":0,"LagranYue:RandomDrawCardRelic":0,"Whetstone":5},{"theWildCard:VelvetContract":0,"LagranYue:RandomDrawCardRelic":0,"Whetstone":28}]},"card_choices":[{"not_picked":["theWildCard:Impatience","theWildCard:Unburden"],"picked":"theWildCard:StingingStrike","floor":1},{"not_picked":["theWildCard:SacrificialStroke","theWildCard:MasterPlan"],"picked":"theWildCard:MaskChange","floor":3},{"not_picked":["theWildCard:SeveringSlash","theWildCard:Providence"],"picked":"theWildCard:Michael","floor":4},{"not_picked":["theWildCard:SacrificialStroke","theWildCard:MagicalMight"],"picked":"theWildCard:Attunement","floor":5},{"not_picked":["theWildCard:ArcaneArts","theWildCard:Proficiency"],"picked":"theWildCard:PaleRider","floor":6},{"not_picked":["theWildCard:Proficiency","theWildCard:ShieldOfMany"],"picked":"theWildCard:StingingStrike","floor":7}],"player_experience":29467,"relics_obtained":[{"floor":6,"key":"Whetstone"}],"event_choices":[{"cards_removed":["theWildCard:CallToAdventure"],"damage_healed":0,"gold_gain":0,"player_choice":"Offered Basic","damage_taken":0,"max_hp_gain":0,"max_hp_loss":0,"event_name":"Bonfire Elementals","floor":2,"gold_loss":0}],"is_beta":false,"boss_relics":[],"items_purged_floors":[],"is_endless":false,"potions_floor_spawned":[1,4,6,7],"killed_by":"3 Sentries","ascension_level":0}}