{"host":"7r6bd5ce6zscnmwq","time":1609224322,"event":{"mods":["BaseMod","Better Altar","Better Match","Better Note","Better Sensory Stone","Better Skull","Better Third Choice","Better Vampires","Block Reminder","Colored Powertips","Displayed Cursed Tome","Minty Spire (QoL Compilation)","Permanent Neow","Quick Restart","Shop Mod","Spicy Shops","StSLib","The Marked"],"gold_per_floor":[117,137,137,154,20,45,59,59,85,110,128,128,138,171,171,267,267,286,286,305,6,6,6,6,6],"floor_reached":24,"playtime":1565,"items_purged":["theMarked:Defend","theMarked:KeepCalmAndFightOn"],"score":274,"play_id":"63110c58-9bb6-406d-af34-9cdd67b20a07","local_time":"20201229154522","is_ascension_mode":true,"campfire_choices":[{"floor":8.0,"key":"REST"},{"floor":12,"key":"REST"},{"data":"theMarked:HeightenedSenses","floor":15,"key":"SMITH"},{"data":"theMarked:SelfDefenseTraining","floor":23,"key":"SMITH"}],"circlet_count":0,"master_deck":["theMarked:SoldierOfQuellstein+1","theMarked:SwordAndMagic","theMarked:TakeCover","theMarked:ResourceFulStrike","theMarked:CreepingChasm","theMarked:HeightenedSenses+1","theMarked:Levitate","theMarked:ParalyzingBlade","theMarked:Challenge","theMarked:PowerFlow","theMarked:Convert","theMarked:Levitate","theMarked:SwordAndMagic","theMarked:SuspiciousRaven","theMarked:MagicAdept","theMarked:DispelDoubt","theMarked:Overthink","theMarked:ComboAttacks","theMarked:SelfDefenseTraining+1","J.A.X."],"relics":["theMarked:ArtifactOfAir","PreservedInsect","Omamori","Dream Catcher","Regal Pillow","MealTicket","Happy Flower","Pandora\u0027s Box","The Courier"],"acts_visited":["Exordium","TheCity"],"potions_floor_usage":[16,24],"damage_taken":[{"damage":1.0,"enemies":"Cultist","floor":1.0,"turns":4.0},{"damage":5.0,"enemies":"Small Slimes","floor":2.0,"turns":3.0},{"damage":6.0,"enemies":"Jaw Worm","floor":4.0,"turns":3.0},{"damage":0.0,"enemies":"3 Sentries","floor":6.0,"turns":4.0},{"damage":16.0,"enemies":"Large Slime","floor":7.0,"turns":4.0},{"damage":19,"enemies":"Lagavulin","floor":10,"turns":5},{"damage":5,"enemies":"Looter","floor":11,"turns":3},{"damage":0,"enemies":"3 Louse","floor":13,"turns":3},{"damage":3,"enemies":"3 Sentries","floor":14,"turns":5},{"damage":17,"enemies":"Slime Boss","floor":16,"turns":7},{"damage":15,"enemies":"2 Thieves","floor":18,"turns":4},{"damage":0,"enemies":"Chosen","floor":20,"turns":3},{"damage":43,"enemies":"Gremlin Leader","floor":24,"turns":6}],"seed_played":"-4744105895031917497","potions_obtained":[{"floor":2.0,"key":"Fire Potion"},{"floor":4.0,"key":"AttackPotion"},{"floor":13,"key":"ColorlessPotion"},{"floor":14,"key":"Weak Potion"}],"is_trial":false,"path_per_floor":["M","M","?","M","$","E","M","R","T","E","M","R","M","E","R","B",null,"M","?","M","$","?","R","E"],"character_chosen":"THE_DEFAULT","items_purchased":["Omamori","theMarked:ComboAttacks","theMarked:SelfDefenseTraining"],"campfire_rested":2,"item_purchase_floors":[5,21,21],"current_hp_per_floor":[69,64,64,58,58,58,42,63,63,44,39,70,70,67,67,50,70,55,55,55,70,70,70,27,27],"gold":6,"neow_bonus":"RANDOM_COMMON_RELIC","is_daily":false,"chose_seed":false,"campfire_upgraded":2,"win_rate":0.0,"timestamp":1609224322,"path_taken":["M","M","?","M","$","E","M","R","T","E","?","R","M","E","R","BOSS","M","?","M","$","?","R","E"],"items_purchased_type":["Relic","Card","Card"],"build_version":"2020-12-22","purchased_purges":2,"victory":false,"max_hp_per_floor":[70,70,70,70,70,70,70,70,70,70,70,70,70,70,70,70,70,70,70,70,70,70,70,70,70],"card_choices":[{"not_picked":["theMarked:Improvise","theMarked:MagicAdept","theMarked:Frustration"],"picked":"SKIP","floor":1.0},{"not_picked":["theMarked:EmpowerWeapon","theMarked:MysticalArsenal"],"picked":"theMarked:SwordAndMagic","floor":2.0},{"not_picked":["theMarked:SwordAndMagic","theMarked:MagicAdept"],"picked":"theMarked:TakeCover","floor":4.0},{"not_picked":["theMarked:Frustration","theMarked:Improvise"],"picked":"theMarked:ResourceFulStrike","floor":6.0},{"not_picked":["theMarked:BanishingStrike","theMarked:WastefulAttack"],"picked":"theMarked:CreepingChasm","floor":7.0},{"not_picked":["theMarked:Snap","theMarked:BanishingStrike"],"picked":"theMarked:HeightenedSenses","floor":8.0},{"not_picked":["theMarked:Frustration","theMarked:RepellingDischarge","theMarked:ChainLightning"],"picked":"SKIP","floor":10},{"not_picked":["theMarked:Aftermath","theMarked:Electrocute"],"picked":"theMarked:Levitate","floor":11},{"not_picked":["theMarked:WardOff","theMarked:BanishingStrike"],"picked":"theMarked:ParalyzingBlade","floor":12},{"not_picked":["theMarked:ParalyzingBlade","theMarked:Panic","theMarked:SwordAndMagic"],"picked":"SKIP","floor":13},{"not_picked":["theMarked:Panic","theMarked:SwordAndMagic","theMarked:RepellingDischarge"],"picked":"SKIP","floor":14},{"not_picked":["theMarked:MuscleMemory","theMarked:TakeOffHeels"],"picked":"theMarked:Challenge","floor":16},{"not_picked":["theMarked:SwordAndMagic","theMarked:Panic","theMarked:EmpowerWeapon"],"picked":"SKIP","floor":18},{"not_picked":["theMarked:ResourceFulStrike","theMarked:TwofoldDefense+1"],"picked":"theMarked:Overthink","floor":20}],"player_experience":608181,"relics_obtained":[{"floor":6.0,"key":"Dream Catcher"},{"floor":9.0,"key":"Regal Pillow"},{"floor":10,"key":"MealTicket"},{"floor":14,"key":"Happy Flower"}],"event_choices":[{"damage_healed":0.0,"max_hp_gain":0.0,"max_hp_loss":0.0,"gold_gain":0.0,"event_name":"Upgrade Shrine","player_choice":"Upgraded","floor":3.0,"gold_loss":0.0,"damage_taken":0.0,"cards_upgraded":["theMarked:SoldierOfQuellstein"]},{"damage_healed":0,"gold_gain":0,"player_choice":"Stole Relic","damage_taken":0,"relics_obtained":["The Courier"],"max_hp_gain":0,"max_hp_loss":0,"event_name":"Addict","floor":19,"gold_loss":0,"cards_obtained":["Shame"]},{"damage_healed":0,"gold_gain":0,"player_choice":"Obtain J.A.X.","damage_taken":0,"max_hp_gain":0,"max_hp_loss":0,"event_name":"Drug Dealer","floor":22,"gold_loss":0,"cards_obtained":["J.A.X."]}],"is_beta":false,"boss_relics":[{"not_picked":["Runic Dome","Tiny House"],"picked":"Pandora\u0027s Box"}],"items_purged_floors":[5,21],"is_endless":false,"potions_floor_spawned":[2,4,13,14],"killed_by":"Gremlin Leader","ascension_level":1}}