{"host":"ya062ahhhuj9au1o","time":1609201519,"event":{"mods":["BaseMod","Better Third Choice","Downfall","Filter the Spire","Hermit","Minty Spire (QoL Compilation)","Random Character Button","Robot Space Explorer","Somnambulant","StSLib","The Bug Knight","The Cursed","The Marked","The Servant 0.9.4"],"gold_per_floor":[13,13,13,25,25,25,25,37,37,37,37,37,37,70,70,169,169,181,4,4,21,37,49,49,49,49,69,80,80,98,132,132,228,228,245,0,0,49,63,63,113,113,113,113,132,132,132,132],"floor_reached":47,"playtime":2521,"items_purged":["theMarked:Defend","theMarked:Defend"],"score":448,"play_id":"7c2936af-86b4-4aef-9164-ae260bf53e55","local_time":"20201228192519","is_ascension_mode":false,"campfire_choices":[{"data":"theMarked:SoldierOfQuellstein","floor":6,"key":"SMITH"},{"data":"theMarked:EmpowerWeapon","floor":10,"key":"SMITH"},{"data":"theMarked:BanishingStrike","floor":12,"key":"SMITH"},{"data":"theMarked:ComboAttacks","floor":15,"key":"SMITH"},{"data":"theMarked:MysticalArsenal","floor":24,"key":"SMITH"},{"data":"theMarked:EmpowerWeapon","floor":29,"key":"SMITH"},{"floor":32,"key":"REST"},{"data":"Iron Wave","floor":40,"key":"SMITH"},{"data":"theMarked:Defend","floor":42,"key":"PURGE"},{"floor":46,"key":"REST"}],"circlet_count":0,"master_deck":["theMarked:Strike","theMarked:Strike","theMarked:SoldierOfQuellstein+1","theMarked:BindingBlade","theMarked:EmpowerWeapon+1","theMarked:BanishingStrike+1","theMarked:ComboAttacks+1","theMarked:SoldierForm","CurseOfTheBell","theMarked:Improvise+1","Iron Wave+1","theMarked:Challenge","theMarked:MysticalArsenal+1","theMarked:ResourceFulStrike+1","theMarked:EmpowerWeapon+1","theMarked:Overcharge+1","theMarked:SoldierOfQuellstein+1","theMarked:HeightenedSenses+1","theMarked:WardOff+1","theMarked:SwordAndMagic+1"],"relics":["theMarked:ArtifactOfAir","MealTicket","Nunchaku","Bronze Scales","Calling Bell","Omamori","Pear","TungstenRod","StrikeDummy","Philosopher\u0027s Stone","DollysMirror","HollowMod:QueensCombRelic","Peace Pipe","Potion Belt"],"acts_visited":["Exordium","TheCity","TheBeyond"],"potions_floor_usage":[14,21,31,31],"damage_taken":[{"damage":0,"enemies":"Small Slimes","floor":1,"turns":3},{"damage":1,"enemies":"2 Louse","floor":4,"turns":4},{"damage":0,"enemies":"Cultist","floor":8,"turns":3},{"damage":0,"enemies":"Lagavulin","floor":14,"turns":2},{"damage":36,"enemies":"Hexaghost","floor":16,"turns":5},{"damage":4,"enemies":"Chosen","floor":18,"turns":3},{"damage":28,"enemies":"Shell Parasite","floor":21,"turns":4},{"damage":0,"enemies":"Cultist and Chosen","floor":22,"turns":4},{"damage":7,"enemies":"Snecko","floor":23,"turns":3},{"damage":7,"enemies":"3 Cultists","floor":27,"turns":4},{"damage":13,"enemies":"Snake Plant","floor":28,"turns":3},{"damage":12,"enemies":"Cultist and Chosen","floor":30,"turns":4},{"damage":29,"enemies":"Shelled Parasite and Fungi","floor":31,"turns":3},{"damage":25,"enemies":"Collector","floor":33,"turns":5},{"damage":0,"enemies":"3 Shapes","floor":35,"turns":3},{"damage":28,"enemies":"2 Orb Walkers","floor":38,"turns":3},{"damage":15,"enemies":"Orb Walker","floor":39,"turns":2},{"damage":13,"enemies":"Mind Bloom Boss Battle","floor":41,"turns":5},{"damage":34,"enemies":"Sphere and 2 Shapes","floor":45,"turns":4},{"damage":0,"enemies":"HollowMod:StalkingDevout","floor":47,"turns":1}],"seed_played":"-5813615281548366404","potions_obtained":[{"floor":1,"key":"Explosive Potion"},{"floor":4,"key":"SpeedPotion"},{"floor":14,"key":"ColorlessPotion"},{"floor":22,"key":"Fire Potion"},{"floor":31,"key":"SmokeBomb"},{"floor":33,"key":"hexamod:EctoCoolerPotion"},{"floor":41,"key":"PowerPotion"},{"floor":45,"key":"Strength Potion"}],"is_trial":false,"path_per_floor":["M","?","?","M","?","R","?","M","T","R","?","R","$","E","R","B",null,"M","$","?","M","M","M","R","$","T","M","M","R","M","M","R","B",null,"M","$","?","?","M","R","?","R","T","$","M","R","E"],"character_chosen":"THE_DEFAULT","items_purchased":["Fruit Juice","DollysMirror"],"campfire_rested":2,"item_purchase_floors":[19,36],"current_hp_per_floor":[70,70,70,69,57,57,57,57,57,57,50,50,65,65,65,29,80,76,80,80,57,57,50,50,65,65,58,45,45,33,4,29,4,85,85,85,85,56,41,41,36,36,36,51,22,38,38,38],"gold":132,"neow_bonus":"THREE_RARE_CARDS","is_daily":false,"chose_seed":false,"campfire_upgraded":7,"win_rate":0.0,"timestamp":1609201519,"path_taken":["M","?","?","?","?","R","?","M","T","R","?","R","?","E","R","BOSS","M","$","?","M","M","M","R","?","T","?","M","R","M","M","R","BOSS","M","$","?","?","M","R","?","R","T","?","M","R","E"],"items_purchased_type":["Potion","Relic"],"build_version":"2020-12-22","purchased_purges":2,"victory":false,"max_hp_per_floor":[70,70,70,70,70,70,70,70,70,70,70,70,70,70,70,70,80,80,80,80,85,85,85,85,85,85,85,85,85,85,85,85,85,85,85,85,85,56,56,56,56,56,56,56,56,56,56,56],"card_choices":[{"not_picked":["theMarked:DispelDoubt","theMarked:Challenge"],"picked":"theMarked:BindingBlade","floor":0},{"not_picked":["theMarked:TunnelVision","theMarked:TwofoldDefense","theMarked:EmpowerWeapon"],"picked":"SKIP","floor":1},{"not_picked":["theMarked:TunnelVision","theMarked:LightningStrikesTwice"],"picked":"theMarked:EmpowerWeapon","floor":4},{"not_picked":["theMarked:KeepCalmAndFightOn","theMarked:WastefulAttack"],"picked":"theMarked:BanishingStrike","floor":8},{"not_picked":["theMarked:Convert","theMarked:Aftermath"],"picked":"theMarked:ComboAttacks","floor":14},{"not_picked":["theMarked:TakeOffHeels","theMarked:ChannelForce"],"picked":"theMarked:SoldierForm","floor":16},{"not_picked":["theMarked:Frustration+1","theMarked:BanishingStrike"],"picked":"theMarked:Improvise+1","floor":18},{"not_picked":["theMarked:KeepCalmAndFightOn+1","theMarked:BanishingStrike"],"picked":"theMarked:Challenge","floor":21},{"not_picked":["theMarked:BanishingStrike","theMarked:PowerFlow"],"picked":"theMarked:MysticalArsenal","floor":22},{"not_picked":["theMarked:Polarize+1","theMarked:Convert"],"picked":"theMarked:ResourceFulStrike+1","floor":23},{"not_picked":["theMarked:Electrify","theMarked:Aftermath","theMarked:EnhancedHearing"],"picked":"SKIP","floor":27},{"not_picked":["theMarked:RepellingDischarge","theMarked:Frustration+1"],"picked":"theMarked:EmpowerWeapon","floor":28},{"not_picked":["theMarked:Generate","theMarked:Reabsorb","theMarked:RepellingDischarge"],"picked":"SKIP","floor":30},{"not_picked":["theMarked:SuspiciousRaven","theMarked:EnhancedHearing+1","theMarked:Parkour"],"picked":"SKIP","floor":31},{"not_picked":["theMarked:Reabsorb","theMarked:Improvise"],"picked":"theMarked:Overcharge+1","floor":35},{"not_picked":["theMarked:TwofoldDefense","theMarked:Generate"],"picked":"theMarked:HeightenedSenses+1","floor":38},{"not_picked":["theMarked:Indomitable+1","theMarked:Frustration+1"],"picked":"theMarked:WardOff+1","floor":39},{"not_picked":["theMarked:Static","theMarked:Frustration"],"picked":"theMarked:SwordAndMagic+1","floor":45}],"player_experience":1736114,"relics_obtained":[{"floor":9,"key":"Nunchaku"},{"floor":14,"key":"Bronze Scales"},{"floor":17,"key":"Omamori"},{"floor":17,"key":"Pear"},{"floor":17,"key":"TungstenRod"},{"floor":26,"key":"StrikeDummy"},{"floor":38,"key":"HollowMod:QueensCombRelic"},{"floor":41,"key":"Peace Pipe"},{"floor":43,"key":"Potion Belt"}],"event_choices":[{"cards_removed":["theMarked:Defend"],"damage_healed":0,"gold_gain":0,"player_choice":"Forget","damage_taken":0,"max_hp_gain":0,"max_hp_loss":0,"event_name":"Living Wall","floor":2,"gold_loss":0},{"cards_removed":["theMarked:Strike"],"damage_healed":0,"gold_gain":0,"player_choice":"Purged","damage_taken":0,"max_hp_gain":0,"max_hp_loss":0,"event_name":"Purifier","floor":3,"gold_loss":0},{"damage_healed":0,"gold_gain":0,"player_choice":"Relic ","damage_taken":12,"max_hp_gain":0,"max_hp_loss":0,"event_name":"betterThird:BetterScrap","floor":5,"gold_loss":0,"cards_obtained":["Sanctity"]},{"damage_healed":0,"gold_gain":0,"player_choice":"Ignored","damage_taken":25,"max_hp_gain":0,"max_hp_loss":0,"event_name":"betterThird:BetterSerpent","floor":7,"gold_loss":0},{"cards_removed":["theMarked:Strike"],"damage_healed":0,"gold_gain":0,"player_choice":"Card Removal","damage_taken":7,"max_hp_gain":0,"max_hp_loss":0,"event_name":"Golden Wing","floor":11,"gold_loss":0},{"cards_removed":["theMarked:Strike"],"damage_healed":0,"gold_gain":0,"player_choice":"Took Card","damage_taken":0,"max_hp_gain":0,"max_hp_loss":0,"event_name":"NoteForYourself","floor":20,"gold_loss":0,"cards_obtained":["Iron Wave"]},{"damage_healed":0,"gold_gain":0,"player_choice":"Memory 1","damage_taken":0,"max_hp_gain":0,"max_hp_loss":0,"event_name":"SensoryStone","floor":37,"gold_loss":0},{"damage_healed":0,"gold_gain":0,"player_choice":"Fight","damage_taken":0,"max_hp_gain":0,"max_hp_loss":0,"event_name":"Mysterious Sphere","floor":38,"gold_loss":0},{"damage_healed":0,"gold_gain":0,"player_choice":"Fight","damage_taken":0,"max_hp_gain":0,"max_hp_loss":0,"event_name":"MindBloom","floor":41,"gold_loss":0}],"is_beta":false,"boss_relics":[{"not_picked":["Cursed Key","SacredBark"],"picked":"Calling Bell"},{"not_picked":["Coffee Dripper","Pandora\u0027s Box"],"picked":"Philosopher\u0027s Stone"}],"items_purged_floors":[19,36],"is_endless":false,"potions_floor_spawned":[1,4,14,22,31,33,41,45],"killed_by":"HollowMod:StalkingDevout","ascension_level":0}}