{"host":"j0vzbnzm6n2ctevn","time":1609237709,"event":{"mods":["AchievementEnabler","BaseMod","Minty Spire (QoL Compilation)","Quick Restart","Shop Mod","Spicy Shops","StSLib"],"gold_per_floor":[111,186,186,186,37,37,68,80,80,113,113,113,113,13,13,113,113,123,139,14,14,14,14,14,14,14,29,29,59,59,70,70,165,165,179,29,29,40,56,56,72,92,92,92,92,125,125,139,139,139],"floor_reached":51,"playtime":2221,"items_purged":["Regret","Strike_G","Strike_G","Defend_G"],"score":791,"play_id":"dc408d6e-7750-49e5-9811-4151fc53366a","local_time":"20201229182829","is_ascension_mode":true,"campfire_choices":[{"data":"Accuracy","floor":6.0,"key":"SMITH"},{"data":"Blade Dance","floor":11.0,"key":"SMITH"},{"data":"Strike_G","floor":13.0,"key":"SMITH"},{"data":"Strike_G","floor":15.0,"key":"SMITH"},{"data":"Leg Sweep","floor":23.0,"key":"SMITH"},{"data":"Accuracy","floor":28.0,"key":"SMITH"},{"floor":30,"key":"REST"},{"floor":32,"key":"REST"},{"floor":40,"key":"REST"},{"floor":44,"key":"REST"},{"floor":47,"key":"REST"},{"floor":49,"key":"REST"}],"circlet_count":0,"master_deck":["Strike_G+1","Strike_G+1","Strike_G+1","Defend_G","Defend_G","Defend_G","Survivor","Neutralize+1","Accuracy+1","Blade Dance+1","Acrobatics","Leg Sweep+1","Infinite Blades+1","Accuracy+1","Accuracy","Blade Dance+1","Concentrate+1","Storm of Steel","Blade Dance","Bane","Footwork+1","Acrobatics+1","Acrobatics","Cloak And Dagger+1","Outmaneuver+1"],"relics":["Ring of the Serpent","NeowsBlessing","Bag of Preparation","Pear","Frozen Eye","Boot","Thread and Needle","Omamori","Sozu","Letter Opener","Necronomicon","Dream Catcher","Whetstone","Pantograph","Tough Bandages"],"acts_visited":["Exordium","TheCity","TheBeyond"],"potions_floor_usage":[],"damage_taken":[{"damage":0.0,"enemies":"Jaw Worm","floor":1.0,"turns":1.0},{"damage":0.0,"enemies":"Lagavulin","floor":7.0,"turns":1.0},{"damage":0.0,"enemies":"2 Louse","floor":8.0,"turns":1.0},{"damage":4.0,"enemies":"Gremlin Nob","floor":10.0,"turns":5.0},{"damage":34.0,"enemies":"The Guardian","floor":16.0,"turns":10.0},{"damage":2.0,"enemies":"Shell Parasite","floor":18.0,"turns":3.0},{"damage":0.0,"enemies":"2 Thieves","floor":19.0,"turns":4.0},{"damage":0.0,"enemies":"Snecko","floor":27.0,"turns":4.0},{"damage":9,"enemies":"Gremlin Leader","floor":29,"turns":4},{"damage":19,"enemies":"Snake Plant","floor":31,"turns":5},{"damage":6,"enemies":"Collector","floor":33,"turns":4},{"damage":5,"enemies":"3 Darklings","floor":35,"turns":3},{"damage":30,"enemies":"3 Shapes","floor":38,"turns":2},{"damage":0,"enemies":"Maw","floor":39,"turns":4},{"damage":33,"enemies":"4 Shapes","floor":41,"turns":4},{"damage":0,"enemies":"Transient","floor":42,"turns":5},{"damage":41,"enemies":"Reptomancer","floor":46,"turns":4},{"damage":6,"enemies":"Sphere and 2 Shapes","floor":48,"turns":3},{"damage":71,"enemies":"Time Eater","floor":50,"turns":9}],"seed_played":"-7931055125071046506","potions_obtained":[{"floor":1.0,"key":"SkillPotion"},{"floor":7.0,"key":"SpeedPotion"},{"floor":16.0,"key":"Fire Potion"}],"is_trial":false,"path_per_floor":["M","?","?","?","$","R","E","M","T","E","R","?","R","$","R","B",null,"M","M","$","?","?","R","?","?","T","M","R","E","R","M","R","B",null,"M","$","?","M","M","R","M","M","T","R","$","E","R","M","R","B",null],"character_chosen":"THE_SILENT","items_purchased":["Frozen Eye"],"campfire_rested":6,"item_purchase_floors":[5],"current_hp_per_floor":[70,59,56,66,66,66,66,66,66,62,62,62,62,62,62,28,80,78,78,78,78,62,62,62,62,62,62,62,53,77,58,80,74,80,75,75,75,45,45,69,36,36,36,60,60,19,43,37,61,9],"gold":139,"neow_bonus":"THREE_ENEMY_KILL","is_daily":false,"chose_seed":false,"campfire_upgraded":6,"win_rate":0.0,"timestamp":1609237709,"path_taken":["M","?","?","?","$","R","E","M","T","E","R","?","R","$","R","BOSS","M","M","$","?","?","R","?","?","T","M","R","E","R","?","R","BOSS","M","$","?","M","M","R","M","?","T","R","$","E","R","M","R","BOSS"],"items_purchased_type":["Relic"],"build_version":"2020-12-22","purchased_purges":4,"victory":true,"max_hp_per_floor":[70,70,70,80,80,80,80,80,80,80,80,80,80,80,80,80,80,80,80,80,80,80,80,80,80,80,80,80,80,80,80,80,80,80,80,80,80,80,80,80,80,80,80,80,80,80,80,80,80,80],"card_choices":[{"not_picked":["Eviscerate","Slice"],"picked":"Accuracy","floor":1.0},{"not_picked":["Sucker Punch","After Image"],"picked":"Blade Dance","floor":7.0},{"not_picked":["All Out Attack","Dagger Throw","Tactician"],"picked":"SKIP","floor":8.0},{"not_picked":["Skewer","Quick Slash"],"picked":"Acrobatics","floor":10.0},{"not_picked":["Reflex","Distraction"],"picked":"Leg Sweep","floor":18.0},{"not_picked":["Prepared","Deflect"],"picked":"Infinite Blades+1","floor":19.0},{"not_picked":["Backflip","Riddle With Holes"],"picked":"Accuracy","floor":27.0},{"not_picked":["Dodge and Roll","Sucker Punch"],"picked":"Blade Dance+1","floor":29},{"not_picked":["Dagger Spray","Noxious Fumes","Endless Agony+1"],"picked":"SKIP","floor":31},{"not_picked":["Poisoned Stab","Leg Sweep"],"picked":"Concentrate+1","floor":32},{"not_picked":["Phantasmal Killer","Die Die Die"],"picked":"Storm of Steel","floor":33},{"not_picked":["Reflex","Tactician+1"],"picked":"Blade Dance","floor":35},{"not_picked":["Catalyst+1","Slice+1"],"picked":"Footwork+1","floor":38},{"not_picked":["Prepared","Cloak And Dagger","Dagger Throw"],"picked":"SKIP","floor":39},{"not_picked":["Outmaneuver","Slice"],"picked":"Acrobatics+1","floor":40},{"not_picked":["Finisher+1","Crippling Poison+1","Quick Slash+1"],"picked":"SKIP","floor":41},{"not_picked":["Quick Slash","Skewer+1","Underhanded Strike+1"],"picked":"SKIP","floor":42},{"not_picked":["Heel Hook","Leg Sweep+1"],"picked":"Acrobatics","floor":44},{"not_picked":["Doppelganger","Underhanded Strike+1","Noxious Fumes+1"],"picked":"SKIP","floor":46},{"not_picked":["Underhanded Strike","Backstab+1"],"picked":"Cloak And Dagger+1","floor":47},{"not_picked":["Dagger Spray+1","Choke"],"picked":"Outmaneuver+1","floor":48}],"player_experience":53709,"relics_obtained":[{"floor":7.0,"key":"Boot"},{"floor":9.0,"key":"Thread and Needle"},{"floor":10.0,"key":"Omamori"},{"floor":22.0,"key":"Necronomicon"},{"floor":26.0,"key":"Dream Catcher"},{"floor":29,"key":"Whetstone"},{"floor":43,"key":"Pantograph"},{"floor":46,"key":"Tough Bandages"}],"event_choices":[{"damage_healed":0.0,"max_hp_gain":0.0,"max_hp_loss":0.0,"gold_gain":75.0,"event_name":"World of Goop","player_choice":"Gather Gold","floor":2.0,"gold_loss":0.0,"damage_taken":11.0},{"damage_healed":0.0,"max_hp_gain":0.0,"max_hp_loss":0.0,"gold_gain":0.0,"event_name":"Scrap Ooze","player_choice":"Success","floor":3.0,"gold_loss":0.0,"damage_taken":3.0,"relics_obtained":["Bag of Preparation"]},{"damage_healed":0.0,"max_hp_gain":0.0,"max_hp_loss":0.0,"gold_gain":0.0,"event_name":"Big Fish","player_choice":"Box","floor":4.0,"gold_loss":0.0,"damage_taken":0.0,"relics_obtained":["Pear"],"cards_obtained":["Regret"]},{"damage_healed":0.0,"max_hp_gain":0.0,"max_hp_loss":0.0,"gold_gain":0.0,"event_name":"The Woman in Blue","player_choice":"Bought 0 Potions","floor":12.0,"gold_loss":0.0,"damage_taken":0.0},{"damage_healed":0.0,"max_hp_gain":0.0,"max_hp_loss":0.0,"gold_gain":0.0,"event_name":"Addict","player_choice":"Stole Relic","floor":21.0,"gold_loss":0.0,"damage_taken":0.0,"relics_obtained":["Letter Opener"],"cards_obtained":["Shame"]},{"damage_healed":0.0,"max_hp_gain":0.0,"max_hp_loss":0.0,"gold_gain":0.0,"event_name":"Cursed Tome","player_choice":"Obtained Book","floor":22.0,"gold_loss":0.0,"damage_taken":16.0},{"damage_healed":0.0,"max_hp_gain":0.0,"max_hp_loss":0.0,"gold_gain":0.0,"event_name":"Ghosts","player_choice":"Ignored","floor":24.0,"gold_loss":0.0,"damage_taken":0.0},{"damage_healed":0.0,"max_hp_gain":0.0,"max_hp_loss":0.0,"gold_gain":0.0,"event_name":"The Library","player_choice":"Read","floor":25.0,"gold_loss":0.0,"damage_taken":0.0,"cards_obtained":["Accuracy"]},{"damage_healed":0,"gold_gain":0,"cards_transformed":["Defend_G"],"player_choice":"Transformed","damage_taken":0,"max_hp_gain":0,"max_hp_loss":0,"event_name":"Transmorgrifier","floor":37,"gold_loss":0,"cards_obtained":["Bane"]}],"is_beta":false,"boss_relics":[{"not_picked":["Calling Bell","Coffee Dripper"],"picked":"Sozu"},{"not_picked":["Velvet Choker","Snecko Eye"],"picked":"Ring of the Serpent"}],"items_purged_floors":[5,14,20,36],"is_endless":false,"potions_floor_spawned":[1,7,16,27,29,33,35,42,46],"ascension_level":2}}