{"host":"j3h0p3l2xgzxhnx7","time":1609253654,"event":{"mods":["BaseMod","Luminous","Marisa????????","Minty Spire (QoL Compilation)","Remilia??????","StSLib","The Bug Knight","The Cursed","The Servant 0.9.4"],"gold_per_floor":[115,115,40,40,40,75,90,15,42,42,42,55,68,68,68,197,197,218,242,12,12,12],"floor_reached":21,"playtime":968,"items_purged":["Injury"],"score":177,"play_id":"8246f0a3-a47a-4139-ba3b-f56d25b5d6b9","local_time":"20201229225414","is_ascension_mode":false,"campfire_choices":[{"floor":10,"key":"REST"},{"floor":15,"key":"REST"}],"circlet_count":0,"master_deck":["HollowMod:NailStrikeStart","HollowMod:NailStrikeStart","HollowMod:NailStrikeStart","HollowMod:NailStrikeStart","HollowMod:QuickDashStart","HollowMod:QuickDashStart","HollowMod:FocusHealStart","HollowMod:PogoStrike","HollowMod:BaldurShell","HollowMod:SoulShaman","HollowMod:ChannelNail","HollowMod:ShapeofUnn","HollowMod:FastStrike","HollowMod:ChannelNail","HollowMod:CycloneSlash","HollowMod:PureVessel","HollowMod:Weaversong","HollowMod:SharpenedNail","HollowMod:CornifersMapStart+1"],"relics":["HollowMod:VesselMask","Dream Catcher","Golden Idol","StoneCalendar","Toy Ornithopter","WarpedTongs","Empty Cage","Regal Pillow"],"acts_visited":["Exordium","TheCity"],"potions_floor_usage":[6,16,19,21],"damage_taken":[{"damage":5,"enemies":"Small Slimes","floor":1,"turns":3},{"damage":46,"enemies":"3 Sentries","floor":6,"turns":10},{"damage":3,"enemies":"Jaw Worm","floor":7,"turns":4},{"damage":0,"enemies":"Cultist","floor":12,"turns":2},{"damage":8,"enemies":"3 Louse","floor":13,"turns":3},{"damage":58,"enemies":"Slime Boss","floor":16,"turns":7},{"damage":30,"enemies":"Spheric Guardian","floor":18,"turns":4},{"damage":51,"enemies":"2 Thieves","floor":19,"turns":4},{"damage":10,"enemies":"Sentry and Sphere","floor":21,"turns":2}],"seed_played":"3128081416626045715","potions_obtained":[{"floor":1,"key":"FearPotion"},{"floor":12,"key":"SkillPotion"},{"floor":16,"key":"Dexterity Potion"}],"is_trial":false,"path_per_floor":["M","?","?","$","?","E","M","$","T","R","?","M","M","?","R","B",null,"M","M","$","M"],"character_chosen":"THE_BUGKNIGHT","items_purchased":["Regal Pillow","EssenceOfSteel"],"campfire_rested":2,"item_purchase_floors":[20,20],"current_hp_per_floor":[70,70,75,75,75,41,44,44,44,68,68,68,60,60,80,33,80,50,4,4,0,0],"gold":12,"neow_bonus":"RANDOM_COMMON_RELIC","is_daily":false,"chose_seed":false,"campfire_upgraded":0,"win_rate":0.0,"timestamp":1609253654,"path_taken":["M","?","?","$","?","E","M","$","T","R","?","?","M","?","R","BOSS","M","M","$","M"],"items_purchased_type":["Relic","Potion"],"build_version":"2020-12-22","purchased_purges":1,"victory":false,"max_hp_per_floor":[75,75,80,80,80,80,80,80,80,80,80,80,80,80,80,80,80,80,80,80,80,80],"card_choices":[{"not_picked":["HollowMod:InfectedCysts","HollowMod:QuirrelsAssistance"],"picked":"HollowMod:BaldurShell","floor":1},{"not_picked":["HollowMod:TaintedHusks","HollowMod:NewJinnsSoul"],"picked":"HollowMod:SoulShaman","floor":6},{"not_picked":["HollowMod:MonarchWings","HollowMod:VengefulVoid"],"picked":"HollowMod:ChannelNail","floor":7},{"not_picked":["HollowMod:TaintedHusks","HollowMod:MantisMark"],"picked":"HollowMod:ShapeofUnn","floor":10},{"not_picked":["HollowMod:NewLittleFool","HollowMod:BrokenVessel"],"picked":"HollowMod:ChannelNail","floor":12},{"not_picked":["HollowMod:NewJinnsSoul","HollowMod:BaldurShell"],"picked":"HollowMod:CycloneSlash","floor":13},{"not_picked":["HollowMod:SiblingsSouls","HollowMod:HeavyBlow"],"picked":"HollowMod:PureVessel","floor":15},{"not_picked":["HollowMod:ZotesMagnificence","HollowMod:LifebloodCore"],"picked":"HollowMod:Weaversong","floor":16},{"not_picked":["HollowMod:InfectedAttack","HollowMod:MothsMistake+1"],"picked":"HollowMod:SharpenedNail","floor":18},{"not_picked":["HollowMod:DungDefenderAura+1","HollowMod:MonarchWings"],"picked":"HollowMod:CornifersMapStart+1","floor":19}],"player_experience":44903,"relics_obtained":[{"floor":6,"key":"StoneCalendar"},{"floor":9,"key":"Toy Ornithopter"}],"event_choices":[{"damage_healed":0,"gold_gain":0,"player_choice":"Take Wound","damage_taken":0,"relics_obtained":["Golden Idol"],"max_hp_gain":0,"max_hp_loss":0,"event_name":"Golden Idol","floor":2,"gold_loss":0,"cards_obtained":["Injury"]},{"damage_healed":0,"gold_gain":0,"player_choice":"Leave","damage_taken":0,"max_hp_gain":0,"max_hp_loss":0,"event_name":"The Cleric","floor":5,"gold_loss":0},{"damage_healed":0,"gold_gain":0,"cards_transformed":["HollowMod:QuickDashStart"],"player_choice":"Change","damage_taken":0,"max_hp_gain":0,"max_hp_loss":0,"event_name":"Living Wall","floor":11,"gold_loss":0,"cards_obtained":["HollowMod:FastStrike"]},{"damage_healed":0,"gold_gain":0,"player_choice":"Rummage","damage_taken":0,"relics_obtained":["WarpedTongs"],"max_hp_gain":0,"max_hp_loss":0,"event_name":"Accursed Blacksmith","floor":14,"gold_loss":0,"cards_obtained":["Pain"]}],"is_beta":false,"boss_relics":[{"not_picked":["Runic Dome","Sozu"],"picked":"Empty Cage"}],"items_purged_floors":[8],"is_endless":false,"potions_floor_spawned":[1,12,16],"killed_by":"Sentry and Sphere","ascension_level":0}}