{"host":"1c52r9kaxdyo25eq","time":1609207495,"event":{"mods":["AchievementEnabler","BaseMod","Minty Spire (QoL Compilation)","Rare Cards Sparkle","SuperFastMode","everything is the same but u backflip on backflip"],"gold_per_floor":[110,126,141,161,171,171,191,191,242,242,242,271,282,282,282,359,359,379,429,441,470,316,348,365,365,365],"floor_reached":25,"playtime":695,"items_purged":["Strike_G"],"score":530,"play_id":"276c2a46-6c6a-438e-bc86-adb5bf312f26","local_time":"20201229110455","is_ascension_mode":true,"campfire_choices":[{"data":"Blade Dance","floor":6.0,"key":"SMITH"},{"data":"Deadly Poison","floor":8.0,"key":"SMITH"},{"data":"After Image","floor":10.0,"key":"SMITH"},{"data":"Caltrops","floor":15.0,"key":"SMITH"}],"circlet_count":0,"master_deck":["AscendersBane","Strike_G","Strike_G","Strike_G","Strike_G","Defend_G","Defend_G","Defend_G","Defend_G","Survivor","Neutralize+1","Blade Dance+1","Deadly Poison+1","After Image+1","Cloak And Dagger","Malaise","Caltrops+1","Grand Finale","Well Laid Plans","Acrobatics","Reflex"],"relics":["Ring of the Snake","Bag of Preparation","Odd Mushroom","WristBlade","Red Mask","Tingsha"],"acts_visited":["Exordium","TheCity"],"potions_floor_usage":[],"damage_taken":[{"damage":6.0,"enemies":"Cultist","floor":1.0,"turns":4.0},{"damage":1.0,"enemies":"Jaw Worm","floor":2.0,"turns":3.0},{"damage":2.0,"enemies":"Small Slimes","floor":3.0,"turns":4.0},{"damage":6.0,"enemies":"Looter","floor":4.0,"turns":4.0},{"damage":6.0,"enemies":"Exordium Wildlife","floor":5.0,"turns":3.0},{"damage":0.0,"enemies":"Gremlin Gang","floor":7.0,"turns":6.0},{"damage":4.0,"enemies":"The Mushroom Lair","floor":12.0,"turns":5.0},{"damage":1.0,"enemies":"Looter","floor":13.0,"turns":3.0},{"damage":0.0,"enemies":"Hexaghost","floor":16.0,"turns":10.0},{"damage":6.0,"enemies":"Chosen","floor":18.0,"turns":4.0},{"damage":8.0,"enemies":"3 Byrds","floor":20.0,"turns":4.0},{"damage":29.0,"enemies":"Masked Bandits","floor":21.0,"turns":5.0},{"damage":29.0,"enemies":"Book of Stabbing","floor":23.0,"turns":8.0},{"damage":0.0,"enemies":"Snecko","floor":24.0,"turns":4.0},{"damage":0,"enemies":"Snake Plant","floor":25,"turns":1}],"seed_played":"-2534429369142647148","potions_obtained":[{"floor":1.0,"key":"FearPotion"},{"floor":4.0,"key":"AttackPotion"},{"floor":21.0,"key":"Regen Potion"},{"floor":23.0,"key":"GamblersBrew"}],"is_trial":false,"path_per_floor":["M","M","M","M","M","R","M","R","T","R","?","?","M","?","R","B",null,"M","?","M","?","$","E","M","M"],"character_chosen":"THE_SILENT","items_purchased":["EssenceOfSteel"],"campfire_rested":0,"item_purchase_floors":[22],"current_hp_per_floor":[53,52,50,44,38,38,38,38,38,38,38,34,33,33,33,33,58,52,52,44,15,15,1,1,1,1],"gold":365,"neow_bonus":"UPGRADE_CARD","is_daily":false,"chose_seed":false,"campfire_upgraded":4,"win_rate":0.0,"timestamp":1609207495,"path_taken":["M","M","?","M","M","R","M","R","T","R","?","?","M","?","R","BOSS","M","?","M","?","?","E","?","M"],"items_purchased_type":["Potion"],"build_version":"2020-12-22","purchased_purges":1,"victory":false,"max_hp_per_floor":[66,66,66,66,66,66,66,66,66,66,66,66,66,66,66,66,66,66,66,66,66,66,66,66,66,66],"card_choices":[{"not_picked":["Accuracy","Deflect"],"picked":"Blade Dance","floor":1.0},{"not_picked":["Dodge and Roll","Slice"],"picked":"Deadly Poison","floor":2.0},{"not_picked":["Dagger Spray","Bane"],"picked":"After Image","floor":3.0},{"not_picked":["Dash","Dagger Spray","Flying Knee"],"picked":"SKIP","floor":4.0},{"not_picked":["Deflect","PiercingWail","Blade Dance"],"picked":"SKIP","floor":5.0},{"not_picked":["Underhanded Strike","Cloak And Dagger","Backflip"],"picked":"SKIP","floor":7.0},{"not_picked":["Quick Slash","Calculated Gamble"],"picked":"Cloak And Dagger","floor":12.0},{"not_picked":["Backflip","Malaise","Blade Dance"],"picked":"SKIP","floor":13.0},{"not_picked":["Backflip","Blade Dance"],"picked":"Malaise","floor":13.0},{"not_picked":["Doppelganger","Bullet Time"],"picked":"Grand Finale","floor":16.0},{"not_picked":["Blade Dance","Dagger Spray","Deflect"],"picked":"SKIP","floor":18.0},{"not_picked":["Deflect","Backstab"],"picked":"Well Laid Plans","floor":20.0},{"not_picked":["Glass Knife","Slice"],"picked":"Acrobatics","floor":23.0},{"not_picked":["Slice+1","Blur+1"],"picked":"Reflex","floor":24.0}],"player_experience":524942,"relics_obtained":[{"floor":9.0,"key":"Bag of Preparation"},{"floor":12.0,"key":"Odd Mushroom"},{"floor":21.0,"key":"Red Mask"},{"floor":23.0,"key":"Tingsha"}],"event_choices":[{"damage_healed":0.0,"max_hp_gain":0.0,"max_hp_loss":0.0,"gold_gain":0.0,"event_name":"Shining Light","player_choice":"Ignored","floor":11.0,"gold_loss":0.0,"damage_taken":0.0},{"damage_healed":0.0,"max_hp_gain":0.0,"max_hp_loss":0.0,"gold_gain":0.0,"event_name":"Mushrooms","player_choice":"Fought Mushrooms","floor":12.0,"gold_loss":0.0,"damage_taken":0.0},{"damage_healed":0.0,"max_hp_gain":0.0,"max_hp_loss":0.0,"gold_gain":0.0,"cards_transformed":["Defend_G"],"event_name":"Living Wall","player_choice":"Change","floor":14.0,"gold_loss":0.0,"damage_taken":0.0,"cards_obtained":["Caltrops"]},{"damage_healed":0.0,"max_hp_gain":0.0,"max_hp_loss":0.0,"gold_gain":50.0,"event_name":"Nest","player_choice":"Stole From Cult","floor":19.0,"gold_loss":0.0,"damage_taken":0.0},{"damage_healed":0.0,"max_hp_gain":0.0,"max_hp_loss":0.0,"gold_gain":0.0,"event_name":"Masked Bandits","player_choice":"Fought Bandits","floor":21.0,"gold_loss":0.0,"damage_taken":0.0}],"is_beta":false,"boss_relics":[{"not_picked":["Runic Dome","SlaversCollar"],"picked":"WristBlade"}],"items_purged_floors":[22],"is_endless":false,"potions_floor_spawned":[1,4,13,21,23],"killed_by":"Snake Plant","ascension_level":20}}