{"host":"u2grshebrc5rdzdn","time":1609203754,"event":{"mods":["AchievementEnabler","BaseMod","Minty Spire (QoL Compilation)","StSLib"],"gold_per_floor":[114,114,125,135,135,135,164,184,184,184,209,209,220,288,288,388,388,404,415,415,415,432,458,458,484,484,500,520,554,554,574,574,574,574],"floor_reached":33,"playtime":1504,"items_purged":[],"score":496,"play_id":"60ab0445-b7a6-4910-8901-df29f6ad1be7","local_time":"20201229020234","is_ascension_mode":true,"campfire_choices":[{"data":"Thunderclap","floor":6,"key":"SMITH"},{"floor":10,"key":"REST"},{"data":"Inflame","floor":12,"key":"SMITH"},{"floor":15,"key":"REST"},{"floor":24,"key":"REST"},{"data":"Flex","floor":32,"key":"SMITH"}],"circlet_count":0,"master_deck":["Bash+1","Clash","Thunderclap+1","Reaper","Inflame+1","Whirlwind+1","Sword Boomerang+1","Double Tap","Flex+1","Burning Pact","Second Wind","Clothesline+1","Dropkick+1","Clash+1","Shrug It Off","Bludgeon+1","Bash+1","Shrug It Off+1"],"relics":["Burning Blood","Regal Pillow","Omamori","Molten Egg 2","Centennial Puzzle","Pandora\u0027s Box","MutagenicStrength","Bottled Flame","Lantern","Darkstone Periapt","Potion Belt"],"acts_visited":["Exordium","TheCity"],"potions_floor_usage":[33,33,33],"damage_taken":[{"damage":1,"enemies":"Cultist","floor":1,"turns":3},{"damage":0,"enemies":"2 Louse","floor":3,"turns":2},{"damage":7,"enemies":"Jaw Worm","floor":4,"turns":3},{"damage":35,"enemies":"3 Sentries","floor":7,"turns":8},{"damage":16,"enemies":"Blue Slaver","floor":8,"turns":4},{"damage":35,"enemies":"Lagavulin","floor":11,"turns":6},{"damage":11,"enemies":"Looter","floor":13,"turns":2},{"damage":66,"enemies":"Hexaghost","floor":16,"turns":7},{"damage":12,"enemies":"Chosen","floor":18,"turns":3},{"damage":19,"enemies":"Shell Parasite","floor":19,"turns":3},{"damage":43,"enemies":"Centurion and Healer","floor":22,"turns":4},{"damage":9,"enemies":"Gremlin Leader","floor":23,"turns":5},{"damage":25,"enemies":"Book of Stabbing","floor":25,"turns":3},{"damage":0,"enemies":"3 Cultists","floor":27,"turns":2},{"damage":0,"enemies":"Snake Plant","floor":28,"turns":1},{"damage":0,"enemies":"Slavers","floor":29,"turns":1},{"damage":14,"enemies":"Centurion and Healer","floor":31,"turns":2},{"damage":88,"enemies":"Automaton","floor":33,"turns":8}],"seed_played":"-4778485669577554033","potions_obtained":[{"floor":3,"key":"ElixirPotion"},{"floor":7,"key":"Swift Potion"},{"floor":11,"key":"SpeedPotion"},{"floor":19,"key":"Weak Potion"},{"floor":28,"key":"HeartOfIron"}],"is_trial":false,"path_per_floor":["M","T","M","M","?","R","E","M","T","R","E","R","M","?","R","B",null,"M","M","?","?","M","E","R","E","T","M","M","E","?","M","R","B"],"character_chosen":"IRONCLAD","items_purchased":[],"campfire_rested":3,"item_purchase_floors":[],"current_hp_per_floor":[56,56,62,61,61,61,32,28,28,67,47,47,42,42,80,30,68,62,56,56,56,43,40,79,60,60,80,80,80,80,78,78,0,0],"gold":574,"neow_bonus":"REMOVE_TWO","is_daily":false,"chose_seed":false,"campfire_upgraded":3,"win_rate":0.0,"timestamp":1609203754,"path_taken":["M","?","M","M","?","R","E","M","T","R","E","R","?","?","R","BOSS","M","M","?","?","?","E","R","E","T","M","M","E","?","M","R","BOSS"],"items_purchased_type":[],"build_version":"2020-12-22","purchased_purges":0,"victory":false,"max_hp_per_floor":[80,80,80,80,80,80,80,80,80,80,80,80,80,80,80,80,80,80,80,80,80,80,80,80,80,80,80,80,80,80,80,80,80,80],"card_choices":[{"not_picked":["Body Slam","Wild Strike"],"picked":"Clash","floor":1},{"not_picked":["Pommel Strike","Warcry"],"picked":"Thunderclap","floor":3},{"not_picked":["Warcry","Havoc","Brutality"],"picked":"SKIP","floor":4},{"not_picked":["Combust","Rage"],"picked":"Reaper","floor":7},{"not_picked":["Twin Strike","Clothesline"],"picked":"Inflame","floor":8},{"not_picked":["Havoc","Cleave+1"],"picked":"Whirlwind+1","floor":11},{"not_picked":["Headbutt+1","Shockwave"],"picked":"Sword Boomerang+1","floor":13},{"not_picked":["Exhume","Limit Break"],"picked":"Double Tap","floor":16},{"not_picked":["Iron Wave+1","Fire Breathing","Intimidate"],"picked":"SKIP","floor":18},{"not_picked":["Iron Wave+1","Infernal Blade"],"picked":"Shrug It Off","floor":19},{"not_picked":["Searing Blow+1","Cleave+1","Twin Strike+1"],"picked":"SKIP","floor":22},{"not_picked":["Impervious","Havoc","Carnage+1"],"picked":"SKIP","floor":23},{"not_picked":["Warcry","Infernal Blade","Thunderclap+1"],"picked":"SKIP","floor":25},{"not_picked":["Burning Pact+1","Armaments","Twin Strike+1"],"picked":"SKIP","floor":27},{"not_picked":["Burning Pact","Cleave+1","Headbutt+1"],"picked":"SKIP","floor":28},{"not_picked":["Havoc","Twin Strike+1","Headbutt+1"],"picked":"SKIP","floor":29},{"not_picked":["Berserk","Sever Soul+1"],"picked":"Shrug It Off+1","floor":31}],"player_experience":420828,"relics_obtained":[{"floor":2,"key":"Regal Pillow"},{"floor":7,"key":"Omamori"},{"floor":9,"key":"Molten Egg 2"},{"floor":11,"key":"Centennial Puzzle"},{"floor":23,"key":"Bottled Flame"},{"floor":25,"key":"Lantern"},{"floor":26,"key":"Darkstone Periapt"},{"floor":29,"key":"Potion Belt"}],"event_choices":[{"damage_healed":0,"gold_gain":0,"player_choice":"Upgraded","damage_taken":0,"max_hp_gain":0,"max_hp_loss":0,"event_name":"Upgrade Shrine","floor":5,"gold_loss":0,"cards_upgraded":["Bash"]},{"damage_healed":0,"gold_gain":68,"player_choice":"Gained Gold","damage_taken":0,"max_hp_gain":0,"max_hp_loss":0,"event_name":"Golden Wing","floor":14,"gold_loss":0},{"damage_healed":0,"gold_gain":0,"player_choice":"Inject Mutagens","damage_taken":0,"relics_obtained":["MutagenicStrength"],"max_hp_gain":0,"max_hp_loss":0,"event_name":"Drug Dealer","floor":20,"gold_loss":0},{"damage_healed":0,"gold_gain":0,"player_choice":"2 cards matched","damage_taken":0,"max_hp_gain":0,"max_hp_loss":0,"event_name":"Match and Keep!","floor":21,"gold_loss":0,"cards_obtained":["Bludgeon","Bash"]},{"cards_removed":["Rupture"],"damage_healed":0,"gold_gain":0,"player_choice":"Elegance","damage_taken":0,"max_hp_gain":0,"max_hp_loss":0,"event_name":"Back to Basics","floor":30,"gold_loss":0}],"is_beta":false,"boss_relics":[{"not_picked":["SacredBark","Black Blood"],"picked":"Pandora\u0027s Box"}],"items_purged_floors":[],"is_endless":false,"potions_floor_spawned":[3,7,11,19,23,27,28],"killed_by":"Automaton","ascension_level":9}}