{"host":"15dd7v8o90xso62x","time":1609229366,"event":{"mods":["BaseMod","Minty Spire (QoL Compilation)","Quick Restart","StSLib","SuperFastMode"],"gold_per_floor":[111,111,177,227,163,192,208,208,208,220,286,297,323,335,335,409,409,426,526,544,561,287,315,315,345,368,368,401,401,420,570,570,643,643,655,675,11,61,136,161,211,228,277,277,294,294,311,327,327,327,327],"floor_reached":52,"playtime":2790,"items_purged":["Strike_G","Strike_G","Strike_G"],"score":2358,"play_id":"c29ce403-2d5a-405f-8882-aba5a82d6259","local_time":"20201229170926","is_ascension_mode":true,"campfire_choices":[{"data":"Noxious Fumes","floor":8.0,"key":"SMITH"},{"data":"Catalyst","floor":15.0,"key":"SMITH"},{"data":"Wraith Form v2","floor":24,"key":"SMITH"},{"data":"Catalyst","floor":27,"key":"SMITH"},{"floor":29,"key":"REST"},{"data":"Bouncing Flask","floor":32,"key":"SMITH"},{"floor":44,"key":"REST"},{"data":"Apotheosis","floor":46,"key":"SMITH"},{"floor":49,"key":"REST"}],"circlet_count":0,"master_deck":["AscendersBane","Strike_G","Strike_G","Defend_G","Defend_G","Defend_G","Defend_G","Defend_G","Survivor","Neutralize","Backflip","Bouncing Flask+1","Noxious Fumes+1","Calculated Gamble","Deflect","Blur","Leg Sweep","Catalyst+1","Wraith Form v2+1","Acrobatics","Deadly Poison+1","Finesse","Escape Plan","Catalyst+1","Well Laid Plans","After Image","PiercingWail+1","Footwork","Apotheosis+1","Madness","Madness","Backflip+1","Wraith Form v2"],"relics":["Ring of the Snake","NeowsBlessing","SsserpentHead","Question Card","Oddly Smooth Stone","Bottled Tornado","SlaversCollar","TungstenRod","Akabeko","Anchor","Smiling Mask","Calipers","Pear","HoveringKite","Thread and Needle","Du-Vu Doll","Gremlin Horn","Toy Ornithopter"],"acts_visited":["Exordium","TheCity","TheBeyond"],"potions_floor_usage":[23,47,47,50,50],"damage_taken":[{"damage":0.0,"enemies":"2 Louse","floor":1.0,"turns":1.0},{"damage":0.0,"enemies":"Cultist","floor":3.0,"turns":1.0},{"damage":0.0,"enemies":"Gremlin Nob","floor":6.0,"turns":1.0},{"damage":1.0,"enemies":"Small Slimes","floor":7.0,"turns":4.0},{"damage":15.0,"enemies":"Exordium Thugs","floor":10.0,"turns":4.0},{"damage":5.0,"enemies":"Red Slaver","floor":11.0,"turns":4.0},{"damage":6.0,"enemies":"2 Fungi Beasts","floor":12.0,"turns":4.0},{"damage":0.0,"enemies":"Lagavulin","floor":13.0,"turns":7.0},{"damage":4.0,"enemies":"Exordium Wildlife","floor":14.0,"turns":6.0},{"damage":21.0,"enemies":"The Guardian","floor":16.0,"turns":10.0},{"damage":15.0,"enemies":"3 Byrds","floor":18.0,"turns":6.0},{"damage":0.0,"enemies":"Chosen","floor":20.0,"turns":4.0},{"damage":5,"enemies":"Snake Plant","floor":21,"turns":5},{"damage":0,"enemies":"Book of Stabbing","floor":23,"turns":4},{"damage":14,"enemies":"Slavers","floor":25,"turns":6},{"damage":0,"enemies":"Book of Stabbing","floor":28,"turns":4},{"damage":4,"enemies":"Centurion and Healer","floor":30,"turns":7},{"damage":12,"enemies":"Colosseum Slavers","floor":31,"turns":6},{"damage":3,"enemies":"Colosseum Nobs","floor":31,"turns":5},{"damage":0,"enemies":"Champ","floor":33,"turns":5},{"damage":0,"enemies":"3 Shapes","floor":35,"turns":4},{"damage":10,"enemies":"3 Darklings","floor":36,"turns":6},{"damage":0,"enemies":"Mind Bloom Boss Battle","floor":39,"turns":6},{"damage":0,"enemies":"Giant Head","floor":40,"turns":6},{"damage":25,"enemies":"Writhing Mass","floor":42,"turns":5},{"damage":0,"enemies":"Jaw Worm Horde","floor":45,"turns":6},{"damage":0,"enemies":"4 Shapes","floor":47,"turns":6},{"damage":6,"enemies":"Spire Growth","floor":48,"turns":5},{"damage":2,"enemies":"Time Eater","floor":50,"turns":15},{"damage":0,"enemies":"Awakened One","floor":51,"turns":17}],"seed_played":"-3654464082249670328","potions_obtained":[{"floor":4.0,"key":"LiquidMemories"},{"floor":4.0,"key":"Fruit Juice"},{"floor":7.0,"key":"Fire Potion"},{"floor":11.0,"key":"BlessingOfTheForge"},{"floor":16.0,"key":"SmokeBomb"},{"floor":18.0,"key":"Block Potion"},{"floor":31,"key":"BlessingOfTheForge"},{"floor":45,"key":"SkillPotion"},{"floor":47,"key":"ColorlessPotion"},{"floor":48,"key":"AttackPotion"}],"is_trial":false,"path_per_floor":["M","?","M","?","$","E","M","R","T","M","M","M","E","M","R","B",null,"M","?","M","M","$","E","R","E","T","R","E","R","M","?","R","B",null,"M","M","$","?","?","E","?","M","T","R","M","R","M","M","R","B","B",null],"character_chosen":"THE_SILENT","items_purchased":["Noxious Fumes","Finesse","Escape Plan","Footwork","Apotheosis","Thread and Needle"],"campfire_rested":3,"item_purchase_floors":[5,22,22,37,37,37],"current_hp_per_floor":[59,59,59,59,59,59,63,63,63,48,43,37,37,33,33,12,56,41,41,41,36,36,36,36,22,22,22,22,43,39,34,34,34,69,69,59,59,45,45,45,45,20,20,44,44,44,54,48,72,79,79],"gold":327,"neow_bonus":"THREE_ENEMY_KILL","is_daily":false,"chose_seed":false,"campfire_upgraded":6,"win_rate":0.0,"timestamp":1609229366,"path_taken":["M","?","?","?","?","E","M","R","T","M","?","M","E","M","R","BOSS","M","?","M","M","$","E","R","E","T","R","E","R","M","?","R","BOSS","M","M","$","?","?","E","?","M","T","R","M","R","M","M","R","BOSS","BOSS"],"items_purchased_type":["Card","Card","Card","Card","Card","Relic"],"build_version":"2020-12-22","purchased_purges":3,"victory":true,"max_hp_per_floor":[66,66,66,66,66,66,71,71,71,71,71,71,71,71,71,71,71,71,71,71,71,71,71,71,71,71,71,71,71,71,81,81,81,81,81,81,81,81,81,81,81,81,81,81,81,81,81,81,81,81,81],"card_choices":[{"not_picked":["Bane","Infinite Blades"],"picked":"Backflip","floor":1.0},{"not_picked":["Dagger Throw","Flying Knee"],"picked":"Bouncing Flask","floor":3.0},{"not_picked":["Terror","Cloak And Dagger","Doppelganger"],"picked":"SKIP","floor":6.0},{"not_picked":["Tactician","Poisoned Stab","Predator"],"picked":"Calculated Gamble","floor":7.0},{"not_picked":["Bane","Blade Dance","Slice","Poisoned Stab"],"picked":"SKIP","floor":10.0},{"not_picked":["Underhanded Strike","Quick Slash","Setup"],"picked":"Deflect","floor":11.0},{"not_picked":["Quick Slash","PiercingWail","Leg Sweep"],"picked":"Blur","floor":12.0},{"not_picked":["Cloak And Dagger","Blur","Prepared"],"picked":"Leg Sweep","floor":13.0},{"not_picked":["Flying Knee","Predator","Finisher"],"picked":"Catalyst","floor":14.0},{"not_picked":["Venomology","A Thousand Cuts","Bullet Time"],"picked":"Wraith Form v2","floor":16.0},{"not_picked":["PiercingWail","Blade Dance","Deflect"],"picked":"Acrobatics","floor":18.0},{"not_picked":["Quick Slash+1","Prepared","Blade Dance"],"picked":"Deadly Poison+1","floor":20.0},{"not_picked":["Setup","Cloak And Dagger+1","Dodge and Roll","Bane"],"picked":"SKIP","floor":21},{"not_picked":["Dodge and Roll","Accuracy","Outmaneuver","Flechettes"],"picked":"SKIP","floor":23},{"not_picked":["Dodge and Roll","Prepared","Poisoned Stab"],"picked":"Catalyst","floor":25},{"not_picked":["Dodge and Roll","Endless Agony","Blade Dance","Night Terror"],"picked":"SKIP","floor":28},{"not_picked":["Prepared","Deflect","Underhanded Strike","Blade Dance"],"picked":"SKIP","floor":30},{"not_picked":["Slice","Bane","Dagger Throw+1"],"picked":"Well Laid Plans","floor":31},{"not_picked":["Phantasmal Killer","Storm of Steel","Grand Finale"],"picked":"After Image","floor":33},{"not_picked":["Backstab","Calculated Gamble","Blade Dance+1"],"picked":"PiercingWail+1","floor":35},{"not_picked":["Poisoned Stab","Slice","Setup","PiercingWail+1"],"picked":"SKIP","floor":36},{"not_picked":["Choke","Poisoned Stab","Accuracy","Underhanded Strike"],"picked":"SKIP","floor":40},{"not_picked":["Cloak And Dagger","Blade Dance","Poisoned Stab"],"picked":"Backflip+1","floor":42},{"not_picked":["Riddle With Holes","Underhanded Strike+1","Flying Knee+1","Predator+1"],"picked":"SKIP","floor":45},{"not_picked":["Bane","Dagger Throw+1","Infinite Blades"],"picked":"Wraith Form v2","floor":47},{"not_picked":["Cloak And Dagger","Dash+1","Finisher","Noxious Fumes"],"picked":"SKIP","floor":48}],"player_experience":963186,"relics_obtained":[{"floor":6.0,"key":"Question Card"},{"floor":9.0,"key":"Oddly Smooth Stone"},{"floor":13.0,"key":"Bottled Tornado"},{"floor":23,"key":"TungstenRod"},{"floor":25,"key":"Akabeko"},{"floor":26,"key":"Anchor"},{"floor":28,"key":"Smiling Mask"},{"floor":31,"key":"Calipers"},{"floor":31,"key":"Pear"},{"floor":39,"key":"Du-Vu Doll"},{"floor":40,"key":"Gremlin Horn"},{"floor":43,"key":"Toy Ornithopter"}],"event_choices":[{"damage_healed":0.0,"max_hp_gain":0.0,"max_hp_loss":0.0,"gold_gain":0.0,"event_name":"FaceTrader","player_choice":"Trade","floor":2.0,"gold_loss":0.0,"damage_taken":0.0,"relics_obtained":["SsserpentHead"]},{"damage_healed":0.0,"max_hp_gain":0.0,"max_hp_loss":0.0,"gold_gain":0.0,"event_name":"Lab","player_choice":"Got Potions","floor":4.0,"gold_loss":0.0,"damage_taken":0.0},{"damage_healed":0.0,"max_hp_gain":0.0,"max_hp_loss":0.0,"gold_gain":50.0,"event_name":"Nest","player_choice":"Stole From Cult","floor":19.0,"gold_loss":0.0,"damage_taken":0.0},{"damage_healed":0,"gold_gain":0,"player_choice":"Fight","damage_taken":0,"max_hp_gain":0,"max_hp_loss":0,"event_name":"Colosseum","floor":31,"gold_loss":0},{"damage_healed":0,"gold_gain":0,"player_choice":"Fought Nobs","damage_taken":0,"max_hp_gain":0,"max_hp_loss":0,"event_name":"Colosseum","floor":31,"gold_loss":0},{"damage_healed":0,"gold_gain":0,"player_choice":"Embrace Madness","damage_taken":15,"max_hp_gain":0,"max_hp_loss":0,"event_name":"Winding Halls","floor":38,"gold_loss":0,"cards_obtained":["Madness","Madness"]},{"damage_healed":0,"gold_gain":0,"player_choice":"Fight","damage_taken":0,"max_hp_gain":0,"max_hp_loss":0,"event_name":"MindBloom","floor":39,"gold_loss":0},{"damage_healed":0,"gold_gain":0,"player_choice":"Ignored","damage_taken":0,"max_hp_gain":0,"max_hp_loss":0,"event_name":"Tomb of Lord Red Mask","floor":41,"gold_loss":0}],"is_beta":false,"boss_relics":[{"not_picked":["Velvet Choker","Fusion Hammer"],"picked":"SlaversCollar"},{"not_picked":["Coffee Dripper","WristBlade"],"picked":"HoveringKite"}],"items_purged_floors":[5,22,37],"is_endless":false,"potions_floor_spawned":[7,11,12,16,18,20,31,33,35,45,47,48],"ascension_level":20}}