{"host":"qwp6882a7gaon7u5","time":1609257913,"event":{"mods":["ATMod(°¢èªMod)","BaseMod","BetterRewards","Minty Spire (QoL Compilation)","Red Circlet Mod","Replay The Spire","RumiaBox-Â¶Ã×æ«µÄÉñÃØºÐ×Ó","Spicy Shops","StSLib","¡¾¹¦ÄÜMod¡¿»ìãçÖ®»·ÐÞ¸´²¹¶¡","¡¾ÒÅÎï¿¨ÅÆ¡¿REMEMod"],"gold_per_floor":[117,42,57,57,57,76,76,102,156,187,230,257,257,292,292,390,390,406,420,420,439,451,480,480,505,505,516,43,77,15,33,33,135,135,145,161,207,217,217,263,291,77,77,108,108,136,148,181,181,181,181,181,4,34,34],"floor_reached":56,"playtime":3584,"items_purged":["AT_MyraUnstableElement","Wraith Form v2","A Thousand Cuts"],"score":2059,"play_id":"f224a387-7cb8-4252-a434-020947afa1ec","local_time":"20201230000513","is_ascension_mode":true,"campfire_choices":[{"data":"AT_Dispersion","floor":7,"key":"SMITH"},{"data":"REME_SpectralBlade","floor":13,"key":"SMITH"},{"data":"AT_KingSlayer","floor":15,"key":"SMITH"},{"data":"Adrenaline","floor":32,"key":"SMITH"},{"data":"Tools of the Trade","floor":45,"key":"SMITH"},{"floor":49,"key":"RECALL"},{"data":"Accuracy","floor":52,"key":"SMITH"}],"circlet_count":0,"master_deck":["AT_KingSlayer+1","Tools of the Trade+1","Unload","Venomology","After Image","Glass Knife","Unload","REME_SpectralBlade+1","AT_KingSlayer","Footwork","AT_Dispersion+1","Blur","Cloak And Dagger","Escape Plan","AT_TinkerSharpsword","Adrenaline+1","Accuracy+1","Backflip+1","Cloak And Dagger","AT_ArcaneSupremacy","Hidden Blade","Acrobatics+1","Blade Dance","Backstab+1","Infinite Blades","Specialist","Cloak And Dagger+1","Blade Dance+1","Apotheosis"],"relics":["REME_ComplimentaryCards","AT_ATBox","SumBook","GodSword5","Sizzling Blood","Omamori","ReplayTheSpireMod:Shallot","Paper Crane","AT_Manta","ReplayTheSpireMod:DimensionalGlitch","SSSystem","AT_TimeSand","LastBattle","Juzu Bracelet","Potion Belt","Bag of Marbles","MawBank","Frozen Eye","Philosopher\u0027s Stone","Calipers","Pet Ghost","AT_EbonyIvory","ReplayTheSpireMod:CursedCoin","BargainBundle","AT_ChloranthyRing","GodSword4","AT_ArchangelStaff","MealTicket","Singing Bowl","GodSword1"],"acts_visited":["Exordium","TheCity","TheBeyond","TheEnding"],"potions_floor_usage":[6,8,8,10,10,11,14,16,16,18,18,18,21,21,22,22,23,25,25,27,27,29,33,35,36,36,36,36,37,37,55,55,55,55,55],"damage_taken":[{"damage":10,"enemies":"Small Slimes","floor":1,"turns":3},{"damage":0,"enemies":"2 Louse","floor":3,"turns":2},{"damage":0,"enemies":"Jaw Worm","floor":6,"turns":2},{"damage":2,"enemies":"Replay:BlueRogue","floor":8,"turns":6},{"damage":10,"enemies":"3 Sentries","floor":10,"turns":4},{"damage":0,"enemies":"Exordium Wildlife","floor":11,"turns":6},{"damage":15,"enemies":"Gremlin Nob","floor":12,"turns":4},{"damage":0,"enemies":"Lagavulin","floor":14,"turns":5},{"damage":1,"enemies":"Hexaghost","floor":16,"turns":7},{"damage":0,"enemies":"2 Thieves","floor":18,"turns":2},{"damage":0,"enemies":"Shell Parasite","floor":19,"turns":4},{"damage":0,"enemies":"Snake Plant","floor":21,"turns":2},{"damage":0,"enemies":"Chosen and Byrds","floor":22,"turns":5},{"damage":3,"enemies":"REME_1_Revenger","floor":23,"turns":4},{"damage":0,"enemies":"Slavers","floor":25,"turns":5},{"damage":0,"enemies":"Sentry and Sphere","floor":27,"turns":3},{"damage":0,"enemies":"Replay:Snechameleon","floor":29,"turns":2},{"damage":0,"enemies":"Snake Plant","floor":31,"turns":2},{"damage":0,"enemies":"Champ","floor":33,"turns":4},{"damage":0,"enemies":"3 Darklings","floor":35,"turns":2},{"damage":0,"enemies":"Orb Walker","floor":36,"turns":2},{"damage":0,"enemies":"2 Orb Walkers","floor":37,"turns":2},{"damage":0,"enemies":"Sphere and 2 Shapes","floor":38,"turns":3},{"damage":0,"enemies":"Nemesis","floor":41,"turns":1},{"damage":0,"enemies":"R_Hoarder","floor":44,"turns":1},{"damage":0,"enemies":"Reptomancer","floor":46,"turns":1},{"damage":0,"enemies":"3 Darklings","floor":47,"turns":1},{"damage":0,"enemies":"Giant Head","floor":48,"turns":1},{"damage":0,"enemies":"Donu and Deca","floor":50,"turns":2},{"damage":0,"enemies":"Shield and Spear","floor":54,"turns":2},{"damage":50,"enemies":"The Heart","floor":55,"turns":5}],"seed_played":"5936783025173252734","potions_obtained":[{"floor":3,"key":"SkillPotion"},{"floor":6,"key":"CultistPotion"},{"floor":8,"key":"AttackPotion"},{"floor":12,"key":"ColorlessPotion"},{"floor":16,"key":"Elixir"},{"floor":23,"key":"BlessingOfTheForge"},{"floor":29,"key":"Block Potion"},{"floor":31,"key":"Dexterity Potion"},{"floor":44,"key":"PowerPotion"},{"floor":46,"key":"LifebloodPotion"}],"is_trial":false,"path_per_floor":["M","$","M","?","?","M","R","E","T","E","M","E","R","E","R","B",null,"M","M","?","M","M","E","?","E","T","M","$","E","$","M","R","B",null,"M","M","?","M","?","?","E","$","T","E","R","E","M","E","R","B",null,"R","$","E","B",null],"character_chosen":"THE_SILENT","items_purchased":["SumBook","GodSword5","Footwork","Juzu Bracelet","Potion Belt","Bag of Marbles","Frozen Eye","ReplayTheSpireMod:CursedCoin","BargainBundle","AT_ChloranthyRing","Infinite Blades","Specialist","Apotheosis"],"campfire_rested":0,"item_purchase_floors":[0,0,0,28,28,28,30,42,42,42,42,42,53],"current_hp_per_floor":[43,43,43,48,41,46,46,49,49,44,49,39,39,44,44,48,74,74,74,60,65,70,72,72,77,77,79,79,79,79,79,79,79,79,79,79,79,79,79,60,65,65,65,70,70,75,79,81,81,81,81,81,81,83,38],"gold":34,"neow_bonus":"","is_daily":false,"chose_seed":false,"campfire_upgraded":6,"win_rate":0.0,"timestamp":1609257913,"path_taken":["M","$","M","?","?","M","R","E","T","E","M","E","R","E","R","BOSS","M","M","?","M","M","E","?","E","T","M","?","E","$","M","R","BOSS","M","M","?","M","?","?","E","$","T","E","R","E","M","E","R","BOSS","R","$","E","BOSS"],"items_purchased_type":["Relic","Relic","Card","Relic","Relic","Relic","Relic","Relic","Relic","Relic","Card","Card","Card"],"build_version":"2020-12-22","purchased_purges":3,"victory":true,"max_hp_per_floor":[70,70,70,74,74,74,74,74,74,74,74,74,74,74,74,74,74,74,74,79,79,79,79,79,79,79,79,79,79,79,79,79,79,79,79,79,79,79,79,79,79,79,79,79,79,79,79,81,81,81,81,81,81,83,83],"card_choices":[{"not_picked":["Sucker Punch","Skewer","Dodge and Roll"],"picked":"SKIP","floor":1},{"not_picked":["Dagger Throw","Toxin Wave","Reflex"],"picked":"SKIP","floor":3},{"not_picked":["Acrobatics","PiercingWail"],"picked":"Cloak And Dagger","floor":6},{"not_picked":["Finisher","Acrobatics"],"picked":"Escape Plan","floor":8},{"not_picked":["Finisher","Poisoned Stab"],"picked":"AT_TinkerSharpsword","floor":10},{"not_picked":["Eviscerate","Bane","Dagger Throw"],"picked":"SKIP","floor":11},{"not_picked":["Flying Knee","Acrobatics","PiercingWail"],"picked":"SKIP","floor":12},{"not_picked":["Flechettes","Dodge and Roll","Setup"],"picked":"SKIP","floor":14},{"not_picked":["REME_GrazeFinale","Atom Bomb"],"picked":"Adrenaline","floor":16},{"not_picked":["Blade Dance","AT_WomanClash"],"picked":"Accuracy","floor":18},{"not_picked":["Sneak Up+1","Deadly Poison+1"],"picked":"Backflip+1","floor":19},{"not_picked":["Terror","Slice"],"picked":"Cloak And Dagger","floor":21},{"not_picked":["Cloak And Dagger","Dagger Throw","AT_FocusSwordFire"],"picked":"SKIP","floor":22},{"not_picked":["Outmaneuver","REME_ShadowStrike","Distraction"],"picked":"SKIP","floor":23},{"not_picked":["Masterful Stab+1","Poisoned Stab+1"],"picked":"AT_ArcaneSupremacy","floor":25},{"not_picked":["Grand Finale","Quick Slash","Bane+1"],"picked":"SKIP","floor":27},{"not_picked":["Deadly Poison","Caltrops","Eviscerate"],"picked":"SKIP","floor":29},{"not_picked":["Bane+1","AT_WindFlip+1"],"picked":"Hidden Blade","floor":31},{"not_picked":["REME_ShadowForm","REME_GrazeFinale"],"picked":"A Thousand Cuts","floor":33},{"not_picked":["Bane","Underhanded Strike+1","PiercingWail"],"picked":"SKIP","floor":35},{"not_picked":["Dagger Spray","Terror"],"picked":"Acrobatics+1","floor":36},{"not_picked":["Dagger Throw+1","Die Die Die"],"picked":"Blade Dance","floor":37},{"not_picked":["AT_WindFlip","Cloak And Dagger","Flechettes"],"picked":"SKIP","floor":38},{"not_picked":["Setup","AT_WindFlip+1"],"picked":"Backstab+1","floor":40},{"not_picked":["Hidden Blade","Bouncing Flask","Eviscerate"],"picked":"SKIP","floor":41},{"not_picked":["AT_WindRun","Sneak Up","AT_ThistleTea"],"picked":"SKIP","floor":44},{"not_picked":["Toxin Wave","Blade Dance+1"],"picked":"Cloak And Dagger+1","floor":46},{"not_picked":["Endless Agony","Outmaneuver"],"picked":"Blade Dance+1","floor":47},{"not_picked":["Draining Mist+1","Flying Knee","Sucker Punch+1"],"picked":"Singing Bowl","floor":48},{"not_picked":["Backstab+1","Bane+1","Eviscerate"],"picked":"Singing Bowl","floor":54}],"player_experience":151220,"relics_obtained":[{"floor":8,"key":"Omamori"},{"floor":10,"key":"ReplayTheSpireMod:Shallot"},{"floor":12,"key":"Paper Crane"},{"floor":14,"key":"AT_Manta"},{"floor":23,"key":"SSSystem"},{"floor":25,"key":"AT_TimeSand"},{"floor":26,"key":"LastBattle"},{"floor":29,"key":"MawBank"},{"floor":37,"key":"Calipers"},{"floor":40,"key":"Pet Ghost"},{"floor":41,"key":"AT_EbonyIvory"},{"floor":43,"key":"GodSword4"},{"floor":44,"key":"AT_ArchangelStaff"},{"floor":46,"key":"MealTicket"},{"floor":48,"key":"Singing Bowl"},{"floor":54,"key":"GodSword1"}],"event_choices":[{"cards_removed":["AT_MyraUnstableElement"],"damage_healed":0,"gold_gain":0,"player_choice":"Card Removal","damage_taken":7,"max_hp_gain":0,"max_hp_loss":0,"event_name":"Golden Wing","floor":5,"gold_loss":0},{"damage_healed":0,"gold_gain":0,"player_choice":"Shed Blood","damage_taken":19,"max_hp_gain":5,"max_hp_loss":0,"event_name":"Forgotten Altar","floor":20,"gold_loss":0},{"damage_healed":0,"gold_gain":0,"player_choice":"Ignored","damage_taken":0,"max_hp_gain":0,"max_hp_loss":0,"event_name":"Vampires","floor":24,"gold_loss":0},{"damage_healed":0,"gold_gain":0,"player_choice":"Fight","damage_taken":0,"max_hp_gain":0,"max_hp_loss":0,"event_name":"Mysterious Sphere","floor":37,"gold_loss":0}],"is_beta":false,"boss_relics":[{"not_picked":["Replay:Drink Me","Sozu"],"picked":"ReplayTheSpireMod:DimensionalGlitch"},{"not_picked":["Astrolabe","ChewingGum"],"picked":"Philosopher\u0027s Stone"}],"items_purged_floors":[2,28,42],"is_endless":false,"potions_floor_spawned":[3,6,8,12,16,19,23,29,31,41,44,46,48,54],"ascension_level":1}}