{"host":"0hb9w7uizu7y13wj","time":1609259780,"event":{"mods":["Act Like it!","Aspiration","BaseMod","BetterRewards","Colored Map","Conspire","Downfall","Energized Spire","FTL Soundtrack","Friendly Minions","Halation","Hubris","Infinite Spire","Minty Spire (QoL Compilation)","Quick Restart","Replay The Spire","StSLib","Synergy Search","The Factory","The Hierophant","The Jungle","The Poker Player","Trackpad","everything is the same but u backflip on backflip","vexMod"],"gold_per_floor":[117,23,34,34,54,81,81,110,110,135,146,146,171,191,191,265,265,284,284,302,319,319,345,345,398,398,429,444,477,477,477,477,555,555,574,594,617,635,635,635,664,664,664,691,691,723,723,723,723],"floor_reached":47,"playtime":2220,"items_purged":["PokerPlayerMod:Diamond1"],"score":1353,"play_id":"70a09730-0e6d-41c9-9fc0-1fb1f36b33fa","local_time":"20201229163620","is_ascension_mode":true,"metric_token":1618,"campfire_choices":[{"data":"PokerPlayerMod:BadJoker","floor":7.0,"key":"SMITH"},{"data":"PokerPlayerMod:Mulligan","floor":15.0,"key":"SMITH"},{"data":"PokerPlayerMod:ItsShowtime","floor":24.0,"key":"SMITH"},{"data":"PokerPlayerMod:WildCard","floor":32.0,"key":"SMITH"},{"data":"PokerPlayerMod:Duplicate","floor":40.0,"key":"SMITH"},{"data":"PokerPlayerMod:Raise","floor":42.0,"key":"SMITH"},{"data":"PokerPlayerMod:Raise","floor":45.0,"key":"SMITH"}],"circlet_count":0,"master_deck":["AscendersBane","PokerPlayerMod:Diamond2","PokerPlayerMod:Diamond3","PokerPlayerMod:Diamond4","PokerPlayerMod:Diamond5","PokerPlayerMod:Spade2","PokerPlayerMod:Spade3","PokerPlayerMod:Spade4","PokerPlayerMod:Club2","PokerPlayerMod:Heart2","PokerPlayerMod:TrumpStrike","PokerPlayerMod:BadJoker+1","PokerPlayerMod:Mulligan+1","PokerPlayerMod:Heart5","PokerPlayerMod:DiamondStrike","PokerPlayerMod:CloakAndDiamond","PokerPlayerMod:Spade7","PokerPlayerMod:Spade6","PokerPlayerMod:ClubStrike","PokerPlayerMod:ItsShowtime+1","PokerPlayerMod:Club6","PokerPlayerMod:Duplicate+1","PokerPlayerMod:Club6","PokerPlayerMod:WildCard+1","PokerPlayerMod:Spade8","PokerPlayerMod:Spade7","Pain","PokerPlayerMod:Promotion","PokerPlayerMod:ClubShade+1","PokerPlayerMod:ClubDance+1","PokerPlayerMod:Raise+1","PokerPlayerMod:Raise+1","PokerPlayerMod:FlyingCard","ReplayTheSpireMod:Chaos Vortex","PokerPlayerMod:Promotion","PokerPlayerMod:Spade8","PokerPlayerMod:Diamond8"],"relics":["PokerPlayerMod:DeckCase","hubris:64BitClover","PokerPlayerMod:PendantOfEscape","Tiny Chest","trackpad:WindUpAutoDealer","Eternal Feather","conspire:BottledYoYo","trackpad:BottledShadow","Replay:Wax Seal","Odd Mushroom","halation:ForbiddenBikini","trackpad:PetRock","Cauldron","Shovel","infinitespire:Satchel","trackpad:ToughGloves","Prayer Wheel","WarpedTongs","Empty Cage","Regal Pillow","infinitespire:WardingShard","Mango","Quantum Egg","Blue Doll","Dream Catcher"],"acts_visited":["Exordium","TheCity","TheBeyond"],"potions_floor_usage":[],"damage_taken":[{"damage":6.0,"enemies":"Jaw Worm","floor":1.0,"turns":3.0},{"damage":0.0,"enemies":"2 Louse","floor":3.0,"turns":2.0},{"damage":0.0,"enemies":"Small Slimes","floor":5.0,"turns":2.0},{"damage":9.0,"enemies":"Gremlin Nob","floor":6.0,"turns":4.0},{"damage":1.0,"enemies":"Replay:BlueRogue","floor":8.0,"turns":6.0},{"damage":0.0,"enemies":"Lagavulin","floor":10.0,"turns":4.0},{"damage":7.0,"enemies":"Blue Slaver","floor":11.0,"turns":3.0},{"damage":0.0,"enemies":"The Mushroom Lair","floor":13.0,"turns":2.0},{"damage":1.0,"enemies":"3 Louse","floor":14.0,"turns":2.0},{"damage":6.0,"enemies":"Slime Boss","floor":16.0,"turns":5.0},{"damage":8.0,"enemies":"Shell Parasite","floor":18.0,"turns":3.0},{"damage":0.0,"enemies":"Spheric Guardian","floor":20.0,"turns":1.0},{"damage":0.0,"enemies":"3 Cultists","floor":21.0,"turns":3.0},{"damage":3.0,"enemies":"Gremlin Leader","floor":23.0,"turns":4.0},{"damage":0.0,"enemies":"Book of Stabbing","floor":27.0,"turns":3.0},{"damage":0.0,"enemies":"Snecko","floor":28.0,"turns":3.0},{"damage":5.0,"enemies":"Slavers","floor":29.0,"turns":2.0},{"damage":12.0,"enemies":"conspire:MysteriousRune","floor":33.0,"turns":7.0},{"damage":17.0,"enemies":"3 Darklings","floor":35.0,"turns":4.0},{"damage":4.0,"enemies":"Orb Walker","floor":36.0,"turns":3.0},{"damage":0.0,"enemies":"4 Shapes","floor":38.0,"turns":1.0},{"damage":47.0,"enemies":"Nightmare","floor":41.0,"turns":7.0},{"damage":26.0,"enemies":"Reptomancer","floor":44.0,"turns":7.0},{"damage":19.0,"enemies":"Nemesis","floor":46.0,"turns":5.0},{"damage":1,"enemies":"Transient","floor":47,"turns":1}],"seed_played":"-1308691422204373642","potions_obtained":[{"floor":1.0,"key":"Adrenaline Potion"},{"floor":5.0,"key":"Ancient Potion"},{"floor":6.0,"key":"Energy Potion"},{"floor":16.0,"key":"sneckomod:MuddlingPotion"},{"floor":22.0,"key":"EssenceOfSteel"},{"floor":29.0,"key":"Block Potion"},{"floor":33.0,"key":"ColorlessPotion"}],"is_trial":false,"path_per_floor":["M","$","M","?","M","E","R","E","T","E","M","$","?","M","R","B",null,"M","?","M","M","AVR","E","R","T","T","E","M","E","?","?","R","B",null,"M","M","T","M","$","R","NM","R","T","E","R","E","M"],"character_chosen":"THE_POKER_PLAYER","items_purchased":["hubris:64BitClover","PokerPlayerMod:PendantOfEscape","Tiny Chest","PokerPlayerMod:Heart5","PokerPlayerMod:DiamondStrike","PokerPlayerMod:CloakAndDiamond","PokerPlayerMod:Spade6"],"campfire_rested":0,"item_purchase_floors":[0,0,0,0,0,0,2],"current_hp_per_floor":[20,20,28,28,33,34,46,48,48,48,41,41,41,43,48,42,47,39,48,48,48,48,45,48,48,48,48,48,43,43,43,48,36,45,45,41,41,41,41,48,23,44,44,39,60,59,58,58,58],"gold":723,"neow_bonus":"","is_daily":false,"chose_seed":false,"campfire_upgraded":7,"win_rate":0.0,"timestamp":1609259780,"path_taken":["M","$","M","?","M","E","R","E","T","E","M","$","?","M","R","BOSS","M","?","M","M","AVR","E","R","?","T","E","M","E","?","?","R","BOSS","M","?","?","M","$","R","NM","R","T","E","R","E","M"],"items_purchased_type":["Relic","Relic","Relic","Card","Card","Card","Card"],"build_version":"2020-12-22","purchased_purges":1,"victory":false,"max_hp_per_floor":[48,48,48,48,48,48,48,48,48,48,48,48,48,48,48,48,48,48,48,48,48,48,48,48,48,48,48,48,48,48,48,48,48,48,48,48,48,48,48,48,62,62,62,62,62,62,62,62,62],"card_choices":[{"not_picked":["PokerPlayerMod:Diamond4","PokerPlayerMod:DiamondStrike"],"picked":"PokerPlayerMod:Spade7","floor":1.0},{"not_picked":["PokerPlayerMod:Diamond4","PokerPlayerMod:Diamond5","PokerPlayerMod:SpadeStrike"],"picked":"SKIP","floor":3.0},{"not_picked":["PokerPlayerMod:Club1","PokerPlayerMod:CloakAndDiamond"],"picked":"PokerPlayerMod:ClubStrike","floor":5.0},{"not_picked":["PokerPlayerMod:SpadeStrike","PokerPlayerMod:Spade4"],"picked":"PokerPlayerMod:ItsShowtime","floor":6.0},{"not_picked":["PokerPlayerMod:Heart2","PokerPlayerMod:Club4","PokerPlayerMod:ClubsClub"],"picked":"SKIP","floor":8.0},{"not_picked":["PokerPlayerMod:FillThePot","PokerPlayerMod:JackOfSpades"],"picked":"PokerPlayerMod:Club6","floor":10.0},{"not_picked":["PokerPlayerMod:Diamond1","PokerPlayerMod:Diamond5","PokerPlayerMod:ClubDance"],"picked":"SKIP","floor":11.0},{"not_picked":["PokerPlayerMod:Club1","PokerPlayerMod:Diamond1","PokerPlayerMod:Fold"],"picked":"SKIP","floor":14.0},{"not_picked":["PokerPlayerMod:Diamond7","PokerPlayerMod:RoyalStrike"],"picked":"PokerPlayerMod:Duplicate","floor":16.0},{"not_picked":["PokerPlayerMod:Spade2","PokerPlayerMod:Diamond5","PokerPlayerMod:Club3"],"picked":"SKIP","floor":18.0},{"not_picked":["PokerPlayerMod:Club5","PokerPlayerMod:Spade2","PokerPlayerMod:ClubsClub"],"picked":"SKIP","floor":20.0},{"not_picked":["PokerPlayerMod:DartThrow","PokerPlayerMod:Diamond8"],"picked":"PokerPlayerMod:Club6","floor":21.0},{"not_picked":["PokerPlayerMod:RiskyBet","PokerPlayerMod:Spade3"],"picked":"PokerPlayerMod:WildCard","floor":23.0},{"not_picked":["PokerPlayerMod:CloakAndDiamond+1","PokerPlayerMod:Diamond2"],"picked":"PokerPlayerMod:Spade8","floor":27.0},{"not_picked":["PokerPlayerMod:CardPrinter","PokerPlayerMod:Heart4","PokerPlayerMod:Diamond2"],"picked":"SKIP","floor":28.0},{"not_picked":["PokerPlayerMod:ClubDance","PokerPlayerMod:Diamond2"],"picked":"PokerPlayerMod:Spade7","floor":29.0},{"not_picked":["PokerPlayerMod:Spade8","PokerPlayerMod:Spade7"],"picked":"PokerPlayerMod:Promotion","floor":33.0},{"not_picked":["PokerPlayerMod:Club4","PokerPlayerMod:Extraction"],"picked":"PokerPlayerMod:ClubShade+1","floor":35.0},{"not_picked":["PokerPlayerMod:Extraction+1","PokerPlayerMod:SpadeStrike"],"picked":"PokerPlayerMod:ClubDance+1","floor":35.0},{"not_picked":["PokerPlayerMod:ClubShade","PokerPlayerMod:Spade1"],"picked":"PokerPlayerMod:Raise","floor":36.0},{"not_picked":["PokerPlayerMod:Diamond3","PokerPlayerMod:Fold+1"],"picked":"PokerPlayerMod:Raise","floor":36.0},{"not_picked":["PokerPlayerMod:Spade1","PokerPlayerMod:Diamond1"],"picked":"PokerPlayerMod:FlyingCard","floor":38.0},{"not_picked":["PokerPlayerMod:Diamond1","PokerPlayerMod:WasteCollection","PokerPlayerMod:Diamond2"],"picked":"SKIP","floor":38.0},{"not_picked":["infinitespire:UltimateForm","infinitespire:SevenWalls"],"picked":"ReplayTheSpireMod:Chaos Vortex","floor":41.0},{"not_picked":["PokerPlayerMod:CloakAndDiamond","PokerPlayerMod:Spade1"],"picked":"PokerPlayerMod:Promotion","floor":41.0},{"not_picked":["PokerPlayerMod:DartThrow+1","PokerPlayerMod:Diamond3"],"picked":"PokerPlayerMod:Spade8","floor":44.0},{"not_picked":["PokerPlayerMod:Heart4","PokerPlayerMod:SpadeStrike+1"],"picked":"PokerPlayerMod:Diamond8","floor":46.0}],"player_experience":914908,"relics_obtained":[{"floor":6.0,"key":"Eternal Feather"},{"floor":8.0,"key":"conspire:BottledYoYo"},{"floor":9.0,"key":"trackpad:BottledShadow"},{"floor":10.0,"key":"Replay:Wax Seal"},{"floor":13.0,"key":"Odd Mushroom"},{"floor":18.0,"key":"trackpad:PetRock"},{"floor":23.0,"key":"Shovel"},{"floor":25.0,"key":"infinitespire:Satchel"},{"floor":27.0,"key":"trackpad:ToughGloves"},{"floor":29.0,"key":"Prayer Wheel"},{"floor":37.0,"key":"Regal Pillow"},{"floor":38.0,"key":"infinitespire:WardingShard"},{"floor":41.0,"key":"Mango"},{"floor":43.0,"key":"Quantum Egg"},{"floor":44.0,"key":"Blue Doll"},{"floor":46.0,"key":"Dream Catcher"}],"event_choices":[{"damage_healed":0.0,"max_hp_gain":0.0,"max_hp_loss":0.0,"gold_gain":0.0,"event_name":"Mushrooms","player_choice":"Fought Mushrooms","floor":13.0,"gold_loss":0.0,"damage_taken":0.0},{"damage_healed":10.0,"max_hp_gain":0.0,"max_hp_loss":0.0,"gold_gain":0.0,"event_name":"The Library","player_choice":"Heal","floor":19.0,"gold_loss":0.0,"damage_taken":0.0},{"damage_healed":0.0,"max_hp_gain":0.0,"max_hp_loss":0.0,"gold_gain":0.0,"event_name":"Accursed Blacksmith","player_choice":"Rummage","floor":31.0,"gold_loss":0.0,"damage_taken":0.0,"relics_obtained":["WarpedTongs"],"cards_obtained":["Pain"]}],"is_beta":false,"boss_relics":[{"not_picked":["aspiration:SecretTechniqueScroll","halation:CatFaceCupcake"],"picked":"halation:ForbiddenBikini"},{"not_picked":["energizedSpire:MagnifyingGlass","Snecko Heart"],"picked":"Empty Cage"}],"items_purged_floors":[22],"is_endless":false,"potions_floor_spawned":[1,5,6,16,18,29,33,35,36,38],"killed_by":"Transient","ascension_level":20}}