{"host":"qzpuxnheibnu7155","time":1609208671,"event":{"mods":["Act Like it!","BaseMod","Displayed Cursed Tome","Minty Spire (QoL Compilation)","MostiFishMod","Pale of the Ancients","Remilia（蕾米莉亚）","RumiaBox-露米娅的神秘盒子","StSLib","TestMod","Waifu the Spire","【功能Mod】Neow奖励","【遗物卡牌】REMEMod","没有小屋子和绿帽子啦"],"gold_per_floor":[112,112,328,348,365,422,497,497,497,574,630,657,657,660,660],"floor_reached":14,"playtime":1043,"items_purged":[],"score":196,"play_id":"b580d781-8869-4825-84d9-9348af9ff129","local_time":"20201229102431","is_ascension_mode":true,"campfire_choices":[{"floor":8.0,"key":"RECALL"}],"circlet_count":0,"master_deck":["AscendersBane","Strike_RM","Strike_RM","Strike_RM","Strike_RM","Defend_RM","Defend_RM","Defend_RM","Defend_RM","RedMoon","ScarletShoot","Backstab","FavorOfDestiny","UnstableMagic","UnstableMagic","ScarletSymphony","BloodyCatastrophe","BombardNight","EquivalentExchange","BloodySeventeenLaser","BombardNight","VampirishNight"],"relics":["ScarletHat","DaveBox","testmod-TestBox","REME_ComplimentaryCards","testmod-Acrobat","RhineCircuit","Tiny Chest","SynthV:TestCard","Baka","StrikeDummy","The Courier","Happy Flower","Centennial Puzzle","Bag of Preparation"],"acts_visited":["Exordium"],"potions_floor_usage":[11,11],"damage_taken":[{"damage":3.0,"enemies":"Jaw Worm","floor":1.0,"turns":3.0},{"damage":10.0,"enemies":"2 Louse","floor":3.0,"turns":8.0},{"damage":0.0,"enemies":"Small Slimes","floor":4.0,"turns":3.0},{"damage":2.0,"enemies":"Looter","floor":5.0,"turns":4.0},{"damage":13.0,"enemies":"3 Sentries","floor":6.0,"turns":16.0},{"damage":0.0,"enemies":"3 Sentries","floor":10.0,"turns":9.0},{"damage":17,"enemies":"Lagavulin","floor":11,"turns":5},{"damage":1,"enemies":"Gremlin Nob","floor":14,"turns":3}],"seed_played":"981256213783512865","potions_obtained":[{"floor":3.0,"key":"Dexterity Potion"},{"floor":4.0,"key":"Strength Potion"},{"floor":5.0,"key":"Fire Potion"},{"floor":10.0,"key":"testmod-TestPotion"}],"is_trial":false,"path_per_floor":["M","?","M","M","M","E","?","R","T","?","E","T","?","E"],"character_chosen":"REMILIA","items_purchased":[],"campfire_rested":0,"item_purchase_floors":[],"current_hp_per_floor":[60,55,47,47,58,51,40,40,40,42,31,31,31,30,30],"gold":660,"neow_bonus":"RANDOM_COMMON_RELIC","is_daily":false,"chose_seed":false,"campfire_upgraded":0,"win_rate":0.0,"timestamp":1609208671,"path_taken":["M","?","M","M","M","E","?","R","T","?","E","?","?","E"],"items_purchased_type":[],"build_version":"2020-12-22","purchased_purges":0,"victory":false,"max_hp_per_floor":[70,70,70,70,70,70,70,70,70,70,70,70,70,70,70],"card_choices":[{"not_picked":["GlobalNightmare","LeisurelyOfLord"],"picked":"FavorOfDestiny","floor":1.0},{"not_picked":["Septette","GlobalNightmare","EndlessAdversity","BadLadyScramble"],"picked":"UnstableMagic","floor":3.0},{"not_picked":["CharismaGuard","EmergencyRegeneration","FavorOfDestiny","BloodHunter"],"picked":"UnstableMagic","floor":4.0},{"not_picked":["BloodHunter","CharismaGuard","DiffusionOfMisfortune","MillenniumVampire"],"picked":"ScarletSymphony","floor":5.0},{"not_picked":["UltimateOffering","MiserableFate","BadLadyScramble","UnstableMagic"],"picked":"BloodyCatastrophe","floor":6.0},{"not_picked":["VampireKiss","DiffusionOfMisfortune","RedMagic","RedRainbow"],"picked":"BombardNight","floor":10.0},{"not_picked":["RedRainbow","Ultimatum","CharismaGuard","Stigmanizer"],"picked":"EquivalentExchange","floor":11},{"not_picked":["ScarletDevil","HeartBreak","MastersStateliness","BadLadyScramble"],"picked":"BloodySeventeenLaser","floor":11},{"not_picked":["ScarletImprint","ScarletDevil","UnderTheZenith","UnstableMagic"],"picked":"BombardNight","floor":11},{"not_picked":["FavorOfDestiny","RedMagic","CharismaGuard","MiserableFate","EndlessAdversity"],"picked":"SKIP","floor":11}],"player_experience":562183,"relics_obtained":[{"floor":1.0,"key":"SynthV:TestCard"},{"floor":1.0,"key":"Baka"},{"floor":6.0,"key":"The Courier"},{"floor":10.0,"key":"Happy Flower"},{"floor":11,"key":"Centennial Puzzle"},{"floor":12,"key":"Bag of Preparation"}],"event_choices":[{"damage_healed":0.0,"max_hp_gain":0.0,"max_hp_loss":0.0,"gold_gain":0.0,"event_name":"Scrap Ooze","player_choice":"Success","floor":2.0,"gold_loss":0.0,"damage_taken":5.0,"relics_obtained":["StrikeDummy"]},{"damage_healed":0.0,"max_hp_gain":0.0,"max_hp_loss":0.0,"gold_gain":75.0,"event_name":"World of Goop","player_choice":"Gather Gold","floor":7.0,"gold_loss":0.0,"damage_taken":11.0},{"damage_healed":0.0,"max_hp_gain":0.0,"max_hp_loss":0.0,"gold_gain":0.0,"event_name":"Dead Adventurer","player_choice":"Searched \u00271\u0027 times","floor":10.0,"gold_loss":0.0,"damage_taken":0.0},{"damage_healed":0,"gold_gain":0,"player_choice":"1 cards matched","damage_taken":0,"max_hp_gain":0,"max_hp_loss":0,"event_name":"Match and Keep!","floor":13,"gold_loss":0,"cards_obtained":["VampirishNight"]}],"is_beta":false,"boss_relics":[],"items_purged_floors":[],"is_endless":false,"potions_floor_spawned":[6,10],"killed_by":"Gremlin Nob","ascension_level":20}}