{"host":"qxeepl7ydvsgmfdb","time":1609253559,"event":{"mods":["AchievementEnabler","BaseMod","Colored Powertips","Minty Spire (QoL Compilation)","Quick Restart","slay the spire mod where everything is the same but ironclad has a cowboy hat"],"gold_per_floor":[112,287,287,303,43,43,86,86,86,125,138,153,174,174,174],"floor_reached":14,"playtime":317,"items_purged":[],"score":163,"play_id":"23abda79-db71-45e4-a943-c645788a9ae6","local_time":"20201229095239","is_ascension_mode":true,"campfire_choices":[{"floor":6,"key":"REST"},{"data":"Sucker Punch","floor":8,"key":"SMITH"}],"circlet_count":0,"master_deck":["Strike_G","Strike_G","Strike_G","Strike_G","Strike_G","Defend_G","Defend_G","Defend_G","Defend_G","Defend_G","Survivor","Neutralize","Doubt","Sucker Punch+1","Quick Slash","Quick Slash","Poisoned Stab","All Out Attack","Poisoned Stab"],"relics":["Ring of the Snake","NeowsBlessing","Golden Idol","Singing Bowl","Vajra","Matryoshka","Letter Opener"],"acts_visited":["Exordium"],"potions_floor_usage":[13,13,13],"damage_taken":[{"damage":0,"enemies":"2 Louse","floor":1,"turns":1},{"damage":0,"enemies":"Jaw Worm","floor":4,"turns":1},{"damage":0,"enemies":"Gremlin Nob","floor":7,"turns":1},{"damage":39,"enemies":"Lagavulin","floor":10,"turns":8},{"damage":2,"enemies":"Cultist","floor":11,"turns":4},{"damage":11,"enemies":"Looter","floor":12,"turns":3},{"damage":0,"enemies":"Exordium Thugs","floor":13,"turns":3},{"damage":16,"enemies":"Gremlin Nob","floor":14,"turns":3}],"seed_played":"1732930762913506916","potions_obtained":[{"floor":1,"key":"Fire Potion"},{"floor":10,"key":"LiquidMemories"},{"floor":12,"key":"CunningPotion"}],"is_trial":false,"path_per_floor":["M","?","?","M","$","R","E","R","T","E","M","M","M","E"],"character_chosen":"THE_SILENT","items_purchased":["Singing Bowl"],"campfire_rested":1,"item_purchase_floors":[5],"current_hp_per_floor":[63,63,46,46,46,67,67,67,67,28,26,15,15,0,0],"gold":174,"neow_bonus":"THREE_ENEMY_KILL","is_daily":false,"chose_seed":false,"campfire_upgraded":1,"win_rate":0.0,"timestamp":1609253559,"path_taken":["M","?","?","M","$","R","E","R","T","E","M","M","?","E"],"items_purchased_type":["Relic"],"build_version":"2020-12-22","purchased_purges":0,"victory":false,"max_hp_per_floor":[70,70,70,70,70,70,70,70,70,70,70,70,70,70,70],"card_choices":[{"not_picked":["Concentrate","Blur","Outmaneuver"],"picked":"SKIP","floor":1},{"not_picked":["Underhanded Strike","Skewer"],"picked":"Sucker Punch","floor":4},{"not_picked":["Crippling Poison","Eviscerate"],"picked":"Quick Slash","floor":7},{"not_picked":["Dagger Throw","Dodge and Roll"],"picked":"Quick Slash","floor":10},{"not_picked":["Dagger Spray","Well Laid Plans"],"picked":"Poisoned Stab","floor":11},{"not_picked":["Dagger Throw","Quick Slash"],"picked":"All Out Attack","floor":12},{"not_picked":["Eviscerate","Distraction"],"picked":"Poisoned Stab","floor":13}],"player_experience":298829,"relics_obtained":[{"floor":7,"key":"Vajra"},{"floor":9,"key":"Matryoshka"},{"floor":10,"key":"Letter Opener"}],"event_choices":[{"damage_healed":0,"gold_gain":175,"player_choice":"AGREE","damage_taken":0,"max_hp_gain":0,"max_hp_loss":0,"event_name":"Liars Game","floor":2,"gold_loss":0,"cards_obtained":["Doubt"]},{"damage_healed":0,"gold_gain":0,"player_choice":"Take Damage","damage_taken":17,"relics_obtained":["Golden Idol"],"max_hp_gain":0,"max_hp_loss":0,"event_name":"Golden Idol","floor":3,"gold_loss":0}],"is_beta":false,"boss_relics":[],"items_purged_floors":[],"is_endless":false,"potions_floor_spawned":[1,10,12],"killed_by":"Gremlin Nob","ascension_level":6}}