{"host":"kda2p2afd6bvz6qo","time":1609284153,"event":{"mods":["BaseMod","Colored Map","Minty Spire (QoL Compilation)","Relic Stats"],"gold_per_floor":[118,118,118,134,134,134,160,160,160,188,199,216,62,73,73,146,146,164,214,214,232,247,247,275,275,275,275,287,300,300,300],"floor_reached":30,"playtime":1425,"items_purged":["Strike_G"],"score":455,"play_id":"bcd2d81d-b71b-4beb-90af-118a9a940854","local_time":"20201229232233","is_ascension_mode":true,"campfire_choices":[{"data":"Deadly Poison","floor":6.0,"key":"SMITH"},{"floor":8.0,"key":"REST"},{"data":"Bane","floor":15.0,"key":"SMITH"},{"floor":23.0,"key":"REST"},{"data":"Well Laid Plans","floor":25,"key":"SMITH"},{"floor":27,"key":"REST"}],"circlet_count":0,"master_deck":["AscendersBane","Strike_G","Strike_G","Strike_G","Defend_G","Defend_G","Defend_G+1","Defend_G+1","Defend_G","Survivor","Neutralize","Deadly Poison+1","Backstab","Bane+1","Bouncing Flask","Footwork","Bane","Crippling Poison","Noxious Fumes","Corpse Explosion","Deflect+1","Acrobatics","Flechettes+1","Well Laid Plans+1","Footwork+1","Blur+1"],"relics":["Philosopher\u0027s Stone","Centennial Puzzle","Ornamental Fan","Gremlin Horn","War Paint","Lantern","Velvet Choker","Ice Cream","Dream Catcher"],"acts_visited":["Exordium","TheCity"],"potions_floor_usage":[29,30],"damage_taken":[{"damage":7.0,"enemies":"2 Louse","floor":1.0,"turns":4.0},{"damage":1.0,"enemies":"Jaw Worm","floor":4.0,"turns":4.0},{"damage":19.0,"enemies":"3 Sentries","floor":7.0,"turns":11.0},{"damage":8.0,"enemies":"Lagavulin","floor":10.0,"turns":7.0},{"damage":0.0,"enemies":"Small Slimes","floor":11.0,"turns":3.0},{"damage":0.0,"enemies":"2 Fungi Beasts","floor":12.0,"turns":2.0},{"damage":0.0,"enemies":"Lots of Slimes","floor":14.0,"turns":2.0},{"damage":34.0,"enemies":"Slime Boss","floor":16.0,"turns":8.0},{"damage":8.0,"enemies":"Shell Parasite","floor":18.0,"turns":4.0},{"damage":9.0,"enemies":"Spheric Guardian","floor":21.0,"turns":3.0},{"damage":14.0,"enemies":"Cultist and Chosen","floor":22.0,"turns":5.0},{"damage":16,"enemies":"Gremlin Leader","floor":24,"turns":4},{"damage":22,"enemies":"Snake Plant","floor":28,"turns":4},{"damage":9,"enemies":"Chosen and Byrds","floor":29,"turns":3},{"damage":13,"enemies":"Book of Stabbing","floor":30,"turns":5}],"seed_played":"4058218030841569588","potions_obtained":[{"floor":4.0,"key":"SneckoOil"},{"floor":10.0,"key":"EssenceOfSteel"},{"floor":12.0,"key":"DistilledChaos"},{"floor":22.0,"key":"LiquidBronze"},{"floor":29,"key":"PowerPotion"}],"is_trial":false,"path_per_floor":["M","?","?","M","T","R","E","R","T","E","M","M","$","M","R","B",null,"M","?","?","M","M","R","E","R","T","R","M","M","E"],"character_chosen":"THE_SILENT","items_purchased":["Crippling Poison"],"campfire_rested":3,"item_purchase_floors":[13],"current_hp_per_floor":[52,52,45,44,44,44,25,44,44,36,36,36,36,36,36,2,50,42,42,42,33,19,38,22,22,22,41,19,10,0,0],"gold":300,"neow_bonus":"BOSS_RELIC","is_daily":false,"chose_seed":false,"campfire_upgraded":3,"win_rate":0.0,"timestamp":1609284153,"path_taken":["M","?","?","M","?","R","E","R","T","E","M","M","$","M","R","BOSS","M","?","?","?","M","R","E","R","T","R","M","M","E"],"items_purchased_type":["Card"],"build_version":"2020-12-22","purchased_purges":1,"victory":false,"max_hp_per_floor":[66,66,66,66,66,66,66,66,66,66,66,66,66,66,66,66,66,66,66,66,66,66,66,66,66,66,66,66,66,66,66],"relic_stats":{"Centennial Puzzle":[33],"Dream Catcher":1,"Gremlin Horn":[12,12],"counters":[15,69],"Ornamental Fan":[60],"War Paint":["Defend_G","Defend_G"],"obtain_stats":[{"Ice Cream":24,"Centennial Puzzle":2,"Lantern":10,"Dream Catcher":26,"Gremlin Horn":7,"Ornamental Fan":5,"Velvet Choker":17,"Philosopher\u0027s Stone":0,"War Paint":9,"Ring of the Snake":0},{"Ice Cream":12,"Centennial Puzzle":1,"Lantern":4,"Dream Catcher":12,"Gremlin Horn":3,"Ornamental Fan":2,"Velvet Choker":8,"Philosopher\u0027s Stone":0,"War Paint":3,"Ring of the Snake":0},{"Ice Cream":57,"Centennial Puzzle":4,"Lantern":26,"Dream Catcher":57,"Gremlin Horn":19,"Ornamental Fan":8,"Velvet Choker":41,"Philosopher\u0027s Stone":0,"War Paint":19,"Ring of the Snake":0}]},"card_choices":[{"not_picked":["Blade Dance","Slice"],"picked":"Deadly Poison","floor":1.0},{"not_picked":["Underhanded Strike","Dagger Throw"],"picked":"Backstab","floor":4.0},{"not_picked":["Dagger Throw","Endless Agony"],"picked":"Bane","floor":7.0},{"not_picked":["Sucker Punch","Flying Knee"],"picked":"Bouncing Flask","floor":10.0},{"not_picked":["Dagger Throw","Deadly Poison"],"picked":"Footwork","floor":11.0},{"not_picked":["Quick Slash","Unload"],"picked":"Bane","floor":12.0},{"not_picked":["Poisoned Stab","PiercingWail"],"picked":"Noxious Fumes","floor":14.0},{"not_picked":["After Image","Venomology"],"picked":"Corpse Explosion","floor":16.0},{"not_picked":["Dagger Spray","PiercingWail"],"picked":"Deflect+1","floor":18.0},{"not_picked":["Dodge and Roll","Dagger Spray"],"picked":"Acrobatics","floor":21.0},{"not_picked":["Finisher","Blur"],"picked":"Flechettes+1","floor":22.0},{"not_picked":["Blade Dance","Endless Agony+1"],"picked":"Well Laid Plans","floor":24},{"not_picked":["Quick Slash+1","Terror"],"picked":"Footwork+1","floor":27},{"not_picked":["Finisher","Dodge and Roll"],"picked":"Blur+1","floor":28},{"not_picked":["Poisoned Stab","Terror","Prepared"],"picked":"SKIP","floor":29}],"player_experience":92025,"relics_obtained":[{"floor":5.0,"key":"Ornamental Fan"},{"floor":7.0,"key":"Gremlin Horn"},{"floor":9.0,"key":"War Paint"},{"floor":10.0,"key":"Lantern"},{"floor":24,"key":"Ice Cream"},{"floor":26,"key":"Dream Catcher"}],"event_choices":[{"damage_healed":0.0,"max_hp_gain":0.0,"max_hp_loss":0.0,"gold_gain":0.0,"event_name":"Big Fish","player_choice":"Box","floor":2.0,"gold_loss":0.0,"damage_taken":0.0,"relics_obtained":["Centennial Puzzle"],"cards_obtained":["Regret"]},{"cards_removed":["Regret"],"damage_healed":0.0,"max_hp_gain":0.0,"max_hp_loss":0.0,"gold_gain":0.0,"event_name":"Golden Wing","player_choice":"Card Removal","floor":3.0,"gold_loss":0.0,"damage_taken":7.0},{"damage_healed":0.0,"max_hp_gain":0.0,"max_hp_loss":0.0,"gold_gain":50.0,"event_name":"Nest","player_choice":"Stole From Cult","floor":19.0,"gold_loss":0.0,"damage_taken":0.0},{"cards_removed":["Strike_G"],"damage_healed":0.0,"max_hp_gain":0.0,"max_hp_loss":0.0,"gold_gain":0.0,"event_name":"Purifier","player_choice":"Purged","floor":20.0,"gold_loss":0.0,"damage_taken":0.0}],"is_beta":false,"boss_relics":[{"not_picked":["Busted Crown","WristBlade"],"picked":"Velvet Choker"}],"items_purged_floors":[13],"is_endless":false,"potions_floor_spawned":[4,10,12,22,29],"killed_by":"Book of Stabbing","ascension_level":15}}