{"host":"ql9d3hodw6ja2r3y","time":1609282668,"event":{"mods":["2.2 Compatiblity","A Magickal Journey","AchievementEnabler","Act Like it!","BaseMod","Beaked The Cultist","Better Altar","Better Match","Better Note","Better Sensory Stone","Better Skull","Better Third Choice","Better Vampires","BetterRewards","CCEM","Challenge The Spire","Colored Powertips","Curses Come First","Displayed Cursed Tome","Downfall","Friendly Minions","GifTheSpireLib","Infinite Spire","Marked Mod","Mimic Mod","Minty Spire (QoL Compilation)","Permanent Neow","Quick Restart","Random Character Button","Rare Cards Sparkle","Relic Sorter","Shade Mod","Somnambulant","Spicy Shops","StSLib","Synergy Search","The Blue Laboratory","The Bug Knight","The Construct","The Cursed","The Disciple","The Forsaken","The Hierophant","The Marked","The Runesmith","The Showman","The Spell Scribe"],"gold_per_floor":[114,114,132,144,155,155,155,155,182,357,357,357,372,386,386,386,386],"floor_reached":16,"playtime":1562,"items_purged":[],"score":92,"play_id":"15741640-627b-421e-b941-6b645d15a857","local_time":"20201229235748","is_ascension_mode":false,"campfire_choices":[{"data":"Shade:AnimateDead","floor":6,"key":"SMITH"},{"data":"Shade:GraveStillness","floor":8,"key":"SMITH"},{"floor":15,"key":"REST"}],"circlet_count":0,"master_deck":["Shade:Strike_Shade","Shade:Strike_Shade","Shade:Strike_Shade","Shade:Strike_Shade","Shade:Defend_Shade","Shade:Defend_Shade","Shade:Defend_Shade","Shade:Defend_Shade","Shade:AnimateDead+1","Shade:CarefulCut","Shade:Consume","Shade:Trample","Shade:DangerousRitual","Shade:GraveStillness+1","Doubt","Jack Of All Trades","Shade:CloudOfShrapnel","Shade:TouchOfTheGrave","Shade:FuneraryArmor"],"relics":["Shade:YorickSkull","CCEMRelics:PorcelainBowl","Dream Catcher","Bag of Preparation"],"acts_visited":["Exordium"],"potions_floor_usage":[4,5,14],"damage_taken":[{"damage":0,"enemies":"2 Louse","floor":1,"turns":2},{"damage":0,"enemies":"Cultist","floor":3,"turns":2},{"damage":0,"enemies":"Jaw Worm","floor":4,"turns":3},{"damage":0,"enemies":"Large Slime","floor":5,"turns":3},{"damage":0,"enemies":"2 Fungi Beasts","floor":13,"turns":4},{"damage":0,"enemies":"Looter","floor":14,"turns":3},{"damage":49,"enemies":"The Guardian","floor":16,"turns":9}],"seed_played":"-5446643383739186311","potions_obtained":[{"floor":1,"key":"blueLaboratory:HummingbirdPotion"},{"floor":3,"key":"blueLaboratory:FrostheartPotion"},{"floor":4,"key":"blueLaboratory:FruitPunch"}],"is_trial":false,"path_per_floor":["M","?","M","M","M","R","?","R","T","?","?","?","M","M","R","B"],"character_chosen":"SHADE","items_purchased":[],"campfire_rested":1,"item_purchase_floors":[],"current_hp_per_floor":[65,65,65,65,67,67,67,67,67,67,25,25,25,25,45,0,0],"gold":386,"neow_bonus":"ONE_RANDOM_RARE_CARD","is_daily":false,"chose_seed":false,"campfire_upgraded":2,"win_rate":0.0,"timestamp":1609282668,"path_taken":["M","?","M","?","M","R","?","R","T","?","?","?","M","M","R","BOSS"],"items_purchased_type":[],"build_version":"2020-12-22","purchased_purges":0,"victory":false,"max_hp_per_floor":[65,65,65,65,67,67,67,67,67,67,67,67,67,67,67,67,67],"card_choices":[{"not_picked":["Shade:Frenzy","Shade:BoneShards"],"picked":"Shade:GoDigging","floor":1},{"not_picked":["Shade:PoundOfFlesh","Shade:AncientSpear"],"picked":"Shade:Trample","floor":3},{"not_picked":["Shade:Haruspicy","Shade:SkeletonHug"],"picked":"Shade:DangerousRitual","floor":4},{"not_picked":["Shade:ExtraLimbs","Shade:AncientSpear"],"picked":"Shade:GraveStillness","floor":5},{"not_picked":["Sadistic Nature","Enlightenment"],"picked":"Jack Of All Trades","floor":12},{"not_picked":["Shade:Carnophage","Shade:ScuttlingHand"],"picked":"Shade:CloudOfShrapnel","floor":13},{"not_picked":["Shade:AblativeArmor","Shade:Haruspicy"],"picked":"Shade:TouchOfTheGrave","floor":14},{"not_picked":["Shade:Awaken","Shade:Carnophage"],"picked":"Shade:FuneraryArmor","floor":15}],"player_experience":10667,"relics_obtained":[{"floor":7,"key":"CCEMRelics:PorcelainBowl"},{"floor":9,"key":"Dream Catcher"}],"event_choices":[{"cards_removed":["Shade:GoDigging"],"damage_healed":0,"gold_gain":0,"player_choice":"Offered Uncommon","damage_taken":0,"max_hp_gain":0,"max_hp_loss":0,"event_name":"Bonfire Elementals","floor":2,"gold_loss":0},{"damage_healed":0,"gold_gain":175,"player_choice":"AGREE","damage_taken":182,"max_hp_gain":0,"max_hp_loss":0,"event_name":"betterThird:BetterSerpent","floor":10,"gold_loss":0},{"damage_healed":0,"gold_gain":0,"player_choice":"Relic ","damage_taken":42,"max_hp_gain":0,"max_hp_loss":0,"event_name":"betterThird:BetterScrap","floor":11,"gold_loss":0,"cards_obtained":["Corruption"]},{"damage_healed":0,"gold_gain":1,"player_choice":"1","damage_taken":0,"max_hp_gain":0,"max_hp_loss":0,"event_name":"betterStone:BetterStone","floor":12,"gold_loss":0}],"is_beta":false,"boss_relics":[],"items_purged_floors":[],"is_endless":false,"potions_floor_spawned":[1,3,4],"killed_by":"The Guardian","ascension_level":0}}