{"host":"hfxp6ue4pvwo3fit","time":1609226291,"event":{"mods":["AchievementEnabler","BaseMod","Colored Map","Colored Powertips","Highlight Path","Minty Spire (QoL Compilation)","StSLib","SuperFastMode"],"gold_per_floor":[117,117,117,135,158,191,191,191,191,191,211,286,322,341,341,439,439,439,439,439,439,439,439,439],"floor_reached":23,"playtime":814,"items_purged":[],"score":402,"play_id":"75a8b1a5-5861-4cfa-aa00-aef5fb4dac82","local_time":"20201229011811","is_ascension_mode":true,"campfire_choices":[{"data":"All Out Attack","floor":10,"key":"SMITH"},{"data":"Dash","floor":15,"key":"SMITH"}],"circlet_count":0,"master_deck":["AscendersBane","Strike_G","Strike_G","Strike_G","Strike_G","Strike_G","Defend_G","Defend_G","Defend_G","Defend_G","Defend_G","Survivor","Neutralize","Blade Dance","Dagger Throw","All Out Attack+1","Blur","Calculated Gamble","Dash+1","Venomology","Dodge and Roll","RitualDagger","Backstab","Backflip+1"],"relics":["Ring of the Snake","NeowsBlessing","Bloody Idol","Pocketwatch","Tingsha","Peace Pipe","Ectoplasm"],"acts_visited":["Exordium","TheCity"],"potions_floor_usage":[13,16,21,23,23],"damage_taken":[{"damage":0,"enemies":"Jaw Worm","floor":1,"turns":1},{"damage":0,"enemies":"2 Louse","floor":4,"turns":1},{"damage":0,"enemies":"Small Slimes","floor":5,"turns":1},{"damage":42,"enemies":"3 Sentries","floor":6,"turns":12},{"damage":3,"enemies":"Exordium Wildlife","floor":11,"turns":2},{"damage":22,"enemies":"Lagavulin","floor":13,"turns":5},{"damage":0,"enemies":"2 Fungi Beasts","floor":14,"turns":2},{"damage":35,"enemies":"Slime Boss","floor":16,"turns":10},{"damage":9,"enemies":"3 Byrds","floor":18,"turns":5},{"damage":6,"enemies":"Shell Parasite","floor":20,"turns":7},{"damage":9,"enemies":"Snake Plant","floor":21,"turns":5},{"damage":19,"enemies":"Gremlin Leader","floor":23,"turns":5}],"seed_played":"2874622736999077307","potions_obtained":[{"floor":5,"key":"SpeedPotion"},{"floor":6,"key":"ColorlessPotion"},{"floor":13,"key":"LiquidMemories"},{"floor":14,"key":"FairyPotion"},{"floor":16,"key":"Dexterity Potion"},{"floor":20,"key":"CultistPotion"}],"is_trial":false,"path_per_floor":["M","?","?","M","M","E","?","$","T","R","M","?","E","M","R","B",null,"M","?","M","M","?","E"],"character_chosen":"THE_SILENT","items_purchased":[],"campfire_rested":0,"item_purchase_floors":[],"current_hp_per_floor":[59,59,59,59,59,17,37,37,37,37,34,23,1,1,1,8,47,38,32,26,17,17,0,0],"gold":439,"neow_bonus":"THREE_ENEMY_KILL","is_daily":false,"chose_seed":false,"campfire_upgraded":2,"win_rate":0.0,"timestamp":1609226291,"path_taken":["M","?","?","M","?","E","?","$","T","R","M","?","E","M","R","BOSS","M","?","M","M","?","E"],"items_purchased_type":[],"build_version":"2020-12-22","purchased_purges":0,"victory":false,"max_hp_per_floor":[66,60,60,60,60,60,60,60,60,60,60,60,60,60,60,60,60,60,60,60,60,60,60,60],"card_choices":[{"not_picked":["Dodge and Roll","Outmaneuver"],"picked":"Blade Dance","floor":1},{"not_picked":["Masterful Stab","Deflect","Setup"],"picked":"SKIP","floor":4},{"not_picked":["Terror","Acrobatics"],"picked":"Dagger Throw","floor":5},{"not_picked":["PiercingWail","Tactician"],"picked":"All Out Attack","floor":6},{"not_picked":["Distraction","Quick Slash"],"picked":"Blur","floor":11},{"not_picked":["Eviscerate","Dagger Throw"],"picked":"Calculated Gamble","floor":13},{"not_picked":["Sucker Punch","Prepared"],"picked":"Dash","floor":14},{"not_picked":["Envenom","Adrenaline"],"picked":"Venomology","floor":16},{"not_picked":["Heel Hook","Endless Agony"],"picked":"Dodge and Roll","floor":18},{"not_picked":["Blade Dance","Finisher"],"picked":"Backstab","floor":20},{"not_picked":["Flechettes","Outmaneuver"],"picked":"Backflip+1","floor":21}],"player_experience":449992,"relics_obtained":[{"floor":6,"key":"Pocketwatch"},{"floor":9,"key":"Tingsha"},{"floor":13,"key":"Peace Pipe"}],"event_choices":[{"damage_healed":0,"gold_gain":0,"player_choice":"Lose Max HP","damage_taken":0,"relics_obtained":["Golden Idol"],"max_hp_gain":0,"max_hp_loss":6,"event_name":"Golden Idol","floor":2,"gold_loss":0},{"damage_healed":0,"gold_gain":0,"player_choice":"Ignored","damage_taken":0,"max_hp_gain":0,"max_hp_loss":0,"event_name":"Liars Game","floor":3,"gold_loss":0},{"damage_healed":20,"gold_gain":0,"player_choice":"Banana","damage_taken":0,"max_hp_gain":0,"max_hp_loss":0,"event_name":"Big Fish","floor":7,"gold_loss":0},{"damage_healed":0,"gold_gain":75,"player_choice":"Gather Gold","damage_taken":11,"max_hp_gain":0,"max_hp_loss":0,"event_name":"World of Goop","floor":12,"gold_loss":0},{"damage_healed":0,"gold_gain":0,"player_choice":"Joined the Cult","damage_taken":6,"max_hp_gain":0,"max_hp_loss":0,"event_name":"Nest","floor":19,"gold_loss":0,"cards_obtained":["RitualDagger"]},{"damage_healed":0,"gold_gain":0,"player_choice":"Gave Idol","damage_taken":0,"relics_obtained":["Bloody Idol"],"max_hp_gain":0,"max_hp_loss":0,"event_name":"Forgotten Altar","floor":22,"relics_lost":["Golden Idol"],"gold_loss":0}],"is_beta":false,"boss_relics":[{"not_picked":["Ring of the Serpent","Busted Crown"],"picked":"Ectoplasm"}],"items_purged_floors":[],"is_endless":false,"potions_floor_spawned":[5,6,13,14,16,18,20],"killed_by":"Gremlin Leader","ascension_level":20}}