{"host":"pbf6u3tyx46snqc7","time":1609277420,"event":{"mods":["AchievementEnabler","BaseMod","Colored Map","Minty Spire (QoL Compilation)","Rare Cards Sparkle","SuperFastMode"],"gold_per_floor":[109,128,128,128,78,78,113,113,163,183,38,50,0,10,10,114,114,114,114,114,114,91,91,91,91,91,16,16,16,16,16,16,16,16,16,16,16,16,16,16,16,16,16],"floor_reached":42,"playtime":1590,"items_purged":["Armaments"],"score":605,"play_id":"acaef463-fec1-429f-99e0-ee0181d31863","local_time":"20201230063020","is_ascension_mode":true,"campfire_choices":[{"data":"Immolate","floor":6.0,"key":"SMITH"},{"data":"Perfected Strike","floor":8.0,"key":"SMITH"},{"floor":15.0,"key":"REST"},{"data":"Uppercut","floor":23.0,"key":"SMITH"},{"data":"Feed","floor":25.0,"key":"SMITH"},{"floor":32.0,"key":"REST"}],"circlet_count":0,"master_deck":["Strike_R","Strike_R","Strike_R+1","Strike_R+1","Strike_R","Defend_R","Defend_R","Defend_R","Defend_R","Bash+1","Immolate+1","Shrug It Off","Headbutt","Perfected Strike+1","Uppercut+1","Offering","Feed+1","Shrug It Off+1","Warcry+1","Infernal Blade+1","Shrug It Off+1","Burning Pact","Pommel Strike"],"relics":["Burning Blood","Art of War","Lantern","HandDrill","Shuriken","Ectoplasm","MutagenicStrength","Letter Opener","Vajra","Black Star","Incense Burner","Bag of Marbles","Juzu Bracelet"],"acts_visited":["Exordium","TheCity","TheBeyond"],"potions_floor_usage":[42],"damage_taken":[{"damage":6.0,"enemies":"Jaw Worm","floor":1.0,"turns":4.0},{"damage":0.0,"enemies":"2 Louse","floor":2.0,"turns":1.0},{"damage":32.0,"enemies":"Lagavulin","floor":7.0,"turns":6.0},{"damage":0.0,"enemies":"Cultist","floor":10.0,"turns":1.0},{"damage":3.0,"enemies":"Blue Slaver","floor":12.0,"turns":2.0},{"damage":0.0,"enemies":"Exordium Wildlife","floor":14.0,"turns":2.0},{"damage":32.0,"enemies":"Hexaghost","floor":16.0,"turns":6.0},{"damage":2.0,"enemies":"Shell Parasite","floor":18.0,"turns":2.0},{"damage":7.0,"enemies":"3 Byrds","floor":19.0,"turns":3.0},{"damage":14.0,"enemies":"Slavers","floor":24.0,"turns":4.0},{"damage":14.0,"enemies":"Snake Plant","floor":29.0,"turns":2.0},{"damage":20.0,"enemies":"Book of Stabbing","floor":30.0,"turns":2.0},{"damage":6.0,"enemies":"3 Cultists","floor":31.0,"turns":2.0},{"damage":99.0,"enemies":"Automaton","floor":33.0,"turns":11.0},{"damage":22.0,"enemies":"3 Darklings","floor":35.0,"turns":4.0},{"damage":6.0,"enemies":"Mind Bloom Boss Battle","floor":36.0,"turns":2.0},{"damage":1.0,"enemies":"3 Shapes","floor":37.0,"turns":3.0},{"damage":2.0,"enemies":"3 Darklings","floor":39.0,"turns":4.0},{"damage":60.0,"enemies":"Giant Head","floor":40.0,"turns":7.0},{"damage":29,"enemies":"Nemesis","floor":42,"turns":2}],"seed_played":"-5330054677784421339","potions_obtained":[{"floor":7.0,"key":"Weak Potion"},{"floor":14.0,"key":"Explosive Potion"},{"floor":16.0,"key":"AttackPotion"},{"floor":24.0,"key":"FairyPotion"},{"floor":29.0,"key":"BlessingOfTheForge"},{"floor":31.0,"key":"Block Potion"},{"floor":35.0,"key":"Fruit Juice"},{"floor":36.0,"key":"LiquidBronze"}],"is_trial":false,"path_per_floor":["M","M","?","?","$","R","E","R","T","M","$","M","?","M","R","B",null,"M","M","?","?","$","R","E","R","T","$","?","M","E","M","R","B",null,"M","?","M","$","M","E","$","E"],"character_chosen":"IRONCLAD","items_purchased":["FearPotion","HandDrill","Armaments"],"campfire_rested":2,"item_purchase_floors":[5,11,22],"current_hp_per_floor":[56,62,62,46,46,46,20,20,20,26,26,29,29,35,59,33,68,75,74,74,74,74,74,69,69,69,69,69,61,47,47,72,15,68,57,61,66,66,70,16,16,0,0],"gold":16,"neow_bonus":"THREE_RARE_CARDS","is_daily":false,"chose_seed":false,"campfire_upgraded":4,"win_rate":0.0,"timestamp":1609277420,"path_taken":["M","M","?","?","$","R","E","R","T","M","$","M","?","?","R","BOSS","M","M","?","?","$","R","E","R","T","?","?","?","E","M","R","BOSS","M","?","M","$","M","E","$","E"],"items_purchased_type":["Potion","Relic","Card"],"build_version":"2020-12-22","purchased_purges":1,"victory":false,"max_hp_per_floor":[80,80,80,80,80,80,80,80,80,80,80,80,80,80,80,80,80,83,83,83,83,83,83,86,86,86,86,86,86,86,86,86,86,86,91,95,95,95,95,95,95,95,95],"card_choices":[{"not_picked":["Brutality","Fiend Fire"],"picked":"Immolate","floor":0.0},{"not_picked":["Clothesline","Battle Trance"],"picked":"Shrug It Off","floor":1.0},{"not_picked":["Anger","Rage"],"picked":"Headbutt","floor":2.0},{"not_picked":["Rampage","Carnage"],"picked":"Perfected Strike","floor":7.0},{"not_picked":["Hemokinesis","Thunderclap"],"picked":"Uppercut","floor":10.0},{"not_picked":["Sentinel","Feel No Pain","Dropkick"],"picked":"SKIP","floor":12.0},{"not_picked":["Searing Blow","Headbutt"],"picked":"Offering","floor":14.0},{"not_picked":["Juggernaut","Barricade"],"picked":"Feed","floor":16.0},{"not_picked":["Bloodletting","Feel No Pain","Flex"],"picked":"SKIP","floor":18.0},{"not_picked":["Inflame","Second Wind+1"],"picked":"Shrug It Off+1","floor":19.0},{"not_picked":["Sentinel+1","Clothesline"],"picked":"Warcry+1","floor":24.0},{"not_picked":["Heavy Blade","Anger","Body Slam+1"],"picked":"SKIP","floor":29.0},{"not_picked":["Power Through+1","Demon Form"],"picked":"Infernal Blade+1","floor":30.0},{"not_picked":["Thunderclap","Warcry","Spot Weakness"],"picked":"SKIP","floor":31.0},{"not_picked":["Thunderclap","Cleave"],"picked":"Shrug It Off+1","floor":35.0},{"not_picked":["Searing Blow","Headbutt+1"],"picked":"Burning Pact","floor":36.0},{"not_picked":["Flex","Clash","Clothesline"],"picked":"SKIP","floor":37.0},{"not_picked":["Clothesline+1","Combust+1"],"picked":"Pommel Strike","floor":39.0},{"not_picked":["Combust+1","Havoc+1","Metallicize"],"picked":"SKIP","floor":40}],"player_experience":367005,"relics_obtained":[{"floor":7.0,"key":"Art of War"},{"floor":9.0,"key":"Lantern"},{"floor":24.0,"key":"Letter Opener"},{"floor":30.0,"key":"Vajra"},{"floor":36.0,"key":"Incense Burner"},{"floor":40,"key":"Bag of Marbles"},{"floor":40,"key":"Juzu Bracelet"}],"event_choices":[{"damage_healed":0.0,"max_hp_gain":0.0,"max_hp_loss":0.0,"gold_gain":0.0,"event_name":"Living Wall","player_choice":"Grow","floor":3.0,"gold_loss":0.0,"damage_taken":0.0,"cards_upgraded":["Bash"]},{"damage_healed":0.0,"max_hp_gain":0.0,"max_hp_loss":0.0,"gold_gain":0.0,"event_name":"Shining Light","player_choice":"Entered Light","floor":4.0,"gold_loss":0.0,"damage_taken":16.0,"cards_upgraded":["Strike_R","Strike_R"]},{"damage_healed":0.0,"max_hp_gain":0.0,"max_hp_loss":0.0,"gold_gain":0.0,"event_name":"WeMeetAgain","player_choice":"Paid Gold","floor":13.0,"gold_loss":50.0,"damage_taken":0.0,"relics_obtained":["Shuriken"]},{"damage_healed":0.0,"max_hp_gain":0.0,"max_hp_loss":0.0,"gold_gain":0.0,"event_name":"Drug Dealer","player_choice":"Inject Mutagens","floor":20.0,"gold_loss":0.0,"damage_taken":0.0,"relics_obtained":["MutagenicStrength"]},{"damage_healed":0.0,"max_hp_gain":0.0,"max_hp_loss":0.0,"gold_gain":0.0,"event_name":"Beggar","player_choice":"Ignored","floor":21.0,"gold_loss":0.0,"damage_taken":0.0},{"damage_healed":0.0,"max_hp_gain":0.0,"max_hp_loss":0.0,"gold_gain":0.0,"event_name":"The Mausoleum","player_choice":"Ignored","floor":28.0,"gold_loss":0.0,"damage_taken":0.0},{"damage_healed":0.0,"max_hp_gain":0.0,"max_hp_loss":0.0,"gold_gain":0.0,"event_name":"MindBloom","player_choice":"Fight","floor":36.0,"gold_loss":0.0,"damage_taken":0.0}],"is_beta":false,"boss_relics":[{"not_picked":["Tiny House","Runic Dome"],"picked":"Ectoplasm"},{"not_picked":["Empty Cage","Sozu"],"picked":"Black Star"}],"items_purged_floors":[27],"is_endless":false,"potions_floor_spawned":[7,14,16,24,29,31,35,36],"killed_by":"Nemesis","ascension_level":5}}