{"host":"iku36qoao9132ep5","time":1609249429,"event":{"mods":["AchievementEnabler","BaseMod","BetterRewards","DeckTracker","Minty Spire (QoL Compilation)","Quick Restart","SuperFastMode"],"gold_per_floor":[117,117,117,134,147,172,172,198,198,109,142,142],"floor_reached":13,"playtime":1165,"items_purged":[],"score":483,"play_id":"28feb50d-467c-45d4-84d9-fb6f5f43fac1","local_time":"20201229144349","is_ascension_mode":true,"campfire_choices":[{"floor":7,"key":"RECALL"},{"data":"Cold Snap","floor":9,"key":"SMITH"}],"circlet_count":0,"master_deck":["Cold Snap+1","Meteor Strike+1","Meteor Strike+1","Consume+1","Flash of Steel"],"relics":["Burning Blood","Inserter","Inserter","Runic Capacitor","Nuclear Battery","Nuclear Battery","Happy Flower","Gremlin Horn","Toxic Egg 2"],"acts_visited":["Exordium","TheEnding"],"potions_floor_usage":[],"damage_taken":[{"damage":0,"enemies":"2 Louse","floor":1,"turns":1},{"damage":0,"enemies":"Jaw Worm","floor":4,"turns":15},{"damage":0,"enemies":"Small Slimes","floor":5,"turns":2},{"damage":20,"enemies":"3 Sentries","floor":6,"turns":3},{"damage":6,"enemies":"Gremlin Nob","floor":8,"turns":11},{"damage":8,"enemies":"Shield and Spear","floor":11,"turns":2},{"damage":63,"enemies":"The Heart","floor":12,"turns":3}],"seed_played":"9052996214943236683","potions_obtained":[],"is_trial":false,"path_per_floor":["M","?","?","M","M","E","R","E","R","$","E","B",null],"character_chosen":"IRONCLAD","items_purchased":["Flash of Steel"],"campfire_rested":0,"item_purchase_floors":[10],"current_hp_per_floor":[80,80,80,80,80,66,66,80,80,80,78,21],"gold":142,"neow_bonus":"ONE_RANDOM_RARE_CARD","is_daily":false,"chose_seed":false,"campfire_upgraded":1,"win_rate":0.0,"timestamp":1609249429,"path_taken":["M","?","?","M","M","E","R","E","R","$","E","BOSS"],"items_purchased_type":["Card"],"build_version":"2020-12-22","purchased_purges":0,"victory":true,"max_hp_per_floor":[80,80,80,80,80,80,80,80,80,80,80,80],"card_choices":[{"not_picked":["Anger","Thunderclap","Clash"],"picked":"SKIP","floor":1},{"not_picked":["Anger","Thunderclap","Clash"],"picked":"SKIP","floor":1},{"not_picked":["Headbutt","Anger","Whirlwind"],"picked":"SKIP","floor":4},{"not_picked":["Carnage","Flame Barrier","Wild Strike"],"picked":"SKIP","floor":5},{"not_picked":["Warcry","Twin Strike","Exhume"],"picked":"SKIP","floor":6},{"not_picked":["Flex","Entrench","Pommel Strike"],"picked":"SKIP","floor":8},{"not_picked":["Pommel Strike","Sword Boomerang+1","True Grit+1"],"picked":"SKIP","floor":11}],"player_experience":121335,"relics_obtained":[{"floor":6,"key":"Happy Flower"},{"floor":8,"key":"Gremlin Horn"},{"floor":11,"key":"Toxic Egg 2"}],"event_choices":[{"damage_healed":0,"gold_gain":0,"player_choice":"Ignored","damage_taken":0,"max_hp_gain":0,"max_hp_loss":0,"event_name":"Golden Wing","floor":2,"gold_loss":0},{"damage_healed":0,"gold_gain":0,"player_choice":"Leave","damage_taken":0,"max_hp_gain":0,"max_hp_loss":0,"event_name":"The Cleric","floor":3,"gold_loss":0}],"is_beta":false,"boss_relics":[],"items_purged_floors":[],"is_endless":false,"potions_floor_spawned":[],"ascension_level":2}}