{"host":"4nqeo0vu1vuav7gg","time":1609268221,"event":{"mods":["AchievementEnabler","BaseMod","Block Reminder","Colored Map","Colored Powertips","Highlight Path","Minty Spire (QoL Compilation)","Quick Restart","Rare Cards Sparkle","Relic Relevance Reorder","StSLib"],"gold_per_floor":[209,220,220,235,251,251,251,283,283,310,310,326,14,28,28,100,100,115,65,40,40,51,51,62,62,85,85,85,85],"floor_reached":28,"playtime":1510,"items_purged":["Strike_B"],"score":433,"play_id":"6e5f3d38-e044-435a-a341-cf1c8584c156","local_time":"20201229195701","is_ascension_mode":true,"campfire_choices":[{"floor":6.0,"key":"REST"},{"floor":11.0,"key":"REST"},{"floor":15.0,"key":"REST"},{"data":"Defragment","floor":23.0,"key":"SMITH"},{"data":"Rainbow","floor":25.0,"key":"SMITH"},{"data":"Capacitor","floor":27.0,"key":"SMITH"}],"circlet_count":0,"master_deck":["AscendersBane","Strike_B","Defend_B","Defend_B","Defend_B","Defend_B","Zap","Dualcast","Ball Lightning","Cold Snap","Reinforced Body","Undo","Coolheaded","Chill","Defragment+1","Reboot","Capacitor+1","Thunder Strike","Ball Lightning","Barrage","Doom and Gloom","Rainbow+1"],"relics":["FrozenCore","HornCleat","Blood Vial","Symbiotic Virus","Darkstone Periapt"],"acts_visited":["Exordium","TheCity"],"potions_floor_usage":[],"damage_taken":[{"damage":1.0,"enemies":"Cultist","floor":1.0,"turns":3.0},{"damage":1.0,"enemies":"Small Slimes","floor":2.0,"turns":3.0},{"damage":0.0,"enemies":"2 Louse","floor":4.0,"turns":2.0},{"damage":41.0,"enemies":"Gremlin Gang","floor":5.0,"turns":5.0},{"damage":17.0,"enemies":"Gremlin Nob","floor":8.0,"turns":4.0},{"damage":18.0,"enemies":"Lagavulin","floor":10.0,"turns":7.0},{"damage":2.0,"enemies":"Exordium Thugs","floor":12.0,"turns":4.0},{"damage":9.0,"enemies":"3 Louse","floor":14.0,"turns":2.0},{"damage":32.0,"enemies":"Hexaghost","floor":16.0,"turns":13.0},{"damage":1.0,"enemies":"3 Byrds","floor":18.0,"turns":5.0},{"damage":10.0,"enemies":"Shell Parasite","floor":22.0,"turns":6.0},{"damage":0.0,"enemies":"Chosen and Byrds","floor":24.0,"turns":5.0},{"damage":47,"enemies":"Gremlin Leader","floor":28,"turns":5}],"seed_played":"5200389013402541246","potions_obtained":[{"floor":5.0,"key":"PotionOfCapacity"},{"floor":10.0,"key":"PotionOfCapacity"},{"floor":12.0,"key":"SkillPotion"},{"floor":16.0,"key":"PowerPotion"},{"floor":22.0,"key":"DuplicationPotion"}],"is_trial":false,"path_per_floor":["M","M","?","M","M","R","?","E","T","E","R","M","$","M","R","B",null,"M","?","$","$","M","R","M","R","T","R","E"],"character_chosen":"DEFECT","items_purchased":["Defragment","Reboot","Barrage"],"campfire_rested":3,"item_purchase_floors":[13,13,20],"current_hp_per_floor":[63,62,62,62,21,42,42,25,25,7,28,26,26,17,38,6,55,54,54,54,54,44,44,44,44,44,44,0,0],"gold":85,"neow_bonus":"HUNDRED_GOLD","is_daily":false,"chose_seed":false,"campfire_upgraded":3,"win_rate":0.0,"timestamp":1609268221,"path_taken":["M","?","?","?","?","R","?","E","T","E","R","?","?","M","R","BOSS","M","?","?","$","M","R","M","R","T","R","E"],"items_purchased_type":["Card","Card","Card"],"build_version":"2020-12-22","purchased_purges":1,"victory":false,"max_hp_per_floor":[71,71,71,71,71,71,71,71,71,71,71,71,71,71,71,71,71,71,71,71,71,71,71,71,71,71,71,71,71],"card_choices":[{"not_picked":["Go for the Eyes","Streamline"],"picked":"Ball Lightning","floor":1.0},{"not_picked":["Turbo","Double Energy"],"picked":"Cold Snap","floor":2.0},{"not_picked":["Turbo","Thunder Strike"],"picked":"Undo","floor":4.0},{"not_picked":["Stack","Reinforced Body","Force Field"],"picked":"SKIP","floor":5.0},{"not_picked":["Beam Cell","Skim"],"picked":"Coolheaded","floor":8.0},{"not_picked":["Leap","Hologram","Blizzard"],"picked":"SKIP","floor":10.0},{"not_picked":["Gash","Rebound"],"picked":"Chill","floor":12.0},{"not_picked":["Leap","Loop"],"picked":"Capacitor","floor":14.0},{"not_picked":["Reboot","Amplify"],"picked":"Thunder Strike","floor":16.0},{"not_picked":["Conserve Battery","Steam"],"picked":"Ball Lightning","floor":18.0},{"not_picked":["Barrage","Stack"],"picked":"Doom and Gloom","floor":22.0},{"not_picked":["Compile Driver","Coolheaded"],"picked":"Rainbow","floor":24.0}],"player_experience":1036789,"relics_obtained":[{"floor":8.0,"key":"Symbiotic Virus"},{"floor":9.0,"key":"HornCleat"},{"floor":10.0,"key":"Darkstone Periapt"},{"floor":26.0,"key":"Blood Vial"}],"event_choices":[{"damage_healed":0.0,"max_hp_gain":0.0,"max_hp_loss":0.0,"gold_gain":0.0,"cards_transformed":["Strike_B"],"event_name":"Transmorgrifier","player_choice":"Transformed","floor":3.0,"gold_loss":0.0,"damage_taken":0.0,"cards_obtained":["Reinforced Body"]},{"cards_removed":["Strike_B"],"damage_healed":0.0,"max_hp_gain":0.0,"max_hp_loss":0.0,"gold_gain":0.0,"event_name":"Bonfire Elementals","player_choice":"Offered Basic","floor":7.0,"gold_loss":0.0,"damage_taken":0.0},{"damage_healed":0.0,"max_hp_gain":0.0,"max_hp_loss":0.0,"gold_gain":0.0,"event_name":"The Joust","player_choice":"Bet on Murderer","floor":19.0,"gold_loss":50.0,"damage_taken":0.0}],"is_beta":false,"boss_relics":[{"not_picked":["Snecko Eye","SacredBark"],"picked":"FrozenCore"}],"items_purged_floors":[13],"is_endless":false,"potions_floor_spawned":[5,10,12,16,22],"killed_by":"Gremlin Leader","ascension_level":18}}