{"host":"g5ctwwsvxeihc2vr","time":1609273074,"event":{"mods":["Act Like it!","BaseMod","Bestiary","Better Third Choice","Block Reminder","CapriCore","Dio Mod","Downfall","Hallownest","Hermit","JesterMod","Jorbs\u0027s Wanderer Trilogy","Koishi","Luminous","Marisa????????","Minty Spire (QoL Compilation)","Reimu??????","Remilia??????","StSLib","The Alterego","The Animator","The Bug Knight","The Cursed","The Fake Hero","The Hierophant","The Immortal","The Jungle","The Marked","The Runesmith","The Servant 0.9.4","The Wild Card","Waifu the Spire"],"gold_per_floor":[115,190,206,217,232,232,251,264,264,264,264,264,264,280,280,380,380,400,466,486,101,113,113,127,146,146,164,164,17,17,17,17,17,17],"floor_reached":33,"playtime":1921,"items_purged":[],"score":241,"play_id":"8a603015-8b68-4d91-92d6-24a137f110ab","local_time":"20201229151754","is_ascension_mode":false,"campfire_choices":[{"data":"Crippling Poison","floor":6,"key":"SMITH"},{"floor":10,"key":"REST"},{"data":"Bane","floor":12,"key":"SMITH"},{"data":"Poisoned Stab","floor":15,"key":"SMITH"},{"floor":23,"key":"REST"},{"data":"Poisoned Stab","floor":30,"key":"SMITH"},{"data":"Deadly Poison","floor":32,"key":"SMITH"}],"circlet_count":0,"master_deck":["Strike_G","Strike_G","Strike_G","Strike_G","Strike_G","Defend_G","Defend_G","Defend_G+1","Defend_G","Defend_G","Survivor","Neutralize+1","Poisoned Stab+1","Crippling Poison+1","Bane+1","Poisoned Stab+1","Heel Hook","Bullet Time+1","CurseOfTheBell","Sucker Punch","Footwork+1","Deadly Poison+1","Deflect","Leg Sweep","Deadly Poison","Poisoned Stab+1"],"relics":["Ring of the Snake","Eternal Feather","SsserpentHead","Calling Bell","Dream Catcher","HollowMod:LifeEnderRelic","Gambling Chip","War Paint","Ornamental Fan","Lantern","Lee\u0027s Waffle"],"acts_visited":["Exordium","TheCity"],"potions_floor_usage":[16,19,25,27,33],"damage_taken":[{"damage":2,"enemies":"2 Louse","floor":1,"turns":5},{"damage":0,"enemies":"Small Slimes","floor":3,"turns":4},{"damage":1,"enemies":"Cultist","floor":4,"turns":4},{"damage":14,"enemies":"Exordium Thugs","floor":5,"turns":5},{"damage":5,"enemies":"3 Louse","floor":7,"turns":3},{"damage":6,"enemies":"Gremlin Gang","floor":8,"turns":3},{"damage":3,"enemies":"2 Fungi Beasts","floor":14,"turns":3},{"damage":34,"enemies":"The Guardian","floor":16,"turns":9},{"damage":18,"enemies":"3 Byrds","floor":18,"turns":5},{"damage":11,"enemies":"Spheric Guardian","floor":19,"turns":4},{"damage":15,"enemies":"Shelled Parasite and Fungi","floor":22,"turns":5},{"damage":5,"enemies":"Centurion and Healer","floor":24,"turns":6},{"damage":26,"enemies":"Cultist and Chosen","floor":25,"turns":6},{"damage":26,"enemies":"3 Cultists","floor":27,"turns":7},{"damage":106,"enemies":"Champ","floor":33,"turns":12}],"seed_played":"-7425768445940871088","potions_obtained":[{"floor":4,"key":"Swift Potion"},{"floor":8,"key":"BlessingOfTheForge"},{"floor":14,"key":"MagicPotion:ReiMu"},{"floor":20,"key":"GamblersBrew"},{"floor":20,"key":"Strength Potion"},{"floor":27,"key":"LiquidBronze"}],"is_trial":false,"path_per_floor":["M","?","M","M","M","R","M","M","T","R","?","R","?","M","R","B",null,"M","M","?","$","M","R","M","M","T","M","?","$","R","$","R","B"],"character_chosen":"THE_SILENT","items_purchased":["Deadly Poison","War Paint","Ornamental Fan","Lee\u0027s Waffle"],"campfire_rested":2,"item_purchase_floors":[21,21,21,29],"current_hp_per_floor":[68,57,57,56,42,42,37,31,31,61,61,70,70,67,70,36,70,52,41,41,41,26,59,54,28,28,2,2,77,77,77,77,0,0],"gold":17,"neow_bonus":"UPGRADE_CARD","is_daily":false,"chose_seed":false,"campfire_upgraded":5,"win_rate":0.0,"timestamp":1609273074,"path_taken":["M","?","M","M","M","R","M","M","T","R","?","R","?","M","R","BOSS","M","?","?","?","M","R","M","M","T","M","?","$","R","$","R","BOSS"],"items_purchased_type":["Card","Relic","Relic","Relic"],"build_version":"2020-12-22","purchased_purges":0,"victory":false,"max_hp_per_floor":[70,70,70,70,70,70,70,70,70,70,70,70,70,70,70,70,70,70,70,70,70,70,70,70,70,70,70,70,77,77,77,77,77,77],"card_choices":[{"not_picked":["Flying Knee","Riddle With Holes"],"picked":"Poisoned Stab","floor":1},{"not_picked":["Bane","Dagger Throw"],"picked":"Crippling Poison","floor":3},{"not_picked":["Underhanded Strike","Deflect"],"picked":"Bane","floor":4},{"not_picked":["Escape Plan","Endless Agony","Doppelganger"],"picked":"SKIP","floor":5},{"not_picked":["Prepared","Quick Slash"],"picked":"Poisoned Stab","floor":7},{"not_picked":["Dagger Spray","All Out Attack"],"picked":"Heel Hook","floor":8},{"not_picked":["Choke","Dagger Throw","Expertise"],"picked":"SKIP","floor":14},{"not_picked":["Malaise","Doppelganger"],"picked":"Bullet Time","floor":16},{"not_picked":["Blade Dance+1","PiercingWail"],"picked":"Sucker Punch","floor":18},{"not_picked":["Prepared+1","Choke"],"picked":"Footwork+1","floor":19},{"not_picked":["Blade Dance","Quick Slash"],"picked":"Deflect","floor":22},{"not_picked":["Well Laid Plans","Backflip+1"],"picked":"Leg Sweep","floor":24},{"not_picked":["Well Laid Plans","Quick Slash"],"picked":"Deadly Poison","floor":25},{"not_picked":["Finisher","Dodge and Roll"],"picked":"Poisoned Stab+1","floor":27}],"player_experience":323937,"relics_obtained":[{"floor":9,"key":"Eternal Feather"},{"floor":17,"key":"Dream Catcher"},{"floor":17,"key":"HollowMod:LifeEnderRelic"},{"floor":17,"key":"Gambling Chip"},{"floor":26,"key":"Lantern"}],"event_choices":[{"damage_healed":0,"gold_gain":75,"player_choice":"Gold","damage_taken":11,"max_hp_gain":0,"max_hp_loss":0,"event_name":"betterThird:BetterGoop","floor":2,"gold_loss":0},{"damage_healed":0,"gold_gain":0,"player_choice":"Ignored","damage_taken":0,"max_hp_gain":0,"max_hp_loss":0,"event_name":"Golden Wing","floor":11,"gold_loss":0},{"damage_healed":0,"gold_gain":0,"player_choice":"Trade","damage_taken":0,"relics_obtained":["SsserpentHead"],"max_hp_gain":0,"max_hp_loss":0,"event_name":"FaceTrader","floor":13,"gold_loss":0},{"damage_healed":0,"gold_gain":0,"player_choice":"Bought 2 Potions","damage_taken":0,"max_hp_gain":0,"max_hp_loss":0,"event_name":"The Woman in Blue","floor":20,"gold_loss":0},{"damage_healed":0,"gold_gain":0,"player_choice":"Bet on Murderer","damage_taken":0,"max_hp_gain":0,"max_hp_loss":0,"event_name":"The Joust","floor":28,"gold_loss":50}],"is_beta":false,"boss_relics":[{"not_picked":["Empty Cage","WristBlade"],"picked":"Calling Bell"}],"items_purged_floors":[],"is_endless":false,"potions_floor_spawned":[4,8,14,22,27],"killed_by":"Champ","ascension_level":0}}