{"host":"no7tmdlkog7hsozz","time":1609270443,"event":{"mods":["Arknights The Spire","BaseMod","Better Sensory Stone","Challenge The Spire","Colored Map","Conspire","Downfall","Duelist Mod","GungeonMod","Halation","Hermit","Hubris","Hunter ??","Infinite Spire","Minty Spire (QoL Compilation)","Replay The Spire","Robot Space Explorer","Shade Mod","Shop Mod","StSLib","The Forsaken","The Servant 0.9.4","thorton","vexMod"],"gold_per_floor":[115,15,190,190,190,190,210,229,229,229,229,229,251,276,276,287,287,287],"floor_reached":16,"playtime":694,"items_purged":[],"score":90,"play_id":"a1b6e84b-4dc3-4ec1-b5f4-dbdc2ccffe8f","local_time":"20201229143403","is_ascension_mode":false,"campfire_choices":[{"data":"thethorton:BusinessCard","floor":6,"key":"SMITH"},{"floor":11,"key":"REST"},{"floor":15,"key":"REST"}],"circlet_count":0,"master_deck":["thethorton:Strike","thethorton:Strike","thethorton:Strike","thethorton:Strike","thethorton:Defend","thethorton:Defend","thethorton:Defend","thethorton:Defend","thethorton:Heckle","thethorton:CreditCard","Normality","thethorton:BusinessCard+1","thethorton:PowerUp+1","thethorton:HitAhead+1","Doubt","thethorton:BusinessBurst","thethorton:LongTermPayoff","thethorton:PocketChange","thethorton:RunningKick"],"relics":["thethorton:CouragePotion","Pantograph","halation:EternalFortune","hubris:Towel","Calipers"],"acts_visited":["Exordium"],"potions_floor_usage":[16],"damage_taken":[{"damage":23,"enemies":"Jaw Worm","floor":1,"turns":7},{"damage":12,"enemies":"2 Louse","floor":7,"turns":4},{"damage":5,"enemies":"Small Slimes","floor":8,"turns":2},{"damage":22,"enemies":"Exordium Wildlife","floor":13,"turns":7},{"damage":17,"enemies":"Blue Slaver","floor":14,"turns":5},{"damage":75,"enemies":"Hexaghost","floor":16,"turns":10}],"seed_played":"-153117954284847121","potions_obtained":[{"floor":1,"key":"Adrenaline Potion"},{"floor":7,"key":"sneckomod:MuddlingPotion"},{"floor":14,"key":"Languid Potion"}],"is_trial":false,"path_per_floor":["M","$","?","?","?","R","M","M","T","?","R","?","M","M","R","B"],"character_chosen":"THE_THORT","items_purchased":["thethorton:PowerUp","thethorton:HitAhead"],"campfire_rested":2,"item_purchase_floors":[2,2],"current_hp_per_floor":[51,51,51,51,51,51,39,34,34,37,60,60,38,21,44,0,0,0],"gold":287,"neow_bonus":"TEN_PERCENT_HP_BONUS","is_daily":false,"chose_seed":false,"campfire_upgraded":1,"win_rate":0.0,"timestamp":1609270443,"path_taken":["M","$","?","?","?","R","?","M","T","?","R","?","M","M","R","BOSS"],"items_purchased_type":["Card","Card"],"build_version":"2020-12-22","purchased_purges":0,"victory":false,"max_hp_per_floor":[74,74,74,74,74,74,74,74,74,77,77,77,77,77,77,77,77,77],"card_choices":[{"not_picked":["thethorton:ElbowSmash","thethorton:DownPayment"],"picked":"thethorton:BusinessCard","floor":1},{"not_picked":["thethorton:TakeAccounts","thethorton:CallIn"],"picked":"thethorton:BusinessBurst","floor":7},{"not_picked":["thethorton:SicklyRun","thethorton:CoinClash"],"picked":"thethorton:LongTermPayoff","floor":8},{"not_picked":["thethorton:SnowDay","thethorton:TakeAccounts"],"picked":"thethorton:PocketChange","floor":13},{"not_picked":["thethorton:BoardroomBlast","thethorton:LongTermPayoff"],"picked":"thethorton:RunningKick","floor":14}],"player_experience":573793,"relics_obtained":[{"floor":9,"key":"Pantograph"}],"event_choices":[{"damage_healed":0,"gold_gain":175,"player_choice":"AGREE","damage_taken":0,"max_hp_gain":0,"max_hp_loss":0,"event_name":"Liars Game","floor":3,"gold_loss":0,"cards_obtained":["Doubt"]},{"damage_healed":0,"gold_gain":0,"player_choice":"Grow","damage_taken":0,"max_hp_gain":0,"max_hp_loss":0,"event_name":"Living Wall","floor":5,"gold_loss":0,"cards_upgraded":["thethorton:HitAhead"]}],"is_beta":false,"boss_relics":[],"items_purged_floors":[],"is_endless":false,"potions_floor_spawned":[1,7,14],"killed_by":"Hexaghost","ascension_level":0}}