{"host":"ktoxvvst1mwxww91","time":1609239358,"event":{"mods":["BaseMod","Hermit","Minty Spire (QoL Compilation)","StSLib","The Hierophant","The Mystic","The Necromancer"],"gold_per_floor":[113,113,93,104,254,254,265,265,265,265,278,78,78,96,96,172,222,232,232,250,267,91,91,91,0,46,46,64,64,64],"floor_reached":29,"playtime":1051,"items_purged":["Doubt","Strike_B"],"score":394,"play_id":"1e945f08-de5a-48e0-8d1b-d351c8fbbb32","local_time":"20201229115558","is_ascension_mode":true,"campfire_choices":[{"data":"Go for the Eyes","floor":6.0,"key":"SMITH"},{"data":"Zap","floor":8.0,"key":"SMITH"},{"data":"Dualcast","floor":10.0,"key":"SMITH"},{"data":"Static Discharge","floor":15.0,"key":"SMITH"},{"floor":24.0,"key":"REST"}],"circlet_count":0,"master_deck":["AscendersBane","Strike_B+1","Defend_B+1","Defend_B+1","Defend_B+1","Defend_B+1","Zap+1","Dualcast+1","Go for the Eyes+1","Gash+1","Gash","Go for the Eyes","Melter","Static Discharge+1","Parasite","Leap","Biased Cognition","Conserve Battery","Conserve Battery+1","Gash","Glacier","Ghostly","Ghostly","Ghostly"],"relics":["Runic Pyramid","Blue Candle","Tiny House","Regal Pillow"],"acts_visited":["Exordium","TheCity"],"potions_floor_usage":[],"damage_taken":[{"damage":11.0,"enemies":"Small Slimes","floor":1.0,"turns":5.0},{"damage":1.0,"enemies":"Cultist","floor":4.0,"turns":3.0},{"damage":5.0,"enemies":"2 Louse","floor":7.0,"turns":4.0},{"damage":11.0,"enemies":"Blue Slaver","floor":11.0,"turns":3.0},{"damage":13.0,"enemies":"2 Fungi Beasts","floor":14.0,"turns":3.0},{"damage":27.0,"enemies":"The Guardian","floor":16.0,"turns":9.0},{"damage":36.0,"enemies":"Shell Parasite","floor":18.0,"turns":5.0},{"damage":25.0,"enemies":"3 Byrds","floor":20.0,"turns":3.0},{"damage":14.0,"enemies":"Sentry and Sphere","floor":21.0,"turns":6.0},{"damage":0,"enemies":"Centurion and Healer","floor":28,"turns":13},{"damage":21,"enemies":"Snecko","floor":29,"turns":4}],"seed_played":"-3264857179257909380","potions_obtained":[{"floor":1.0,"key":"FairyPotion"},{"floor":3.0,"key":"GamblersBrew"},{"floor":14.0,"key":"Ancient Potion"},{"floor":21.0,"key":"Explosive Potion"},{"floor":28,"key":"LiquidBronze"}],"is_trial":false,"path_per_floor":["M","?","?","M","?","R","M","R","T","R","M","$","?","M","R","B",null,"M","?","M","M","$","?","R","?","T","?","M","M"],"character_chosen":"DEFECT","items_purchased":["Melter","Static Discharge","Glacier"],"campfire_rested":1,"item_purchase_floors":[12,12,22],"current_hp_per_floor":[53,46,46,45,45,45,40,40,40,40,29,29,46,33,33,6,60,24,24,22,8,8,8,19,19,19,19,19,0,0],"gold":64,"neow_bonus":"BOSS_RELIC","is_daily":false,"chose_seed":false,"campfire_upgraded":4,"win_rate":0.0,"timestamp":1609239358,"path_taken":["M","?","?","?","?","R","M","R","T","R","M","$","?","M","R","BOSS","M","?","?","M","$","?","R","?","T","?","M","M"],"items_purchased_type":["Card","Card","Card"],"build_version":"2020-12-22","purchased_purges":2,"victory":false,"max_hp_per_floor":[71,71,71,71,71,71,71,71,71,71,71,71,71,71,71,71,76,76,76,76,76,76,38,38,38,38,38,38,38,38],"card_choices":[{"not_picked":["Auto Shields","Sweeping Beam"],"picked":"Go for the Eyes","floor":1.0},{"not_picked":["Barrage","Skim"],"picked":"Gash","floor":4.0},{"not_picked":["Hologram","Compile Driver"],"picked":"Gash","floor":7.0},{"not_picked":["BootSequence","Compile Driver"],"picked":"Go for the Eyes","floor":11.0},{"not_picked":["Ball Lightning","Rebound"],"picked":"Leap","floor":14.0},{"not_picked":["Machine Learning","Seek"],"picked":"Biased Cognition","floor":16.0},{"not_picked":["Streamline","Go for the Eyes"],"picked":"Conserve Battery","floor":17.0},{"not_picked":["Capacitor","Go for the Eyes"],"picked":"Conserve Battery+1","floor":18.0},{"not_picked":["Redo","Cold Snap+1","Rip and Tear"],"picked":"SKIP","floor":20.0},{"not_picked":["Rip and Tear","Barrage"],"picked":"Gash","floor":21.0},{"not_picked":["Rip and Tear","Scrape+1","Fission"],"picked":"SKIP","floor":28}],"player_experience":939865,"relics_obtained":[{"floor":9.0,"key":"Blue Candle"},{"floor":26,"key":"Regal Pillow"}],"event_choices":[{"cards_removed":["Strike_B"],"damage_healed":0.0,"max_hp_gain":0.0,"max_hp_loss":0.0,"gold_gain":0.0,"event_name":"Golden Wing","player_choice":"Card Removal","floor":2.0,"gold_loss":0.0,"damage_taken":7.0},{"damage_healed":0.0,"max_hp_gain":0.0,"max_hp_loss":0.0,"gold_gain":0.0,"event_name":"The Woman in Blue","player_choice":"Bought 1 Potion","floor":3.0,"gold_loss":0.0,"damage_taken":0.0},{"damage_healed":0.0,"max_hp_gain":0.0,"max_hp_loss":0.0,"gold_gain":150.0,"event_name":"Liars Game","player_choice":"AGREE","floor":5.0,"gold_loss":0.0,"damage_taken":0.0,"cards_obtained":["Doubt"]},{"damage_healed":17.0,"max_hp_gain":0.0,"max_hp_loss":0.0,"gold_gain":0.0,"event_name":"Mushrooms","player_choice":"Healed and dodged fight","floor":13.0,"gold_loss":0.0,"damage_taken":0.0,"cards_obtained":["Parasite"]},{"cards_removed":["Strike_B"],"damage_healed":0.0,"max_hp_gain":0.0,"max_hp_loss":0.0,"gold_gain":0.0,"event_name":"Bonfire Elementals","player_choice":"Offered Basic","floor":19.0,"gold_loss":0.0,"damage_taken":0.0},{"damage_healed":0.0,"max_hp_gain":0.0,"max_hp_loss":38.0,"gold_gain":0.0,"event_name":"Ghosts","player_choice":"Became a Ghost","floor":23.0,"gold_loss":0.0,"damage_taken":0.0,"cards_obtained":["Ghostly","Ghostly","Ghostly"]},{"damage_healed":0,"gold_gain":0,"player_choice":"Paid Fearfully","damage_taken":0,"max_hp_gain":0,"max_hp_loss":0,"event_name":"Masked Bandits","floor":25,"gold_loss":91},{"damage_healed":0,"gold_gain":0,"player_choice":"Simplicity","damage_taken":0,"max_hp_gain":0,"max_hp_loss":0,"event_name":"Back to Basics","floor":27,"gold_loss":0,"cards_upgraded":["Strike_B","Defend_B","Defend_B","Defend_B","Defend_B"]}],"is_beta":false,"boss_relics":[{"not_picked":["Pandora\u0027s Box","Fusion Hammer"],"picked":"Tiny House"}],"items_purged_floors":[12,22],"is_endless":false,"potions_floor_spawned":[1,14,21,28],"killed_by":"Snecko","ascension_level":17}}