{"host":"amnup8uv961nil3y","time":1609264298,"event":{"mods":["Act Like it!","Aspiration","BaseMod","Bestiary","Better Altar","Better Match","Better Sensory Stone","Better Synergies","Better Third Choice","Block Reminder","Challenge The Spire","Colored Map","Colored Powertips","Colorless Booster Pack","Conspire","DeckTracker","Disable Question Mark Monsters","Elementarium","Energized Spire","Evolution","GifTheSpireLib","Halation","HexUI Lib","Highlight Path","Hubris","Infinite Spire","Lotus Mark","Menagerie","Minty Spire (QoL Compilation)","Pale of the Ancients","Potion Indicator Mod","Quarter Circle Forward PUNCH!","RatMod","Relic Stats","Replay The Spire","Reworked Bosses","Shop Mod","Small Relic Pack","Spicy Shops","Spikes Relics","StSLib","Stuff the Spire","Swap Starting Deck Mod","Trackpad","Useless Jewels Mod","Wandering Minibosses","vexMod"],"gold_per_floor":[111,126,126,126,126,126,2,37,62,62,190,249,249,275,275,320,320],"floor_reached":16,"playtime":962,"items_purged":["Delirium"],"score":119,"play_id":"f6c13266-dc1b-4e7d-9898-35ddfef8ab22","local_time":"20201229175138","is_ascension_mode":true,"campfire_choices":[{"data":"Zap","floor":6,"key":"SMITH"},{"data":"Beam Cell","floor":10,"key":"SMITH"},{"floor":13,"key":"REST"}],"circlet_count":0,"master_deck":["Strike_B","Strike_B","Strike_B","Defend_B","Defend_B","Defend_B","Defend_B","Zap+1","Dualcast","Ball Lightning","Conserve Battery","Conserve Battery","hubris:PowerSurge+1","Beam Cell+1","Redo","Streamline","FTL","Loop"],"relics":["Cracked Core","EVO:Axolotl","Menagerie:ShiftingBlessing","relicPack:AllForOne","ReplayTheSpireMod:Ring of Collecting","ReplayTheSpireMod:Ring of Challenge","halation:PromiseList","Omamori","hubris:MobiusCoin","trackpad:IceCube"],"acts_visited":["Menagerie:Menagerie"],"potions_floor_usage":[14,16,16],"damage_taken":[{"damage":2,"enemies":"Menagerie:StygianBoar","floor":1,"turns":2},{"damage":0,"enemies":"Menagerie:WhisperingWraith","floor":2,"turns":4},{"damage":12,"enemies":"Menagerie:MaskedSummoner","floor":8,"turns":8},{"damage":29,"enemies":"conspire:MimicChest","floor":11,"turns":6},{"damage":0,"enemies":"Menagerie:2_RABBITS","floor":12,"turns":2},{"damage":18,"enemies":"Menagerie:VoidReaper","floor":14,"turns":4},{"damage":34,"enemies":"Menagerie:Suneater","floor":16,"turns":5}],"seed_played":"984459784534807434","potions_obtained":[{"floor":11,"key":"Fire Potion"},{"floor":12,"key":"DuplicationPotion"},{"floor":14,"key":"Swift Potion"}],"is_trial":false,"path_per_floor":["M","M","?","?","?","R","$","E","T","R","?","M","R","E","R_BF","B"],"character_chosen":"DEFECT","items_purchased":["hubris:PowerSurge+1"],"campfire_rested":1,"item_purchase_floors":[7],"current_hp_per_floor":[73,73,64,64,64,64,64,52,52,52,23,23,45,27,27,0,0],"gold":320,"neow_bonus":"THREE_CARDS","is_daily":false,"chose_seed":false,"campfire_upgraded":2,"win_rate":0.0,"timestamp":1609264298,"path_taken":["M","M","?","?","?","R","$","E","T","R","?","M","R","E","R_BF","BOSS"],"items_purchased_type":["Card"],"build_version":"2020-12-22","purchased_purges":1,"victory":false,"max_hp_per_floor":[75,75,75,75,75,75,75,75,75,75,75,75,75,75,75,75,75],"relic_stats":{"counters":[7,31],"obtain_stats":[{"hubris:MobiusCoin":11,"Menagerie:ShiftingBlessing":3,"trackpad:IceCube":14,"ReplayTheSpireMod:Ring of Collecting":5,"halation:PromiseList":8,"Omamori":9,"EVO:Axolotl":0,"relicPack:AllForOne":4,"ReplayTheSpireMod:Ring of Challenge":5,"Cracked Core":0},{"hubris:MobiusCoin":4,"Menagerie:ShiftingBlessing":2,"trackpad:IceCube":6,"ReplayTheSpireMod:Ring of Collecting":2,"halation:PromiseList":3,"Omamori":3,"EVO:Axolotl":0,"relicPack:AllForOne":2,"ReplayTheSpireMod:Ring of Challenge":2,"Cracked Core":0},{"hubris:MobiusCoin":20,"Menagerie:ShiftingBlessing":6,"trackpad:IceCube":26,"ReplayTheSpireMod:Ring of Collecting":6,"halation:PromiseList":14,"Omamori":14,"EVO:Axolotl":0,"relicPack:AllForOne":6,"ReplayTheSpireMod:Ring of Challenge":6,"Cracked Core":0}]},"card_choices":[{"not_picked":["Rebound","Streamline"],"picked":"Ball Lightning","floor":0},{"not_picked":["BasicCrystalCard","Sweeping Beam"],"picked":"Conserve Battery","floor":1},{"not_picked":["Hologram","Rainbow"],"picked":"Conserve Battery","floor":2},{"not_picked":["Coolheaded","Melter"],"picked":"Beam Cell","floor":8},{"not_picked":["Conserve Battery","StuffTheSpire:Synthwave"],"picked":"Redo","floor":11},{"not_picked":["Barrage","Coolheaded"],"picked":"Streamline","floor":12},{"not_picked":["Leap","ReplayTheSpireMod:Reroute Power"],"picked":"FTL","floor":14}],"player_experience":280720,"relics_obtained":[{"floor":5,"key":"ReplayTheSpireMod:Ring of Collecting"},{"floor":5,"key":"ReplayTheSpireMod:Ring of Challenge"},{"floor":8,"key":"halation:PromiseList"},{"floor":9,"key":"Omamori"},{"floor":11,"key":"hubris:MobiusCoin"},{"floor":14,"key":"trackpad:IceCube"}],"event_choices":[{"damage_healed":0,"gold_gain":0,"player_choice":"Touch","damage_taken":9,"relics_obtained":["Menagerie:ShiftingBlessing"],"max_hp_gain":0,"max_hp_loss":0,"event_name":"Menagerie:LunarGift","floor":3,"gold_loss":0}],"is_beta":false,"boss_relics":[],"items_purged_floors":[7],"is_endless":false,"potions_floor_spawned":[11,12,14],"killed_by":"Menagerie:Suneater","ascension_level":3}}