{"host":"tr12w2fixbnujl15","time":1609278735,"event":{"mods":["2.2 Compatiblity","BaseMod","Better Skull","BetterRewards","CatGirl Mod","Colored Powertips","Hubris","Infinite Spire","Jorbs\u0027s Wanderer Trilogy","Luminous","Minty Spire (QoL Compilation)","Quick Restart","Reimu??????","Replay The Spire","StSLib","SuperFastMode","Td1madao Mod","The Animator","The Sage","The Spell Scribe","WarShipGirlsR/????R mod"],"gold_per_floor":[114,114,133,208,221,221,253,266,266,290,290,164,197,233,233,334,334,334,334],"floor_reached":18,"playtime":989,"items_purged":[],"score":164,"play_id":"39b3af80-81e0-4ec5-8095-267cbfb32959","local_time":"20201229165215","is_ascension_mode":false,"campfire_choices":[{"data":"animator:DolaSchwi","floor":6,"key":"SMITH"},{"floor":11,"key":"REST"},{"floor":15,"key":"REST"}],"circlet_count":0,"master_deck":["animator:Strike_NoGameNoLife","animator:Defend_NoGameNoLife","animator:Strike","animator:Strike","animator:Strike","animator:Defend","animator:Defend","animator:Defend","animator:DolaSchwi+1","animator:DolaCouronne","animator:MaesHughes","animator:MaesHughes","animator:Raven","animator:Tet","animator:Berserker","animator:GuildGirl","animator:Lancer","animator:Ara","animator:Pride","animator:Priestess","animator:HigakiRinne"],"relics":["animator:LivingPicture","animator:TheMissingPiece","animator:PurgingStone","NeowsBlessing","Pantograph","Anchor","sagemod:Falmels_Amulet"],"acts_visited":["Exordium","TheCity"],"potions_floor_usage":[8,16,16],"damage_taken":[{"damage":0,"enemies":"Jaw Worm","floor":1,"turns":1},{"damage":0,"enemies":"Cultist","floor":3,"turns":1},{"damage":0,"enemies":"2 Louse","floor":5,"turns":2},{"damage":7,"enemies":"Blue Slaver","floor":7,"turns":4},{"damage":5,"enemies":"Gremlin Gang","floor":8,"turns":6},{"damage":8,"enemies":"2 Fungi Beasts","floor":10,"turns":5},{"damage":35,"enemies":"Lagavulin","floor":13,"turns":8},{"damage":22,"enemies":"Lots of Slimes","floor":14,"turns":6},{"damage":66,"enemies":"Fading Forest","floor":16,"turns":11},{"damage":0,"enemies":"Spheric Guardian","floor":18,"turns":2}],"seed_played":"-1348419554077330000","potions_obtained":[{"floor":1,"key":"Fire Potion"},{"floor":13,"key":"Reflective Coating"},{"floor":14,"key":"Regen Potion"},{"floor":16,"key":"Strength Potion"}],"is_trial":false,"path_per_floor":["M","?","M","?","M","R","M","M","T","M","R","$","E","M","R","B",null,"M"],"character_chosen":"THE_ANIMATOR","items_purchased":["animator:Lancer","animator:Ara"],"campfire_rested":2,"item_purchase_floors":[12,12],"current_hp_per_floor":[66,60,60,60,60,60,53,48,48,40,59,59,24,3,23,17,67,67,67],"gold":334,"neow_bonus":"THREE_ENEMY_KILL","is_daily":false,"chose_seed":false,"campfire_upgraded":1,"win_rate":0.0,"timestamp":1609278735,"path_taken":["M","?","?","?","M","R","M","M","T","M","R","$","E","M","R","BOSS","M"],"items_purchased_type":["Card","Card"],"build_version":"2020-12-22","purchased_purges":0,"victory":false,"max_hp_per_floor":[66,66,66,66,66,66,66,66,66,66,66,66,66,67,67,67,67,67,67],"card_choices":[{"not_picked":["animator:KyokoSakura","animator:DolaCouronne"],"picked":"animator:MaesHughes","floor":1},{"not_picked":["animator:Chung","animator:PandorasActor"],"picked":"animator:MaesHughes","floor":3},{"not_picked":["animator:DolaCouronne","animator:MamiTomoe"],"picked":"animator:Raven","floor":5},{"not_picked":["animator:Jibril","animator:DolaSchwi"],"picked":"animator:Tet","floor":7},{"not_picked":["animator:Millim","animator:ElricAlphonse"],"picked":"animator:Berserker","floor":8},{"not_picked":["animator:Sloth","animator:Father"],"picked":"animator:GuildGirl","floor":10},{"not_picked":["animator:Priestess","animator:Ciel"],"picked":"animator:Pride","floor":13},{"not_picked":["animator:Spearman","animator:GuildGirl"],"picked":"animator:Priestess","floor":14},{"not_picked":["animator:GoblinSlayer","animator:Shizu"],"picked":"animator:HigakiRinne","floor":16}],"player_experience":8006,"relics_obtained":[{"floor":9,"key":"Pantograph"},{"floor":13,"key":"Anchor"}],"event_choices":[{"damage_healed":0,"gold_gain":0,"player_choice":"Damaged","damage_taken":6,"max_hp_gain":0,"max_hp_loss":0,"event_name":"Wheel of Change","floor":2,"gold_loss":0},{"damage_healed":0,"gold_gain":75,"player_choice":"Gained Gold","damage_taken":0,"max_hp_gain":0,"max_hp_loss":0,"event_name":"Golden Wing","floor":4,"gold_loss":0}],"is_beta":false,"boss_relics":[{"not_picked":["hubris:TerracottaHorce","Astrolabe"],"picked":"sagemod:Falmels_Amulet"}],"items_purged_floors":[],"is_endless":false,"potions_floor_spawned":[1,13,14,16],"killed_by":"Spheric Guardian","ascension_level":0}}