{"host":"Alvar","time":1609235139,"event":{"mods":["AchievementEnabler","Aspiration","BaseMod","Minty Spire (QoL Compilation)","StSLib"],"gold_per_floor":[117,117,42,42,61,101,101,130,157,180,228,243,267,308,308,308,308],"floor_reached":16,"playtime":384,"items_purged":[],"score":283,"play_id":"8361c000-cabe-47bb-86c6-04db6ebf5a24","local_time":"20201229164539","is_ascension_mode":true,"campfire_choices":[{"data":"Neutralize","floor":7,"key":"SMITH"},{"floor":15,"key":"REST"}],"circlet_count":0,"master_deck":["AscendersBane","Strike_G","Strike_G","Strike_G","Strike_G","Defend_G","Defend_G","Defend_G","Defend_G","Defend_G","Survivor","Neutralize+1","Choke","Injury","Heel Hook+1","Poisoned Stab+1","Dash+1","Crippling Poison"],"relics":["Ring of the Snake","NeowsBlessing","Golden Idol","Molten Egg 2","CeramicFish","Toy Ornithopter","Bag of Preparation","Boot","The Specimen"],"acts_visited":["Exordium"],"potions_floor_usage":[11],"damage_taken":[{"damage":0,"enemies":"Small Slimes","floor":1,"turns":1},{"damage":0,"enemies":"2 Louse","floor":5,"turns":1},{"damage":0,"enemies":"Gremlin Nob","floor":6,"turns":1},{"damage":1,"enemies":"Jaw Worm","floor":8,"turns":2},{"damage":22,"enemies":"3 Sentries","floor":11,"turns":12},{"damage":0,"enemies":"Large Slime","floor":12,"turns":5},{"damage":1,"enemies":"3 Louse","floor":13,"turns":2},{"damage":5,"enemies":"Lagavulin","floor":14,"turns":5},{"damage":23,"enemies":"Slime Boss","floor":16,"turns":4}],"seed_played":"8089079939087327983","potions_obtained":[{"floor":1,"key":"Ancient Potion"},{"floor":5,"key":"Block Potion"}],"is_trial":false,"path_per_floor":["M","?","?","?","M","E","R","M","T","T","E","M","M","E","R","B"],"character_chosen":"THE_SILENT","items_purchased":[],"campfire_rested":1,"item_purchase_floors":[],"current_hp_per_floor":[59,59,59,59,59,59,59,58,58,58,41,41,40,35,53,30,30],"gold":308,"neow_bonus":"THREE_ENEMY_KILL","is_daily":false,"chose_seed":false,"campfire_upgraded":1,"win_rate":0.0,"timestamp":1609235139,"path_taken":["M","?","?","?","M","E","R","M","T","?","E","M","?","E","R","BOSS"],"items_purchased_type":[],"build_version":"2020-12-18","purchased_purges":0,"victory":false,"max_hp_per_floor":[66,60,60,60,60,60,60,60,60,60,60,60,60,60,60,60,60],"card_choices":[{"not_picked":["Cloak And Dagger","Escape Plan"],"picked":"Choke","floor":1},{"not_picked":["Backflip","Blur"],"picked":"Heel Hook+1","floor":5},{"not_picked":["Noxious Fumes","Cloak And Dagger"],"picked":"Poisoned Stab+1","floor":6},{"not_picked":["Cloak And Dagger","Deflect"],"picked":"Dash+1","floor":8},{"not_picked":["Riddle With Holes+1","Cloak And Dagger"],"picked":"Crippling Poison","floor":11},{"not_picked":["Dodge and Roll","Caltrops","Setup"],"picked":"SKIP","floor":12},{"not_picked":["Sucker Punch+1","Catalyst","Deflect"],"picked":"SKIP","floor":13},{"not_picked":["Concentrate","Underhanded Strike+1","Grand Finale+1"],"picked":"SKIP","floor":14}],"player_experience":753735,"relics_obtained":[{"floor":6,"key":"CeramicFish"},{"floor":9,"key":"Toy Ornithopter"},{"floor":10,"key":"Bag of Preparation"},{"floor":11,"key":"Boot"},{"floor":14,"key":"The Specimen"}],"event_choices":[{"damage_healed":0,"gold_gain":0,"player_choice":"Lose Max HP","damage_taken":0,"relics_obtained":["Golden Idol"],"max_hp_gain":0,"max_hp_loss":6,"event_name":"Golden Idol","floor":2,"gold_loss":0},{"cards_removed":["Strike_G"],"damage_healed":0,"gold_gain":0,"player_choice":"Card Removal","damage_taken":0,"max_hp_gain":0,"max_hp_loss":0,"event_name":"The Cleric","floor":3,"gold_loss":75}],"is_beta":true,"boss_relics":[],"items_purged_floors":[],"is_endless":false,"potions_floor_spawned":[1,5],"killed_by":"Slime Boss","ascension_level":19}}