{"host":"kh1j1cf337zr4nij","time":1609237553,"event":{"mods":["2.2 Compatiblity","AchievementEnabler","Act Like it!","Aspiration","BaseMod","Beaked The Cultist","Bestiary","CCEM","Colored Map","Colored Powertips","Conspire","Downfall","Energized Spire","Fireblade Mod","Friendly Minions","FruityMod","GifTheSpireLib","Glutton Mod","Halation","Hermit","Highlight Path","Hubris","Jedi Mod","JesterMod","Mad Scientist","Marisa????????","Melee Mod","Minty Spire (QoL Compilation)","Quick Restart","Random Character Button","Relic Stats","Replay The Spire","Shade Mod","Slumbering Mod","Spikes Relics","StSLib","Stuff the Spire","SuperFastMode","Synergy Search","The Blackbeard","The Clintock","The Construct","The Cursed","The Disciple","The Druid","The Forsaken","The Hierophant","The Judge","The Juggle","The Mystic","The Necromancer","The Runesmith","The Servant 0.9.4","The Spell Scribe","The Valiant","TheFirefly","Trackpad","vexMod"],"gold_per_floor":[99,109,121,31,51,51,77,77,90,90,90],"floor_reached":10,"playtime":853,"items_purged":[],"score":58,"play_id":"9accd507-99df-4a48-abe5-6e600198251d","local_time":"20201229052553","is_ascension_mode":false,"campfire_choices":[{"data":"theScribe:StarterModifier","floor":1.0,"key":"SMITH"},{"data":"theScribe:CapacitanceScroll","floor":8,"key":"SMITH"}],"circlet_count":0,"master_deck":["theScribe:StarterAttack","theScribe:StarterAttack","theScribe:LightningStrike","theScribe:LightningStrike","theScribe:StarterDefend","theScribe:StarterDefend","theScribe:StarterDefend","theScribe:IcyDefend","theScribe:IcyDefend","theScribe:StarterModifier+1","theScribe:FlowLikeWater","theScribe:StaticCage","theScribe:Overcharge","theScribe:CapacitanceScroll+1","theForsaken:PlagueCurse","theScribe:SacrificeRitual","theScribe:InscribeDeath"],"relics":["theScribe:StarterRelic1","theForsaken:PlagueMask","StuffTheSpire:Mouthbags"],"acts_visited":["Exordium"],"potions_floor_usage":[],"damage_taken":[{"damage":26.0,"enemies":"Cultist","floor":2.0,"turns":7.0},{"damage":0,"enemies":"Small Slimes","floor":3,"turns":5},{"damage":10,"enemies":"downfall:FleeingMerchant","floor":4,"turns":4},{"damage":10,"enemies":"2 Louse","floor":5,"turns":2},{"damage":18,"enemies":"Blue Slaver","floor":9,"turns":4},{"damage":29,"enemies":"Lagavulin","floor":10,"turns":5}],"seed_played":"-5692101843055132105","potions_obtained":[{"floor":5,"key":"Toxic Potion"}],"is_trial":false,"path_per_floor":["R","M","M","$","M","?","T","R","M","E"],"character_chosen":"THE_SCRIBE","items_purchased":["theScribe:CapacitanceScroll"],"campfire_rested":0,"item_purchase_floors":[4],"current_hp_per_floor":[82,56,56,46,36,36,36,36,18,0,0],"gold":90,"neow_bonus":"TEN_PERCENT_HP_BONUS","is_daily":false,"chose_seed":false,"campfire_upgraded":2,"win_rate":0.0,"timestamp":1609237553,"path_taken":["R","M","M","$","?","?","T","R","M","E"],"items_purchased_type":["Card"],"build_version":"2020-12-22","purchased_purges":0,"victory":false,"max_hp_per_floor":[82,82,82,82,82,82,82,82,82,82,82],"relic_stats":{"counters":[6,27],"obtain_stats":[{"StuffTheSpire:Mouthbags":7,"theForsaken:PlagueMask":6,"theScribe:StarterRelic1":0},{"StuffTheSpire:Mouthbags":4,"theForsaken:PlagueMask":4,"theScribe:StarterRelic1":0},{"StuffTheSpire:Mouthbags":18,"theForsaken:PlagueMask":18,"theScribe:StarterRelic1":0}]},"card_choices":[{"not_picked":["theScribe:EnchantedStrike","theScribe:LightningBlade"],"picked":"theScribe:FlowLikeWater","floor":2},{"not_picked":["theScribe:Thunder","theScribe:ScrollOfShadows"],"picked":"theScribe:StaticCage","floor":3},{"not_picked":["theScribe:BluntWeapons","theScribe:GlaciesSpellstone"],"picked":"theScribe:Overcharge","floor":4},{"not_picked":["theScribe:ArcaneBarrier","theScribe:WeirdShield"],"picked":"theScribe:SacrificeRitual","floor":5},{"not_picked":["theScribe:GatherComponents","theScribe:FrostvenomToxin"],"picked":"theScribe:InscribeDeath","floor":9}],"player_experience":38832,"relics_obtained":[{"floor":7,"key":"StuffTheSpire:Mouthbags"}],"event_choices":[{"damage_healed":0,"gold_gain":0,"player_choice":"Obtain Plague Curse","damage_taken":0,"max_hp_gain":0,"max_hp_loss":0,"event_name":"Plague Doctor","floor":6,"gold_loss":0,"cards_obtained":["theForsaken:PlagueCurse"]}],"is_beta":false,"boss_relics":[],"items_purged_floors":[],"is_endless":false,"potions_floor_spawned":[5],"killed_by":"Lagavulin","ascension_level":0}}