{"host":"svab9sudlrudptws","time":1609247398,"event":{"mods":["BaseMod","Colored Powertips","Minty Spire (QoL Compilation)","Robot Space Explorer","Shade Mod","StSLib","The Blackbeard","The Marked","The Mystic","The Necromancer","The Poker Player","The Servant 0.9.4","TheFirefly"],"gold_per_floor":[112,125,125,149,149,184,184,359,382,402,77,102,126,146,146,271,271,289,289,51,85,10,43,43,87,87,148,148,148],"floor_reached":28,"playtime":1866,"items_purged":["Doubt"],"score":258,"play_id":"18b8108f-dc43-4f1f-ae24-d88c21889422","local_time":"20201229150958","is_ascension_mode":false,"campfire_choices":[{"data":"theMarked:Indomitable","floor":7,"key":"SMITH"},{"floor":15,"key":"REST"},{"floor":24,"key":"REST"}],"circlet_count":0,"master_deck":["theMarked:Strike","theMarked:Strike","theMarked:Strike","theMarked:Strike","theMarked:Defend","theMarked:Defend","theMarked:Defend","theMarked:Defend","theMarked:SoldierOfQuellstein+1","theMarked:Indomitable+1","theMarked:Overcharge","theMarked:BanishingStrike","theMarked:ParalyzingBlade","theMarked:EternalStudent","theMarked:Seal","theMarked:WardOff+1","theMarked:WardOff","theMarked:MagicAdept+1"],"relics":["theMarked:ArtifactOfAir","Golden Idol","Ancient Tea Set","Bag of Preparation","Pantograph","theMarked:Eyepatch","Gremlin Horn","Red Mask","Dream Catcher","Pen Nib","HornCleat"],"acts_visited":["Exordium","TheCity"],"potions_floor_usage":[6,16,23,27,27],"damage_taken":[{"damage":6,"enemies":"Jaw Worm","floor":1,"turns":3},{"damage":0,"enemies":"2 Louse","floor":2,"turns":2},{"damage":0,"enemies":"Small Slimes","floor":4,"turns":3},{"damage":30,"enemies":"Gremlin Nob","floor":6,"turns":5},{"damage":2,"enemies":"Blue Slaver","floor":10,"turns":3},{"damage":0,"enemies":"Lots of Slimes","floor":12,"turns":4},{"damage":2,"enemies":"Large Slime","floor":13,"turns":6},{"damage":0,"enemies":"3 Louse","floor":14,"turns":3},{"damage":57,"enemies":"Hexaghost","floor":16,"turns":10},{"damage":15,"enemies":"Spheric Guardian","floor":18,"turns":4},{"damage":18,"enemies":"Masked Bandits","floor":21,"turns":4},{"damage":29,"enemies":"Gremlin Leader","floor":23,"turns":5},{"damage":26,"enemies":"Book of Stabbing","floor":25,"turns":5},{"damage":0,"enemies":"2 Thieves","floor":27,"turns":4},{"damage":5,"enemies":"Snake Plant","floor":28,"turns":1}],"seed_played":"9113987413308708555","potions_obtained":[{"floor":1,"key":"FearPotion"},{"floor":4,"key":"FearPotion"},{"floor":13,"key":"Regen Potion"},{"floor":16,"key":"Weak Potion"},{"floor":23,"key":"Explosive Potion"},{"floor":25,"key":"ColorlessPotion"}],"is_trial":false,"path_per_floor":["M","M","?","M","$","E","R","?","T","M","$","M","M","M","R","B",null,"M","?","$","?","?","E","R","E","T","M","M"],"character_chosen":"THE_DEFAULT","items_purchased":["Pantograph","Gremlin Horn"],"campfire_rested":2,"item_purchase_floors":[11,20],"current_hp_per_floor":[64,64,47,47,47,17,17,17,17,15,15,15,13,13,34,17,70,55,55,55,37,37,8,29,3,3,3,0,0],"gold":148,"neow_bonus":"UPGRADE_CARD","is_daily":false,"chose_seed":false,"campfire_upgraded":1,"win_rate":0.0,"timestamp":1609247398,"path_taken":["M","M","?","M","$","E","R","?","T","M","$","M","M","M","R","BOSS","M","?","$","?","?","E","R","E","T","M","M"],"items_purchased_type":["Relic","Relic"],"build_version":"2020-12-22","purchased_purges":1,"victory":false,"max_hp_per_floor":[70,70,70,70,70,70,70,70,70,70,70,70,70,70,70,70,70,70,70,70,70,70,70,70,70,70,70,70,70],"card_choices":[{"not_picked":["theMarked:CreepingChasm","theMarked:Static"],"picked":"theMarked:Indomitable","floor":1},{"not_picked":["theMarked:Polarize","theMarked:ElectricStrings"],"picked":"theMarked:Overcharge","floor":2},{"not_picked":["theMarked:HeightenedSenses","theMarked:WastefulDefense","theMarked:EmpowerWeapon"],"picked":"SKIP","floor":4},{"not_picked":["theMarked:Challenge","theMarked:WastefulAttack"],"picked":"theMarked:BanishingStrike","floor":6},{"not_picked":["theMarked:Static","theMarked:Aftermath","theMarked:Electrify"],"picked":"SKIP","floor":10},{"not_picked":["theMarked:Reabsorb","theMarked:HeightenedSenses","theMarked:Aftermath"],"picked":"SKIP","floor":12},{"not_picked":["theMarked:SwordAndMagic","theMarked:WastefulAttack","theMarked:Parkour"],"picked":"SKIP","floor":13},{"not_picked":["theMarked:Aftermath","theMarked:Frustration"],"picked":"theMarked:ParalyzingBlade","floor":14},{"not_picked":["theMarked:UnarmedFury","theMarked:TurnInvisible"],"picked":"theMarked:EternalStudent","floor":16},{"not_picked":["theMarked:Improvise","theMarked:WastefulDefense","theMarked:EmpowerWeapon+1"],"picked":"SKIP","floor":18},{"not_picked":["theMarked:BanishingStrike","theMarked:SwordAndMagic+1"],"picked":"theMarked:Seal","floor":21},{"not_picked":["theMarked:Parkour","theMarked:Frustration"],"picked":"theMarked:WardOff+1","floor":23},{"not_picked":["theMarked:Electrocute","theMarked:ChannelForce"],"picked":"theMarked:WardOff","floor":25},{"not_picked":["theMarked:ChainLightning","theMarked:HeightenedSenses"],"picked":"theMarked:MagicAdept+1","floor":27}],"player_experience":1678346,"relics_obtained":[{"floor":6,"key":"Ancient Tea Set"},{"floor":9,"key":"Bag of Preparation"},{"floor":21,"key":"Red Mask"},{"floor":23,"key":"Dream Catcher"},{"floor":25,"key":"Pen Nib"},{"floor":26,"key":"HornCleat"}],"event_choices":[{"damage_healed":0,"gold_gain":0,"player_choice":"Take Damage","damage_taken":17,"relics_obtained":["Golden Idol"],"max_hp_gain":0,"max_hp_loss":0,"event_name":"Golden Idol","floor":3,"gold_loss":0},{"damage_healed":0,"gold_gain":175,"player_choice":"AGREE","damage_taken":0,"max_hp_gain":0,"max_hp_loss":0,"event_name":"Liars Game","floor":8,"gold_loss":0,"cards_obtained":["Doubt"]},{"damage_healed":0,"gold_gain":0,"player_choice":"Ignored","damage_taken":0,"max_hp_gain":0,"max_hp_loss":0,"event_name":"Ghosts","floor":19,"gold_loss":0},{"damage_healed":0,"gold_gain":0,"player_choice":"Fought Bandits","damage_taken":0,"max_hp_gain":0,"max_hp_loss":0,"event_name":"Masked Bandits","floor":21,"gold_loss":0},{"cards_removed":["theMarked:Strike"],"damage_healed":0,"gold_gain":0,"player_choice":"Gave Gold","damage_taken":0,"max_hp_gain":0,"max_hp_loss":0,"event_name":"Beggar","floor":22,"gold_loss":75}],"is_beta":false,"boss_relics":[{"not_picked":["Calling Bell","Tiny House"],"picked":"theMarked:Eyepatch"}],"items_purged_floors":[11],"is_endless":false,"potions_floor_spawned":[1,4,13,16,23,25],"killed_by":"Snake Plant","ascension_level":0}}