{"host":"cdhs3rcdp0bmp3c4","time":1609270507,"event":{"mods":["BaseMod","Hermit","Minty Spire (QoL Compilation)","Relic Stats","Robot Space Explorer","StSLib","Td1madao Mod","The Construct","The Forsaken","The Hierophant","The Runesmith"],"gold_per_floor":[110,110,110,9,20,47,59,92,166,200,210,210,238,252,252,350,350,360,360,260,260,270,304,304,219,243,243,274,274,295,313,313,417,417,434,454,34,57,71,71,0,0,70,129,129,156,6,31,31,31,31,31,31,61,61],"floor_reached":56,"playtime":3690,"items_purged":["RobotSpaceExplorer:Defend","RobotSpaceExplorer:Strike","RobotSpaceExplorer:Defend","RobotSpaceExplorer:Defend"],"score":1359,"play_id":"dbbd6bbd-44bb-46a2-823d-228d9276ccc5","local_time":"20201229133507","is_ascension_mode":true,"campfire_choices":[{"floor":12,"key":"REST"},{"data":"RobotSpaceExplorer:TrailblazerForm","floor":15,"key":"SMITH"},{"floor":24,"key":"REST"},{"floor":27,"key":"RECALL"},{"data":"RobotSpaceExplorer:DroneSwarm","floor":32,"key":"SMITH"},{"data":"RobotSpaceExplorer:MiniLasers","floor":40,"key":"SMITH"},{"floor":42,"key":"REST"},{"floor":49,"key":"REST"},{"data":"RobotSpaceExplorer:MiniBoosters","floor":52,"key":"SMITH"}],"circlet_count":0,"master_deck":["RobotSpaceExplorer:Defend","RobotSpaceExplorer:Scan","RobotSpaceExplorer:MiniLasers+1","RobotSpaceExplorer:ScrapToss","RobotSpaceExplorer:MiniDrones","RobotSpaceExplorer:MiniBoosters+1","RobotSpaceExplorer:TrailblazerForm+1","RobotSpaceExplorer:Probe","RobotSpaceExplorer:DroneSwarm+1","RobotSpaceExplorer:MiniDrones","Bite","Bite","Bite","Bite","Bite","RobotSpaceExplorer:LuckyStrike+1","RobotSpaceExplorer:Scanner","RobotSpaceExplorer:PowerGlove+1","Parasite","RobotSpaceExplorer:JunkDive+1","RobotSpaceExplorer:LuckyStrike+1","RobotSpaceExplorer:MiniDrones+1"],"relics":["RobotSpaceExplorer:RoboCore","NeowsBlessing","FaceOfCleric","Incense Burner","Regal Pillow","Ancient Tea Set","Philosopher\u0027s Stone","construct:BoolHorns","CeramicFish","Akabeko","Singing Bowl","Enchiridion","construct:ClawGrip","PreservedInsect","Medical Kit","Red Mask","Meat on the Bone","Torii","Calipers"],"acts_visited":["Exordium","TheCity","TheBeyond","TheEnding"],"potions_floor_usage":[10,10,10,28,30,33,46,50],"damage_taken":[{"damage":0,"enemies":"Small Slimes","floor":1,"turns":1},{"damage":0,"enemies":"2 Louse","floor":5,"turns":1},{"damage":0,"enemies":"Lagavulin","floor":6,"turns":1},{"damage":0,"enemies":"Cultist","floor":7,"turns":4},{"damage":9,"enemies":"3 Sentries","floor":8,"turns":8},{"damage":14,"enemies":"Lagavulin","floor":10,"turns":7},{"damage":27,"enemies":"Exordium Wildlife","floor":11,"turns":3},{"damage":0,"enemies":"3 Sentries","floor":13,"turns":6},{"damage":8,"enemies":"Blue Slaver","floor":14,"turns":4},{"damage":45,"enemies":"Slime Boss","floor":16,"turns":13},{"damage":6,"enemies":"Chosen","floor":18,"turns":6},{"damage":0,"enemies":"Spheric Guardian","floor":22,"turns":4},{"damage":56,"enemies":"Slavers","floor":23,"turns":4},{"damage":31,"enemies":"Gremlin Leader","floor":28,"turns":6},{"damage":8,"enemies":"Snake Plant","floor":30,"turns":5},{"damage":21,"enemies":"Chosen and Byrds","floor":31,"turns":5},{"damage":51,"enemies":"Collector","floor":33,"turns":11},{"damage":38,"enemies":"3 Darklings","floor":35,"turns":5},{"damage":6,"enemies":"Orb Walker","floor":36,"turns":3},{"damage":18,"enemies":"Writhing Mass","floor":38,"turns":6},{"damage":2,"enemies":"3 Darklings","floor":39,"turns":3},{"damage":41,"enemies":"Mind Bloom Boss Battle","floor":44,"turns":4},{"damage":8,"enemies":"Spire Growth","floor":46,"turns":4},{"damage":4,"enemies":"4 Shapes","floor":48,"turns":3},{"damage":74,"enemies":"Awakened One","floor":50,"turns":10},{"damage":21,"enemies":"Shield and Spear","floor":54,"turns":5},{"damage":139,"enemies":"The Heart","floor":55,"turns":10}],"seed_played":"9220842548297671970","potions_obtained":[{"floor":1,"key":"DistilledChaos"},{"floor":5,"key":"PowerPotion"},{"floor":6,"key":"LiquidMemories"},{"floor":13,"key":"FairyPotion"},{"floor":22,"key":"RobotSpaceExplorer:RecyclePotion"},{"floor":28,"key":"Weak Potion"},{"floor":30,"key":"RobotSpaceExplorer:PlasmaFlask"},{"floor":35,"key":"FearPotion"},{"floor":36,"key":"RobotSpaceExplorer:PlasmaFlask"},{"floor":39,"key":"ColorlessPotion"}],"is_trial":false,"path_per_floor":["M","?","?","$","M","E","M","E","T","E","M","R","E","M","R","B",null,"M","?","$","?","M","E","R","?","T","R","E","?","M","M","R","B",null,"M","M","$","M","M","R","?","R","T","?","?","M","$","M","R","B",null,"R","$","E","B",null],"character_chosen":"RobotSpaceExplorer","items_purchased":["RobotSpaceExplorer:MiniDrones","PreservedInsect","Medical Kit"],"campfire_rested":4,"item_purchase_floors":[4,37,37],"current_hp_per_floor":[75,75,75,75,76,77,78,70,70,57,31,70,71,66,66,24,84,79,79,79,79,86,37,78,78,78,78,76,60,63,55,55,39,95,72,75,75,72,77,77,77,105,105,71,71,70,70,73,108,58,109,109,109,105,50],"gold":61,"neow_bonus":"THREE_ENEMY_KILL","is_daily":false,"chose_seed":false,"campfire_upgraded":4,"win_rate":0.0,"timestamp":1609270507,"path_taken":["M","?","?","$","?","E","M","E","T","E","M","R","E","M","R","BOSS","M","?","$","?","M","E","R","?","T","R","E","?","?","M","R","BOSS","M","M","$","M","M","R","?","R","T","?","?","?","$","M","R","BOSS","R","$","E","BOSS"],"items_purchased_type":["Card","Relic","Relic"],"build_version":"2020-12-22","purchased_purges":4,"victory":true,"max_hp_per_floor":[75,75,75,75,76,77,78,79,79,80,81,81,82,83,83,84,84,85,85,85,85,86,87,87,87,87,87,90,90,91,94,94,95,95,98,99,99,102,105,105,105,105,105,106,106,107,107,108,108,109,109,109,109,112,113],"relic_stats":{"Regal Pillow":33,"FaceOfCleric":26,"Singing Bowl":12,"Torii":32,"counters":[27,142],"CeramicFish":63,"PreservedInsect":68,"Medical Kit":[4],"obtain_stats":[{"construct:BoolHorns":23,"Regal Pillow":8,"construct:ClawGrip":34,"Calipers":54,"NeowsBlessing":0,"Singing Bowl":28,"Torii":44,"CeramicFish":25,"Enchiridion":29,"RobotSpaceExplorer:RoboCore":0,"PreservedInsect":37,"Incense Burner":6,"Ancient Tea Set":10,"Medical Kit":37,"Akabeko":26,"Blood Vial":13,"FaceOfCleric":3,"Philosopher\u0027s Stone":17,"Red Mask":41,"Meat on the Bone":43},{"construct:BoolHorns":13,"Regal Pillow":5,"construct:ClawGrip":17,"Calipers":26,"NeowsBlessing":0,"Singing Bowl":14,"Torii":22,"CeramicFish":13,"Enchiridion":14,"RobotSpaceExplorer:RoboCore":0,"PreservedInsect":19,"Incense Burner":3,"Ancient Tea Set":6,"Medical Kit":19,"Akabeko":13,"Blood Vial":8,"FaceOfCleric":1,"Philosopher\u0027s Stone":10,"Red Mask":21,"Meat on the Bone":21},{"construct:BoolHorns":62,"Regal Pillow":15,"construct:ClawGrip":89,"Calipers":132,"NeowsBlessing":0,"Singing Bowl":68,"Torii":110,"CeramicFish":62,"Enchiridion":68,"RobotSpaceExplorer:RoboCore":0,"PreservedInsect":97,"Incense Burner":3,"Ancient Tea Set":22,"Medical Kit":97,"Akabeko":62,"Blood Vial":31,"FaceOfCleric":1,"Philosopher\u0027s Stone":48,"Red Mask":106,"Meat on the Bone":106}],"Meat on the Bone":12},"card_choices":[{"not_picked":["RobotSpaceExplorer:Jetpack","RobotSpaceExplorer:SurgingStrike"],"picked":"RobotSpaceExplorer:ScrapToss","floor":1},{"not_picked":["RobotSpaceExplorer:BigMissile","RobotSpaceExplorer:Pulsar","RobotSpaceExplorer:ShockKick"],"picked":"SKIP","floor":5},{"not_picked":["RobotSpaceExplorer:PowerCollector","RobotSpaceExplorer:Counterblock"],"picked":"RobotSpaceExplorer:MiniBoosters","floor":6},{"not_picked":["RobotSpaceExplorer:Blitz","RobotSpaceExplorer:Discharger","RobotSpaceExplorer:StarLightning"],"picked":"SKIP","floor":7},{"not_picked":["RobotSpaceExplorer:GearShield","RobotSpaceExplorer:Ammunition","RobotSpaceExplorer:GlueShot"],"picked":"SKIP","floor":8},{"not_picked":["RobotSpaceExplorer:SurgingShield","RobotSpaceExplorer:Electroshield","RobotSpaceExplorer:GearShield"],"picked":"SKIP","floor":10},{"not_picked":["RobotSpaceExplorer:MakeshiftVolley","RobotSpaceExplorer:LaserBurst","RobotSpaceExplorer:SurgingStrike"],"picked":"SKIP","floor":11},{"not_picked":["RobotSpaceExplorer:SlimeMissile","RobotSpaceExplorer:MakeshiftVolley"],"picked":"RobotSpaceExplorer:TrailblazerForm","floor":13},{"not_picked":["RobotSpaceExplorer:ToxicBomb","RobotSpaceExplorer:ScrapMissile"],"picked":"RobotSpaceExplorer:Probe","floor":14},{"not_picked":["RobotSpaceExplorer:Multitool","RobotSpaceExplorer:Comet"],"picked":"RobotSpaceExplorer:DroneSwarm","floor":16},{"not_picked":["RobotSpaceExplorer:ImprovisedAttack+1","RobotSpaceExplorer:ShockKick+1","RobotSpaceExplorer:BigMissile"],"picked":"SKIP","floor":18},{"not_picked":["RobotSpaceExplorer:Counterblock+1","RobotSpaceExplorer:FrostMissile","RobotSpaceExplorer:MakeshiftVolley+1"],"picked":"SKIP","floor":22},{"not_picked":["RobotSpaceExplorer:RigExplosive","RobotSpaceExplorer:SlimeMissile","RobotSpaceExplorer:Ammunition"],"picked":"SKIP","floor":23},{"not_picked":["RobotSpaceExplorer:FreezingShield+1","RobotSpaceExplorer:Reload+1","RobotSpaceExplorer:GlueShot"],"picked":"Singing Bowl","floor":28},{"not_picked":["RobotSpaceExplorer:Ammunition+1","RobotSpaceExplorer:MetalStrike"],"picked":"RobotSpaceExplorer:LuckyStrike+1","floor":30},{"not_picked":["RobotSpaceExplorer:ShockKick","RobotSpaceExplorer:Ammunition","RobotSpaceExplorer:Probe"],"picked":"Singing Bowl","floor":31},{"not_picked":["RobotSpaceExplorer:Explosion","RobotSpaceExplorer:Autoloader"],"picked":"RobotSpaceExplorer:Scanner","floor":33},{"not_picked":["RobotSpaceExplorer:ScrapShield+1","RobotSpaceExplorer:LaserBurst","RobotSpaceExplorer:FranticSearch+1"],"picked":"Singing Bowl","floor":35},{"not_picked":["RobotSpaceExplorer:FrostMissile+1","RobotSpaceExplorer:DoubleBlock+1"],"picked":"RobotSpaceExplorer:PowerGlove+1","floor":36},{"not_picked":["RobotSpaceExplorer:BigMissile","RobotSpaceExplorer:FranticSearch+1","RobotSpaceExplorer:StarLightning"],"picked":"Singing Bowl","floor":38},{"not_picked":["RobotSpaceExplorer:BigMissile","RobotSpaceExplorer:ShovelStrike","RobotSpaceExplorer:Reload"],"picked":"Singing Bowl","floor":39},{"not_picked":["RobotSpaceExplorer:Electroshield","RobotSpaceExplorer:ScrapMissile"],"picked":"RobotSpaceExplorer:JunkDive+1","floor":44},{"not_picked":["RobotSpaceExplorer:MiniBoosters","RobotSpaceExplorer:ShockKick+1"],"picked":"RobotSpaceExplorer:LuckyStrike+1","floor":46},{"not_picked":["RobotSpaceExplorer:ImprovisedAttack","RobotSpaceExplorer:Reload+1"],"picked":"RobotSpaceExplorer:MiniDrones+1","floor":48},{"not_picked":["RobotSpaceExplorer:JunkDive","RobotSpaceExplorer:Exploration","RobotSpaceExplorer:Calculate"],"picked":"Singing Bowl","floor":54}],"player_experience":208240,"relics_obtained":[{"floor":6,"key":"Incense Burner"},{"floor":8,"key":"Regal Pillow"},{"floor":10,"key":"Ancient Tea Set"},{"floor":13,"key":"Blood Vial"},{"floor":23,"key":"construct:BoolHorns"},{"floor":26,"key":"Akabeko"},{"floor":28,"key":"Singing Bowl"},{"floor":29,"key":"Enchiridion"},{"floor":43,"key":"Meat on the Bone"},{"floor":44,"key":"Torii"},{"floor":54,"key":"Calipers"}],"event_choices":[{"damage_healed":0,"gold_gain":0,"player_choice":"Trade","damage_taken":0,"relics_obtained":["FaceOfCleric"],"max_hp_gain":0,"max_hp_loss":0,"event_name":"FaceTrader","floor":3,"gold_loss":0},{"damage_healed":0,"gold_gain":0,"player_choice":"Read","damage_taken":0,"max_hp_gain":0,"max_hp_loss":0,"event_name":"The Library","floor":19,"gold_loss":0,"cards_obtained":["RobotSpaceExplorer:MiniDrones"]},{"damage_healed":0,"gold_gain":0,"player_choice":"Became a vampire (Vial)","damage_taken":0,"max_hp_gain":0,"max_hp_loss":0,"event_name":"Vampires","floor":21,"relics_lost":["Blood Vial"],"gold_loss":0,"cards_obtained":["Bite","Bite","Bite","Bite","Bite"]},{"damage_healed":0,"gold_gain":0,"player_choice":"Obtained Relic","damage_taken":0,"relics_obtained":["CeramicFish"],"max_hp_gain":0,"max_hp_loss":0,"event_name":"Addict","floor":25,"gold_loss":85},{"damage_healed":0,"gold_gain":0,"player_choice":"Obtained Book","damage_taken":16,"max_hp_gain":0,"max_hp_loss":0,"event_name":"Cursed Tome","floor":29,"gold_loss":0},{"damage_healed":0,"gold_gain":0,"player_choice":"Paid","damage_taken":0,"relics_obtained":["Red Mask"],"max_hp_gain":0,"max_hp_loss":0,"event_name":"Tomb of Lord Red Mask","floor":41,"gold_loss":71},{"damage_healed":0,"gold_gain":0,"player_choice":"Fight","damage_taken":0,"max_hp_gain":0,"max_hp_loss":0,"event_name":"MindBloom","floor":44,"gold_loss":0},{"damage_healed":0,"gold_gain":0,"player_choice":"Ignored","damage_taken":0,"max_hp_gain":0,"max_hp_loss":0,"event_name":"SecretPortal","floor":45,"gold_loss":0}],"is_beta":false,"boss_relics":[{"not_picked":["Snecko Eye","Tiny House"],"picked":"Philosopher\u0027s Stone"},{"not_picked":["Coffee Dripper","Calling Bell"],"picked":"construct:ClawGrip"}],"items_purged_floors":[4,20,37,47],"is_endless":false,"potions_floor_spawned":[1,5,6,7,13,22,28,30,35,36,39],"ascension_level":2}}