{"host":"15dd7v8o90xso62x","time":1609226536,"event":{"mods":["BaseMod","Minty Spire (QoL Compilation)","Quick Restart","StSLib","SuperFastMode"],"gold_per_floor":[109,259,184,184,203,235,235,235,235],"floor_reached":8,"playtime":129,"items_purged":["Doubt"],"score":158,"play_id":"9b137757-ce5c-4b56-ba91-bd62c258baca","local_time":"20201229162216","is_ascension_mode":true,"campfire_choices":[{"data":"Neutralize","floor":7,"key":"SMITH"}],"circlet_count":0,"master_deck":["AscendersBane","Strike_G","Strike_G","Strike_G","Strike_G","Strike_G","Defend_G","Defend_G","Defend_G","Defend_G","Defend_G","Survivor","Neutralize+1","Riddle With Holes+1","Deflect"],"relics":["Ring of the Snake","NeowsBlessing","TungstenRod"],"acts_visited":["Exordium"],"potions_floor_usage":[],"damage_taken":[{"damage":0.0,"enemies":"Small Slimes","floor":1.0,"turns":1.0},{"damage":0,"enemies":"Jaw Worm","floor":5,"turns":1},{"damage":0,"enemies":"3 Sentries","floor":6,"turns":1},{"damage":59,"enemies":"Lagavulin","floor":8,"turns":8}],"seed_played":"1909160930129977229","potions_obtained":[],"is_trial":false,"path_per_floor":["M","?","$","?","M","E","R","E"],"character_chosen":"THE_SILENT","items_purchased":[],"campfire_rested":0,"item_purchase_floors":[],"current_hp_per_floor":[59,59,59,59,59,59,59,0,0],"gold":235,"neow_bonus":"THREE_ENEMY_KILL","is_daily":false,"chose_seed":false,"campfire_upgraded":1,"win_rate":0.0,"timestamp":1609226536,"path_taken":["M","?","$","?","M","E","R","E"],"items_purchased_type":[],"build_version":"2020-12-22","purchased_purges":1,"victory":false,"max_hp_per_floor":[66,66,66,66,66,66,66,66,66],"card_choices":[{"not_picked":["Slice","Underhanded Strike"],"picked":"Riddle With Holes","floor":1.0},{"not_picked":["Leg Sweep","Sucker Punch"],"picked":"Deflect","floor":5},{"not_picked":["Flying Knee","All Out Attack","Prepared"],"picked":"SKIP","floor":6}],"player_experience":963186,"relics_obtained":[{"floor":6,"key":"TungstenRod"}],"event_choices":[{"damage_healed":0,"gold_gain":150,"player_choice":"AGREE","damage_taken":0,"max_hp_gain":0,"max_hp_loss":0,"event_name":"Liars Game","floor":2,"gold_loss":0,"cards_obtained":["Doubt"]},{"damage_healed":0,"gold_gain":0,"player_choice":"Upgraded","damage_taken":0,"max_hp_gain":0,"max_hp_loss":0,"event_name":"Upgrade Shrine","floor":4,"gold_loss":0,"cards_upgraded":["Riddle With Holes"]}],"is_beta":false,"boss_relics":[],"items_purged_floors":[3],"is_endless":false,"potions_floor_spawned":[],"killed_by":"Lagavulin","ascension_level":20}}