{"host":"whloki2o3dp1b07n","time":1609234332,"event":{"mods":["Abigail Mod","Act Like it!","Arknights The Spire","BaseMod","Better Synergies","Block Reminder","CapriCore","Colored Map","Colored Powertips","DNKmod","Evolution","Friendly Minions","GifTheSpireLib","GungeonMod","HexUI Lib","Koishi","Marked Mod","Minty Spire (QoL Compilation)","StSLib","Swap Starting Deck Mod","The Bug Knight","The Caster","The Marked","Transform Curses"],"gold_per_floor":[115,67,67,67,67,107,107,107,107,107,138,152,3,26,26,150,150,165,264,264,73,86,86,124,147,147,162,178,178,5,5,5,5,5],"floor_reached":33,"playtime":2004,"items_purged":[],"score":286,"play_id":"d2945dd2-84b4-44a6-b2c4-85409c9aff0f","local_time":"20201229043212","is_ascension_mode":false,"campfire_choices":[{"floor":7,"key":"REST"},{"floor":10,"key":"REST"},{"data":"caster:Eruption","floor":15,"key":"SMITH"},{"floor":23,"key":"REST"},{"floor":29,"key":"REST"},{"floor":32,"key":"REST"}],"circlet_count":0,"master_deck":["caster:Meteor","caster:DivertFocus","caster:strike","caster:strike","caster:strike","caster:strike","caster:defend","caster:defend","caster:defend","caster:defend","caster:defend","caster:QuickCast+1","caster:JupitelThunder","Injury","caster:FrostDriver","caster:Heavy+1","caster:SunGoddessAmaterasu","caster:Incantation","caster:Fireball","caster:MagicAttunement","caster:JupitelThunder","caster:Eruption+1","caster:Explosion","caster:WallOfRocks","Bandage Up","caster:FrostDriver","caster:LightningBolt","caster:Sleet","caster:DiablosFlame","caster:LordOfVermillion","caster:FlashFrost","caster:Sandstorm","caster:MagicWeapon","caster:PyroclasticTide","caster:FrostDriver"],"relics":["caster:MagicBook","EVO:Axolotl","Golden Idol","ats:Originium","Du-Vu Doll","Thread and Needle","Odd Mushroom","Fusion Hammer","ats:Originium","DemoMod:MemoryAlloy","Prayer Wheel","Strawberry"],"acts_visited":["Exordium","TheCity"],"potions_floor_usage":[16,22],"damage_taken":[{"damage":0,"enemies":"2 Louse","floor":1,"turns":3},{"damage":43,"enemies":"Gremlin Nob","floor":6,"turns":6},{"damage":0,"enemies":"The Mushroom Lair","floor":11,"turns":3},{"damage":0,"enemies":"Jaw Worm","floor":12,"turns":5},{"damage":0,"enemies":"Small Slimes","floor":14,"turns":5},{"damage":27,"enemies":"The Guardian","floor":16,"turns":12},{"damage":0,"enemies":"Shell Parasite","floor":18,"turns":4},{"damage":12,"enemies":"3 Byrds","floor":22,"turns":6},{"damage":28,"enemies":"Slavers","floor":24,"turns":5},{"damage":15,"enemies":"Sentry and Sphere","floor":25,"turns":7},{"damage":22,"enemies":"Snecko","floor":27,"turns":5},{"damage":16,"enemies":"Cultist and Chosen","floor":28,"turns":7},{"damage":87,"enemies":"Collector","floor":33,"turns":10}],"seed_played":"-2324509379078088168","potions_obtained":[{"floor":11,"key":"GamblersBrew"},{"floor":14,"key":"Weak Potion"},{"floor":16,"key":"Fire Potion"},{"floor":25,"key":"DuplicationPotion"}],"is_trial":false,"path_per_floor":["M","$","?","?","?","E","R","?","T","R","?","M","$","M","R","B",null,"M","?","?","$","M","R","E","M","T","M","M","R","$","?","R","B"],"character_chosen":"THE_CASTER","items_purchased":["caster:JupitelThunder","caster:Fireball","caster:MagicAttunement","caster:JupitelThunder","Bandage Up","caster:FrostDriver","caster:LightningBolt","Strawberry","caster:FrostDriver"],"campfire_rested":5,"item_purchase_floors":[2,13,13,13,21,21,21,30,30],"current_hp_per_floor":[70,70,70,70,70,27,48,48,48,69,69,69,69,69,69,42,70,70,70,63,63,51,70,46,35,35,17,9,30,37,62,77,0,0],"gold":5,"neow_bonus":"TEN_PERCENT_HP_BONUS","is_daily":false,"chose_seed":false,"campfire_upgraded":1,"win_rate":0.0,"timestamp":1609234332,"path_taken":["M","$","?","?","?","E","R","?","T","R","?","M","?","M","R","BOSS","M","?","?","$","M","R","E","M","T","M","?","R","$","?","R","BOSS"],"items_purchased_type":["Card","Card","Card","Card","Card","Card","Card","Relic","Card"],"build_version":"2020-12-22","purchased_purges":0,"victory":false,"max_hp_per_floor":[70,70,70,70,70,70,70,70,70,70,70,70,70,70,70,70,70,70,70,70,70,70,70,70,70,70,70,70,70,77,77,77,77,77],"card_choices":[{"not_picked":["caster:AlternatingCurrent","caster:Sleet"],"picked":"caster:QuickCast","floor":1},{"not_picked":["caster:GlacialShield","caster:FrigidBeam"],"picked":"caster:FrostDriver","floor":6},{"not_picked":["caster:Charge","caster:Unearth"],"picked":"caster:SunGoddessAmaterasu","floor":11},{"not_picked":["caster:MagicBarrier","caster:Elementalize"],"picked":"caster:Incantation","floor":12},{"not_picked":["caster:Barbroot","caster:FireWall"],"picked":"caster:Eruption","floor":14},{"not_picked":["caster:Ramuh","caster:SunGoddessAmaterasu"],"picked":"caster:Explosion","floor":16},{"not_picked":["caster:FlashFrost","caster:SpontaneousCombustion"],"picked":"caster:WallOfRocks","floor":18},{"not_picked":["caster:BloodRitual+1","caster:LightningBolt"],"picked":"caster:Sleet","floor":22},{"not_picked":["caster:JupitelThunder","caster:Barbroot"],"picked":"caster:DiablosFlame","floor":24},{"not_picked":["caster:FireWall","caster:Fireball"],"picked":"caster:LordOfVermillion","floor":25},{"not_picked":["caster:MagicWeapon","caster:LightningBolt+1"],"picked":"caster:FlashFrost","floor":27},{"not_picked":["caster:Fireball","caster:Charge"],"picked":"caster:Sandstorm","floor":27},{"not_picked":["caster:AbsoluteZero","caster:QuickCast"],"picked":"caster:MagicWeapon","floor":28},{"not_picked":["caster:Eruption","caster:Charge"],"picked":"caster:PyroclasticTide","floor":28}],"player_experience":1103604,"relics_obtained":[{"floor":6,"key":"ats:Originium"},{"floor":6,"key":"Du-Vu Doll"},{"floor":9,"key":"Thread and Needle"},{"floor":11,"key":"Odd Mushroom"},{"floor":24,"key":"ats:Originium"},{"floor":24,"key":"DemoMod:MemoryAlloy"},{"floor":26,"key":"Prayer Wheel"}],"event_choices":[{"damage_healed":0,"gold_gain":0,"player_choice":"Leave","damage_taken":0,"max_hp_gain":0,"max_hp_loss":0,"event_name":"The Cleric","floor":3,"gold_loss":0},{"damage_healed":0,"gold_gain":0,"player_choice":"Grow","damage_taken":0,"max_hp_gain":0,"max_hp_loss":0,"event_name":"Living Wall","floor":4,"gold_loss":0,"cards_upgraded":["caster:QuickCast"]},{"damage_healed":0,"gold_gain":0,"player_choice":"Take Wound","damage_taken":0,"relics_obtained":["Golden Idol"],"max_hp_gain":0,"max_hp_loss":0,"event_name":"Golden Idol","floor":5,"gold_loss":0,"cards_obtained":["Injury"]},{"damage_healed":0,"gold_gain":0,"player_choice":"Fought Mushrooms","damage_taken":0,"max_hp_gain":0,"max_hp_loss":0,"event_name":"Mushrooms","floor":11,"gold_loss":0},{"damage_healed":0,"gold_gain":99,"player_choice":"Stole From Cult","damage_taken":0,"max_hp_gain":0,"max_hp_loss":0,"event_name":"Nest","floor":19,"gold_loss":0},{"damage_healed":0,"gold_gain":0,"player_choice":"Damaged","damage_taken":7,"max_hp_gain":0,"max_hp_loss":0,"event_name":"Wheel of Change","floor":20,"gold_loss":0},{"damage_healed":25,"gold_gain":0,"player_choice":"Heal","damage_taken":0,"max_hp_gain":0,"max_hp_loss":0,"event_name":"The Library","floor":31,"gold_loss":0}],"is_beta":false,"boss_relics":[{"not_picked":["Coffee Dripper","Empty Cage"],"picked":"Fusion Hammer"}],"items_purged_floors":[],"is_endless":false,"potions_floor_spawned":[11,14,16,25],"killed_by":"Collector","ascension_level":0}}