{"host":"uyrebrj0204enqpc","time":1609283362,"event":{"mods":["Act Like it!","Bard","BaseMod","Block Reminder","Challenge The Spire","Colored Map","Colored Powertips","DeckTracker","Downfall","GifTheSpireLib","HexUI Lib","Highlight Path","Hubris","Minty Spire (QoL Compilation)","Pale of the Ancients","Quick Restart","Random Character Button","Relic Sorter","Relic Stats","Replay The Spire","Shop Mod","StSLib","The Blue Laboratory","The Bug Knight","The Cursed","The Jungle","The Marked","Wandering Minibosses"],"gold_per_floor":[111,111,111,127,146,181,181,213,260,275,304,316,328,374,386,501,513,544,556,568,614,146,146,146],"floor_reached":23,"playtime":1532,"items_purged":["TheCursedMod:Strike_TheCursed"],"score":260,"play_id":"0ec64dbe-199c-4965-880c-3b2c66cf1d51","local_time":"20201229180922","is_ascension_mode":true,"campfire_choices":[{"data":"TheCursedMod:Obscuration","floor":7.0,"key":"SMITH"},{"floor":12.0,"key":"REST"},{"data":"TheCursedMod:Strike_TheCursed","floor":15.0,"key":"PURGE"}],"circlet_count":0,"master_deck":["TheCursedMod:Strike_TheCursed","TheCursedMod:Strike_TheCursed","TheCursedMod:Defend_TheCursed+1","TheCursedMod:Defend_TheCursed","TheCursedMod:CursedWand","TheCursedMod:Dregs","TheCursedMod:CursedBoomerang","TheCursedMod:SpitefulStrike","TheCursedMod:DoubleShield","TheCursedMod:Obscuration+1","TheCursedMod:RapidMovement","TheCursedMod:WearCloak+1","TheCursedMod:CursedSpellbook","TheCursedMod:RapidMovement","TheCursedMod:FleshFromBone","TheCursedMod:FleshFromBone+1","hubris:DuctTapeCard"],"relics":["TheCursedMod:BlackMagic101","NeowsBlessing","Quantum Egg","Dream Catcher","Nunchaku","MawBank","hubris:Icosahedron","Anchor","hubris:CrackedHourglass","PreservedInsect","hubris:DuctTape","War Paint"],"acts_visited":["Exordium","TheCity"],"potions_floor_usage":[16,18],"damage_taken":[{"damage":0.0,"enemies":"2 Louse","floor":1.0,"turns":1.0},{"damage":0.0,"enemies":"Jaw Worm","floor":4.0,"turns":1.0},{"damage":0.0,"enemies":"Cultist","floor":5.0,"turns":1.0},{"damage":15.0,"enemies":"Lagavulin","floor":6.0,"turns":7.0},{"damage":7.0,"enemies":"HollowMod:MossKnight","floor":8.0,"turns":17.0},{"damage":2.0,"enemies":"Large Slime","floor":10.0,"turns":8.0},{"damage":25.0,"enemies":"3 Sentries","floor":11.0,"turns":9.0},{"damage":17.0,"enemies":"Replay:BlueRogue","floor":14.0,"turns":7.0},{"damage":21,"enemies":"The Guardian","floor":16,"turns":15},{"damage":0,"enemies":"Spheric Guardian","floor":18,"turns":1},{"damage":10,"enemies":"Shell Parasite","floor":21,"turns":10},{"damage":11,"enemies":"HollowMod:Nosk","floor":23,"turns":18}],"seed_played":"-1095008331348155476","potions_obtained":[{"floor":4.0,"key":"blueLaboratory:CorrosionFlask"},{"floor":5.0,"key":"Adrenaline Potion"},{"floor":6.0,"key":"Fire Potion"},{"floor":16,"key":"blueLaboratory:LouseDecoction"},{"floor":18,"key":"SteroidPotion"},{"floor":21,"key":"blueLaboratory:FruitPunch"}],"is_trial":false,"path_per_floor":["M","?","?","M","M","E","R","E","T","M","E","R","?","E","R_BF","B",null,"M","?","T","M","$","E"],"character_chosen":"THE_CURSED","items_purchased":["hubris:DuctTape","War Paint"],"campfire_rested":1,"item_purchase_floors":[22,22],"current_hp_per_floor":[75,75,75,75,75,60,60,53,53,51,26,48,48,31,31,10,75,75,75,75,65,65,0,0],"gold":146,"neow_bonus":"THREE_ENEMY_KILL","is_daily":false,"chose_seed":false,"campfire_upgraded":1,"win_rate":0.0,"timestamp":1609283362,"path_taken":["M","?","?","?","M","E","R","E","T","M","E","R","?","E","R_BF","BOSS","M","?","?","?","?","E"],"items_purchased_type":["Relic","Relic"],"build_version":"2020-12-22","purchased_purges":1,"victory":false,"max_hp_per_floor":[75,75,75,75,75,75,75,75,75,75,75,75,75,75,75,75,75,75,75,75,75,75,75,75],"relic_stats":{"Dream Catcher":1,"Nunchaku":[13],"counters":[12,95],"PreservedInsect":11,"War Paint":["TheCursedMod:WearCloak","TheCursedMod:Defend_TheCursed"],"MawBank":132,"obtain_stats":[{"TheCursedMod:BlackMagic101":0,"Dream Catcher":8,"Nunchaku":9,"Anchor":14,"hubris:Icosahedron":13,"NeowsBlessing":0,"hubris:DuctTape":22,"Quantum Egg":6,"PreservedInsect":20,"hubris:CrackedHourglass":17,"War Paint":22,"MawBank":11},{"TheCursedMod:BlackMagic101":0,"Dream Catcher":5,"Nunchaku":5,"Anchor":8,"hubris:Icosahedron":7,"NeowsBlessing":0,"hubris:DuctTape":11,"Quantum Egg":4,"PreservedInsect":10,"hubris:CrackedHourglass":9,"War Paint":11,"MawBank":7},{"TheCursedMod:BlackMagic101":0,"Dream Catcher":27,"Nunchaku":27,"Anchor":51,"hubris:Icosahedron":44,"NeowsBlessing":0,"hubris:DuctTape":77,"Quantum Egg":10,"PreservedInsect":67,"hubris:CrackedHourglass":66,"War Paint":77,"MawBank":44}]},"card_choices":[{"not_picked":["TheCursedMod:TacticalStrike","TheCursedMod:SpitefulStrike"],"picked":"TheCursedMod:CursedBoomerang","floor":1.0},{"not_picked":["TheCursedMod:CircleOfAmplification","TheCursedMod:CircleOfFlame"],"picked":"TheCursedMod:SpitefulStrike","floor":4.0},{"not_picked":["TheCursedMod:RavingStaff","TheCursedMod:Torture"],"picked":"TheCursedMod:DoubleShield","floor":5.0},{"not_picked":["TheCursedMod:CursedStaff","TheCursedMod:Mangle"],"picked":"TheCursedMod:Obscuration","floor":6.0},{"not_picked":["TheCursedMod:DarkBarrier","TheCursedMod:VitalStrike"],"picked":"TheCursedMod:RapidMovement","floor":8.0},{"not_picked":["TheCursedMod:TacticalStrike","TheCursedMod:Wield"],"picked":"TheCursedMod:WearCloak","floor":10.0},{"not_picked":["TheCursedMod:SurpriseAttack","TheCursedMod:OutForBlood"],"picked":"TheCursedMod:CursedSpellbook","floor":11.0},{"not_picked":["TheCursedMod:WearCloak","TheCursedMod:FuryStrike"],"picked":"TheCursedMod:RapidMovement","floor":12.0},{"not_picked":["TheCursedMod:DarkBarrier","TheCursedMod:AshesToAshes"],"picked":"TheCursedMod:FleshFromBone","floor":14.0},{"not_picked":["TheCursedMod:AntiAging","TheCursedMod:NeowsMight"],"picked":"TheCursedMod:ManaCirculation","floor":16},{"not_picked":["TheCursedMod:HellsGateOpen","TheCursedMod:Stigma","TheCursedMod:AbyssShockwave"],"picked":"SKIP","floor":18},{"not_picked":["TheCursedMod:LuckyCharm+1","TheCursedMod:Hemoplague"],"picked":"TheCursedMod:FleshFromBone+1","floor":21}],"player_experience":996791,"relics_obtained":[{"floor":6.0,"key":"Quantum Egg"},{"floor":8.0,"key":"Dream Catcher"},{"floor":9.0,"key":"Nunchaku"},{"floor":11.0,"key":"MawBank"},{"floor":14.0,"key":"Anchor"},{"floor":20,"key":"PreservedInsect"}],"event_choices":[{"cards_removed":["TheCursedMod:Defend_TheCursed"],"damage_healed":0.0,"max_hp_gain":0.0,"max_hp_loss":0.0,"gold_gain":0.0,"event_name":"Bonfire Elementals","player_choice":"Offered Basic","floor":3.0,"gold_loss":0.0,"damage_taken":0.0}],"is_beta":false,"boss_relics":[{"not_picked":["hubris:BlackHole","ReplayTheSpireMod:DimensionalGlitch"],"picked":"hubris:CrackedHourglass"}],"items_purged_floors":[22],"is_endless":false,"potions_floor_spawned":[4,5,6,10,16,18,21],"killed_by":"HollowMod:Nosk","ascension_level":4}}