{"host":"grli52lbdph2722t","time":1609207387,"event":{"mods":["AchievementEnabler","BaseMod","Downfall","Minty Spire (QoL Compilation)","Quick Restart","StSLib"],"gold_per_floor":[99,99,99,99,199,124,124,158,158,191,210,227,242,517,532,532,532],"floor_reached":16,"playtime":638,"items_purged":[],"score":266,"play_id":"b4b81811-cbfe-48a3-b3a1-fab49f07a16a","local_time":"20201229030307","is_ascension_mode":true,"campfire_choices":[{"floor":1,"key":"RECALL"},{"data":"sneckomod:UnknownUncommonPower","floor":6,"key":"SMITH"}],"circlet_count":0,"master_deck":["AscendersBane","sneckomod:Strike","sneckomod:Defend","sneckomod:Defend","sneckomod:Defend","sneckomod:TailWhip","sneckomod:SnekBite+1","sneckomod:Unknown","sneckomod:Unknown","sneckomod:UnknownExhaust","sneckomod:UnknownUncommonPower+1","sneckomod:UnknownClassPURPLE","sneckomod:UnknownClassTHE_CHAMP_GRAY","sneckomod:CheapStock","sneckomod:UnknownRareSkill","sneckomod:SerpentIdol","sneckomod:SlitherStrike","sneckomod:UnknownClassGREEN","Regret","sneckomod:UnknownClassRED"],"relics":["sneckomod:SneckoSoul","downfall:HeartsMalice","downfall:ShatteredFragment","downfall:HeartBlessingRed","Dead Branch","Lantern","Blood Vial"],"acts_visited":["Exordium"],"potions_floor_usage":[],"damage_taken":[{"damage":0,"enemies":"Jaw Worm","floor":2,"turns":1},{"damage":0,"enemies":"2 Louse","floor":3,"turns":1},{"damage":0,"enemies":"downfall:Heads","floor":5,"turns":1},{"damage":0,"enemies":"Lagavulin","floor":8,"turns":4},{"damage":12,"enemies":"3 Sentries","floor":10,"turns":4},{"damage":2,"enemies":"Small Slimes","floor":11,"turns":2},{"damage":3,"enemies":"Exordium Thugs","floor":12,"turns":2},{"damage":0,"enemies":"2 Fungi Beasts","floor":13,"turns":1},{"damage":6,"enemies":"Lots of Slimes","floor":15,"turns":4},{"damage":56,"enemies":"downfall:Defect","floor":16,"turns":5}],"seed_played":"9041657737249586614","potions_obtained":[{"floor":8,"key":"BlessingOfTheForge"},{"floor":10,"key":"Ancient Potion"},{"floor":15,"key":"SpeedPotion"}],"is_trial":false,"path_per_floor":["R","M","M","?","?","R","T","E","?","E","M","M","M","?","M","B"],"character_chosen":"THE_SNECKO","items_purchased":[],"campfire_rested":0,"item_purchase_floors":[],"current_hp_per_floor":[75,76,77,56,58,58,58,58,63,52,54,53,56,56,53,0,0],"gold":532,"neow_bonus":"THREE_ENEMY_KILL","is_daily":false,"chose_seed":false,"campfire_upgraded":1,"win_rate":0.0,"timestamp":1609207387,"path_taken":["R","M","M","?","?","R","T","E","?","E","M","M","M","?","M","BOSS"],"items_purchased_type":[],"build_version":"2020-12-22","purchased_purges":0,"victory":false,"max_hp_per_floor":[83,84,85,85,87,87,87,87,92,93,93,93,94,94,95,95,95],"card_choices":[{"not_picked":["sneckomod:DiceBlock","sneckomod:DiceCrush"],"picked":"sneckomod:UnknownExhaust","floor":2},{"not_picked":["sneckomod:UnknownCommonAttack","sneckomod:UnknownVulnerable"],"picked":"sneckomod:UnknownUncommonPower","floor":3},{"not_picked":["sneckomod:QuickMove","sneckomod:Unknown0Cost"],"picked":"sneckomod:UnknownClassPURPLE","floor":5},{"not_picked":["sneckomod:QuickBite","sneckomod:UnknownBlock"],"picked":"sneckomod:CheapStock","floor":8},{"not_picked":["sneckomod:UnknownWeak","sneckomod:RainOfDice"],"picked":"sneckomod:UnknownRareSkill","floor":10},{"not_picked":["sneckomod:UnknownBlock","sneckomod:IronFang"],"picked":"sneckomod:SerpentIdol","floor":11},{"not_picked":["sneckomod:UnknownUncommonSkill","sneckomod:QuickMove"],"picked":"sneckomod:SlitherStrike","floor":12},{"not_picked":["sneckomod:SlitherStrike","sneckomod:UnknownX"],"picked":"sneckomod:UnknownClassGREEN","floor":13},{"not_picked":["sneckomod:UnknownCommonSkill","sneckomod:WideSting"],"picked":"sneckomod:UnknownClassRED","floor":15}],"player_experience":4912164,"relics_obtained":[{"floor":7,"key":"Dead Branch"},{"floor":8,"key":"Lantern"},{"floor":10,"key":"Blood Vial"}],"event_choices":[{"damage_healed":0,"gold_gain":0,"player_choice":"Donut","damage_taken":0,"max_hp_gain":5,"max_hp_loss":0,"event_name":"Big Fish","floor":9,"gold_loss":0}],"is_beta":false,"boss_relics":[],"items_purged_floors":[],"is_endless":false,"potions_floor_spawned":[8,10,11,15],"killed_by":"downfall:Defect","ascension_level":20}}