{"host":"ye7mfqqt9ljtnqit","time":1609255295,"event":{"mods":["BaseMod","Colored Map","Downfall","Marisa£®ÏF”Í°°ƒß¿Ì…≥£©","Minty Spire (QoL Compilation)","StSLib","SuperFastMode","The Servant 0.9.4"],"gold_per_floor":[110,56,84,100,100,149,149,193,243,276,276,276,311,261,261,358,358,377,377,420,11,25,95,95,141,187,187,259,174,205,219,219,356,356,368,403,58,96,174,245,245,285,285,335,335,335,391,492,492,514],"floor_reached":51,"playtime":4928,"items_purged":[],"score":806,"play_id":"56e29773-edd9-40f9-b005-b9d6d8e9f4d4","local_time":"20201229232135","is_ascension_mode":false,"campfire_choices":[{"floor":12.0,"key":"REST"},{"floor":15.0,"key":"REST"},{"floor":24.0,"key":"REST"},{"floor":27.0,"key":"REST"},{"floor":32.0,"key":"REST"},{"floor":41.0,"key":"REST"},{"floor":46.0,"key":"REST"},{"floor":49.0,"key":"REST"}],"circlet_count":0,"master_deck":["MasterSpark","UpSweep","MysteriousBeam","WitchOfGreed","ChargeUpSpray","GasGiant","ShootTheMoon","GravityBeat","CasketOfStar","6A","SuperPerseids","MysteriousBeam","StarDustReverie","DeepEcoloBomb","Robbery","NonDirectionalLaser+1","MillisecondPulsars+1","WitchOfGreed+1","OrrerysSun+1","MysteriousBeam+1","Singularity+1","Acceleration","AsteroidBelt","SatelliteIllusion+1","StarBarrage","PowerUp+1","BinaryStars","Acceleration+1","UltimateShortwave+1","LuminesStrike+1","IllusionStar","PowerUp+1","expansioncontent:Corrupt","OortCloud+1","PowerUp+1","MagicChant+1","IllusionStar+1","Singularity+1","MagicChant+1","OrrerysSun+1","Parasite","EnergyFlow+1","SuperPerseids+1"],"relics":["MiniHakkero","NeowsBlessing","Ornamental Fan","Dream Catcher","PreservedInsect","Toy Ornithopter","Empty Cage","Frozen Egg 2","Anchor","Orichalcum","Vajra","Oddly Smooth Stone","Astrolabe","Nunchaku","Unceasing Top","Mummified Hand","Pantograph"],"acts_visited":["Exordium","TheCity","TheBeyond"],"potions_floor_usage":[50,50],"damage_taken":[{"damage":0.0,"enemies":"2 Louse","floor":1.0,"turns":1.0},{"damage":3.0,"enemies":"Small Slimes","floor":3.0,"turns":2.0},{"damage":0.0,"enemies":"Cultist","floor":4.0,"turns":1.0},{"damage":12.0,"enemies":"3 Sentries","floor":6.0,"turns":5.0},{"damage":12.0,"enemies":"Lagavulin","floor":8.0,"turns":6.0},{"damage":0.0,"enemies":"2 Fungi Beasts","floor":10.0,"turns":3.0},{"damage":3.0,"enemies":"3 Louse","floor":13.0,"turns":3.0},{"damage":44.0,"enemies":"The Guardian","floor":16.0,"turns":6.0},{"damage":17.0,"enemies":"Spheric Guardian","floor":18.0,"turns":4.0},{"damage":36.0,"enemies":"2 Thieves","floor":20.0,"turns":5.0},{"damage":18.0,"enemies":"Snake Plant","floor":22.0,"turns":3.0},{"damage":6.0,"enemies":"Gremlin Leader","floor":23.0,"turns":4.0},{"damage":23.0,"enemies":"Slavers","floor":25.0,"turns":5.0},{"damage":0.0,"enemies":"Cultist and Chosen","floor":28.0,"turns":4.0},{"damage":0.0,"enemies":"3 Cultists","floor":30.0,"turns":5.0},{"damage":2.0,"enemies":"Snake Plant","floor":31.0,"turns":3.0},{"damage":19.0,"enemies":"Automaton","floor":33.0,"turns":9.0},{"damage":0.0,"enemies":"3 Darklings","floor":35.0,"turns":3.0},{"damage":22.0,"enemies":"3 Shapes","floor":36.0,"turns":3.0},{"damage":8.0,"enemies":"3 Darklings","floor":38.0,"turns":4.0},{"damage":0.0,"enemies":"Mind Bloom Boss Battle","floor":39.0,"turns":5.0},{"damage":13.0,"enemies":"Maw","floor":40.0,"turns":7.0},{"damage":12.0,"enemies":"Sphere and 2 Shapes","floor":42.0,"turns":4.0},{"damage":0.0,"enemies":"Transient","floor":44.0,"turns":5.0},{"damage":0.0,"enemies":"Reptomancer","floor":47.0,"turns":2.0},{"damage":13.0,"enemies":"Writhing Mass","floor":48.0,"turns":4.0},{"damage":31,"enemies":"Donu and Deca","floor":50,"turns":6}],"seed_played":"-6640569804620854354","potions_obtained":[{"floor":3.0,"key":"Dexterity Potion"},{"floor":3.0,"key":"LiquidBronze"},{"floor":4.0,"key":"Strength Potion"},{"floor":6.0,"key":"DistilledChaos"},{"floor":13.0,"key":"PowerPotion"},{"floor":20.0,"key":"Strength Potion"},{"floor":22.0,"key":"hexamod:EctoCoolerPotion"},{"floor":23.0,"key":"SkillPotion"},{"floor":28.0,"key":"Block Potion"},{"floor":28.0,"key":"Swift Potion"},{"floor":33.0,"key":"EssenceOfSteel"},{"floor":38.0,"key":"AttackPotion"},{"floor":38.0,"key":"SteroidPotion"},{"floor":40.0,"key":"SkillPotion"},{"floor":48.0,"key":"FairyPotion"},{"floor":48.0,"key":"Regen Potion"}],"is_trial":false,"path_per_floor":["M","$","M","M","?","E","?","E","T","M","?","R","M","?","R","B",null,"M","?","M","$","M","E","R","E","T","R","M","?","M","M","R","B",null,"M","M","$","M","?","M","R","M","T","M","?","R","E","M","R","B",null],"character_chosen":"MARISA","items_purchased":["WitchOfGreed","Frozen Egg 2","MillisecondPulsars+1","Nunchaku","expansioncontent:Corrupt"],"campfire_rested":8,"item_purchase_floors":[2,21,21,37,37],"current_hp_per_floor":[75,75,72,72,57,45,45,33,33,33,33,55,52,52,74,35,75,58,58,22,22,9,13,35,17,17,39,39,39,39,37,59,40,75,75,53,53,55,55,42,64,52,52,52,52,74,74,61,75,65],"gold":514,"neow_bonus":"THREE_ENEMY_KILL","is_daily":false,"chose_seed":false,"campfire_upgraded":0,"win_rate":0.0,"timestamp":1609255295,"path_taken":["M","$","M","M","?","E","?","E","T","M","?","R","?","?","R","BOSS","M","?","M","$","M","E","R","E","T","R","M","?","M","M","R","BOSS","M","M","$","M","?","M","R","M","T","M","?","R","E","M","R","BOSS"],"items_purchased_type":["Card","Relic","Card","Relic","Card"],"build_version":"2020-12-22","purchased_purges":0,"victory":true,"max_hp_per_floor":[75,75,75,75,75,75,75,75,75,75,75,75,75,75,75,75,75,75,75,75,75,75,75,75,75,75,75,75,75,75,75,75,75,75,75,75,75,75,75,75,75,75,75,75,75,75,75,75,75,75],"card_choices":[{"not_picked":["DoubleSpark","AlicesGift"],"picked":"MysteriousBeam","floor":1.0},{"not_picked":["LuminesStrike","MachineGunSpark"],"picked":"ChargeUpSpray","floor":3.0},{"not_picked":["SporeBomb","WitchLeyline"],"picked":"GasGiant","floor":4.0},{"not_picked":["MeteoricShower","MagicChant"],"picked":"ShootTheMoon","floor":6.0},{"not_picked":["LuminesStrike","BlazeAway","NonDirectionalLaser"],"picked":"SKIP","floor":8.0},{"not_picked":["ShootTheMoon","PowerUp"],"picked":"CasketOfStar","floor":10.0},{"not_picked":["ChargeUpSpray","NonDirectionalLaser"],"picked":"6A","floor":12.0},{"not_picked":["GasGiant","AlicesGift"],"picked":"SuperPerseids","floor":13.0},{"not_picked":["StarBarrage","MachineGunSpark"],"picked":"MysteriousBeam","floor":15.0},{"not_picked":["FinalSpark","SuperNova"],"picked":"StarDustReverie","floor":16.0},{"not_picked":["WitchLeyline","AsteroidBelt"],"picked":"DeepEcoloBomb","floor":18.0},{"not_picked":["DC","DeepEcoloBomb"],"picked":"NonDirectionalLaser+1","floor":20.0},{"not_picked":["6A","StarlightTyphoon"],"picked":"WitchOfGreed+1","floor":22.0},{"not_picked":["GravityBeat","MaximisePower"],"picked":"OrrerysSun+1","floor":23.0},{"not_picked":["ManaConvection","StarlightTyphoon"],"picked":"MysteriousBeam+1","floor":24.0},{"not_picked":["MeteoricShower","StarlightTyphoon"],"picked":"Singularity+1","floor":25.0},{"not_picked":["LuminesStrike","WitchOfGreed+1"],"picked":"Acceleration","floor":27.0},{"not_picked":["MysteriousBeam","6A"],"picked":"AsteroidBelt","floor":28.0},{"not_picked":["SuperPerseids+1","GalacticHalo+1"],"picked":"SatelliteIllusion+1","floor":30.0},{"not_picked":["SporeBomb","OneTimeOff"],"picked":"StarBarrage","floor":31.0},{"not_picked":["WitchOfGreed+1","EarthLightRay"],"picked":"PowerUp+1","floor":32.0},{"not_picked":["SuperNova+1","SatelliteIllusion+1"],"picked":"BinaryStars","floor":33.0},{"not_picked":["GasGiant","GalacticHalo"],"picked":"IllusionStar","floor":35.0},{"not_picked":["DragonMeteor+1","SporeBomb+1"],"picked":"PowerUp+1","floor":36.0},{"not_picked":["MysteriousBeam+1","NonDirectionalLaser"],"picked":"OortCloud+1","floor":38.0},{"not_picked":["EnergyRecoil+1","NonDirectionalLaser+1"],"picked":"PowerUp+1","floor":39.0},{"not_picked":["SuperNova+1","IllusionStar"],"picked":"MagicChant+1","floor":40.0},{"not_picked":["EnergyRecoil+1","LuminesStrike"],"picked":"IllusionStar+1","floor":41.0},{"not_picked":["GravityBeat","NonDirectionalLaser+1"],"picked":"Singularity+1","floor":42.0},{"not_picked":["WitchLeyline","LuminesStrike+1"],"picked":"MagicChant+1","floor":44.0},{"not_picked":["Acceleration","EnergyRecoil+1"],"picked":"OrrerysSun+1","floor":46.0},{"not_picked":["ChargeUpSpray","DC+1","ShootingEcho"],"picked":"SKIP","floor":47.0},{"not_picked":["DarkSpark+1","DragonMeteor"],"picked":"EnergyFlow+1","floor":48.0},{"not_picked":["EnergyRecoil+1","6A"],"picked":"SuperPerseids+1","floor":49.0}],"player_experience":56824,"relics_obtained":[{"floor":6.0,"key":"Ornamental Fan"},{"floor":8.0,"key":"Dream Catcher"},{"floor":9.0,"key":"PreservedInsect"},{"floor":23.0,"key":"Anchor"},{"floor":25.0,"key":"Orichalcum"},{"floor":26.0,"key":"Vajra"},{"floor":39.0,"key":"Unceasing Top"},{"floor":43.0,"key":"Mummified Hand"},{"floor":47.0,"key":"Pantograph"}],"event_choices":[{"damage_healed":0.0,"max_hp_gain":0.0,"max_hp_loss":0.0,"gold_gain":0.0,"event_name":"Shining Light","player_choice":"Entered Light","floor":5.0,"gold_loss":0.0,"damage_taken":15.0,"cards_upgraded":["Strike_MRS","Defend_MRS"]},{"damage_healed":0.0,"max_hp_gain":0.0,"max_hp_loss":0.0,"gold_gain":0.0,"cards_transformed":["Strike_MRS"],"event_name":"Living Wall","player_choice":"Change","floor":7.0,"gold_loss":0.0,"damage_taken":0.0,"cards_obtained":["GravityBeat"]},{"damage_healed":0.0,"max_hp_gain":0.0,"max_hp_loss":0.0,"gold_gain":0.0,"event_name":"WeMeetAgain","player_choice":"Gave Potion","floor":11.0,"gold_loss":0.0,"damage_taken":0.0,"relics_obtained":["Toy Ornithopter"]},{"cards_removed":["Strike_MRS"],"damage_healed":0.0,"max_hp_gain":0.0,"max_hp_loss":0.0,"gold_gain":0.0,"event_name":"The Cleric","player_choice":"Card Removal","floor":14.0,"gold_loss":50.0,"damage_taken":0.0},{"damage_healed":0.0,"max_hp_gain":0.0,"max_hp_loss":0.0,"gold_gain":0.0,"event_name":"The Library","player_choice":"Read","floor":19.0,"gold_loss":0.0,"damage_taken":0.0,"cards_obtained":["Robbery"]},{"damage_healed":0.0,"max_hp_gain":0.0,"max_hp_loss":0.0,"gold_gain":0.0,"event_name":"Addict","player_choice":"Obtained Relic","floor":29.0,"gold_loss":85.0,"damage_taken":0.0,"relics_obtained":["Oddly Smooth Stone"]},{"damage_healed":0.0,"max_hp_gain":0.0,"max_hp_loss":0.0,"gold_gain":0.0,"event_name":"MindBloom","player_choice":"Fight","floor":39.0,"gold_loss":0.0,"damage_taken":0.0},{"cards_removed":["Defend_MRS"],"damage_healed":0.0,"max_hp_gain":0.0,"max_hp_loss":0.0,"gold_gain":0.0,"event_name":"Purifier","player_choice":"Purged","floor":45.0,"gold_loss":0.0,"damage_taken":0.0}],"is_beta":false,"boss_relics":[{"not_picked":["RampagingMagicTools","Snecko Eye"],"picked":"Empty Cage"},{"not_picked":["SlaversCollar","Velvet Choker"],"picked":"Astrolabe"}],"items_purged_floors":[],"is_endless":false,"potions_floor_spawned":[3,4,6,10,20,22,31,33,35,38,48],"ascension_level":0}}