{"host":"appz8zkad29u9482","time":1609226742,"event":{"mods":["2.2 Compatiblity","Act Like it!","Aspiration","BaseMod","Better Altar","Better Match","Better Note","Better Skull","Better Third Choice","BetterRewards","CapriCore","Chen","Conspire","Disable Question Mark Monsters","Energized Spire","Gensokyo","GifTheSpireLib","Gold Saver","Halation","Hermit","Hubris","Infinite Spire","Jedi Mod","Marisa????????","Minty Spire (QoL Compilation)","Permanent Neow","Reimu??????","Replay The Spire","Spicy Shops","StSLib","Strawberry Spire","Stuff the Spire","The Immortal","The Servant 0.9.4","Yakumo Yukari mod","yUi"],"gold_per_floor":[119,119,232,249,249,284,296,65,91,101,101,111,122,132,132,209,209,228,228,340,360,378,378,404,404,404,329,329,28,28,46,46,46,46],"floor_reached":33,"playtime":3299,"items_purged":[],"score":267,"play_id":"27b35031-0543-4c77-bb08-1c1575e90ce6","local_time":"20201228212542","is_ascension_mode":false,"campfire_choices":[{"data":"Chen:FollowUp","floor":11.0,"key":"SMITH"},{"floor":15,"key":"REST"},{"floor":23,"key":"REST"},{"data":"Chen:Deceitful","floor":25,"key":"SMITH"},{"floor":32,"key":"REST"}],"circlet_count":0,"master_deck":["Chen:Strike","Chen:Strike","Chen:Strike","Chen:Strike","Chen:Strike","Chen:Defend","Chen:Defend","Chen:Defend","Chen:Defend","Chen:PounceTurnTail","Chen:GlitterPoke","Looming Evil","Chen:Lacerate","Chen:Tear","Chen:Unpredictable","Chen:PhoenixEgg","Chen:Deceitful+1","Chen:ResistTemptation","Chen:EvasiveFireShift","Chen:FollowUp+1","Chen:Sweep","Chen:PhoenixEgg","Chen:DazzleFlash","StuffTheSpire:LoadUp","FIFO Queue+1","ReplayTheSpireMod:Reroute Power+1","strawberrySpire:Gammacceleration","Amplify+1","Midas Touch+1","strawberrySpire:Gammacceleration","Chen:UpperHand"],"relics":["Chen:Catnip","Ring of Peace","Ring of Searing","StuffTheSpire:OldFever","Pet Ghost","Gensokyo:PortableGap","Calipers","Matryoshka","Replay:Bottled Snecko","aspiration:DefectSkillbook","Dream Catcher","StuffTheSpire:Gunfinga","Replay:Baseball","ReplayTheSpireMod:Lightbulb","Chemical X","DollysMirror"],"acts_visited":["Gensokyo:Gensokyo","Gensokyo:Gensokyoer"],"potions_floor_usage":[14,14,16,21,22,31,33,33],"damage_taken":[{"damage":6.0,"enemies":"Gensokyo:Python","floor":1.0,"turns":3.0},{"damage":0.0,"enemies":"Gensokyo:3_Fairies","floor":4.0,"turns":4.0},{"damage":22.0,"enemies":"Gensokyo:Cirno","floor":6.0,"turns":6.0},{"damage":0.0,"enemies":"Gensokyo:2_Kodama","floor":7.0,"turns":3.0},{"damage":0.0,"enemies":"Gensokyo:VengefulSpirit","floor":10.0,"turns":5.0},{"damage":0.0,"enemies":"Gensokyo:Kitsune","floor":12.0,"turns":3.0},{"damage":0.0,"enemies":"Gensokyo:LivingMonolith","floor":13.0,"turns":3.0},{"damage":0,"enemies":"Gensokyo:5_Fairies","floor":14,"turns":6},{"damage":12,"enemies":"Gensokyo:Kokoro","floor":16,"turns":10},{"damage":15,"enemies":"Gensokyo:AngelMirror","floor":18,"turns":4},{"damage":21,"enemies":"Gensokyo:3_Dogs","floor":21,"turns":6},{"damage":0,"enemies":"Gensokyo:Wraith","floor":22,"turns":4},{"damage":11,"enemies":"Gensokyo:Koishi","floor":24,"turns":5},{"damage":0,"enemies":"Gensokyo:Mirror_and_Dog","floor":31,"turns":3},{"damage":52,"enemies":"Gensokyo:Eternal_Rivals","floor":33,"turns":5}],"seed_played":"-7225805278620707804","potions_obtained":[{"floor":6.0,"key":"SteroidPotion"},{"floor":7.0,"key":"Reflective Coating"},{"floor":10.0,"key":"Swift Potion"},{"floor":13.0,"key":"SpeedPotion"},{"floor":14,"key":"BlessingOfTheForge"},{"floor":16,"key":"infinitespire:BlackPotion"},{"floor":21,"key":"PowerPotion"},{"floor":22,"key":"Elixir"},{"floor":24,"key":"MagicPotion:ReiMu"}],"is_trial":false,"path_per_floor":["M","?","?","M","?","E","M","$","T","M","R","M","M","M","R","B",null,"M","?","?","M","M","R","E","R","T","?","?","COS","?","M","R","B"],"character_chosen":"CHEN","items_purchased":["Chen:EvasiveFireShift","Chen:FollowUp","Matryoshka"],"campfire_rested":3,"item_purchase_floors":[8,8,8],"current_hp_per_floor":[64,64,25,25,25,3,3,3,3,3,3,3,3,3,21,9,63,48,48,28,7,7,25,14,14,14,14,14,14,14,14,32,0,0],"gold":46,"neow_bonus":"RANDOM_EVENT","is_daily":false,"chose_seed":false,"campfire_upgraded":2,"win_rate":0.0,"timestamp":1609226742,"path_taken":["M","?","?","?","?","E","M","$","T","M","R","M","M","M","R","BOSS","M","?","?","?","?","R","E","R","T","?","?","COS","?","M","R","BOSS"],"items_purchased_type":["Card","Card","Relic"],"build_version":"2020-12-22","purchased_purges":0,"victory":false,"max_hp_per_floor":[70,70,70,70,63,63,63,63,63,63,63,63,63,63,63,63,63,63,63,63,63,63,63,63,63,63,63,63,63,63,63,63,63,63],"card_choices":[{"not_picked":["Chen:Scratch","Chen:CatPunch"],"picked":"Chen:Lacerate","floor":1.0},{"not_picked":["Chen:Sweep","Chen:Sneak"],"picked":"Chen:Tear","floor":2.0},{"not_picked":["Chen:Sweep","Chen:Sneak"],"picked":"Chen:Unpredictable","floor":2.0},{"not_picked":["Chen:StudySharpen","Chen:Copycat"],"picked":"Chen:PhoenixEgg","floor":4.0},{"not_picked":["Chen:Tear","Chen:ResistTemptation"],"picked":"Chen:Deceitful","floor":6.0},{"not_picked":["Chen:Panic","Chen:PentagramFlight"],"picked":"Chen:ResistTemptation","floor":7.0},{"not_picked":["Chen:RecklessLeap","Chen:Scratch"],"picked":"Chen:Sweep","floor":10.0},{"not_picked":["Chen:Adaptability","Chen:Sidestep","Chen:Sweep"],"picked":"SKIP","floor":12.0},{"not_picked":["Chen:Barrier","Chen:CatPunch","Chen:Instinct"],"picked":"SKIP","floor":13.0},{"not_picked":["Chen:Barrier","Chen:SelfControl"],"picked":"Chen:PhoenixEgg","floor":14},{"not_picked":["Chen:Afterimages","Chen:FlankingStrike"],"picked":"Chen:DazzleFlash","floor":16},{"not_picked":["Chen:Scratch+1","Chen:RecklessLeap","Compile Driver"],"picked":"StuffTheSpire:LoadUp","floor":18},{"not_picked":["Chen:Impale","strawberrySpire:NeonFlight","BasicCrystalCard+1"],"picked":"FIFO Queue+1","floor":21},{"not_picked":["hubris:Ukulele","Panic Button","jedi:markofdeath"],"picked":"ReplayTheSpireMod:Reroute Power","floor":22},{"not_picked":["jedi:blockon","Hologram","Storm"],"picked":"strawberrySpire:Gammacceleration","floor":23},{"not_picked":["StuffTheSpire:Plugnplay","Chen:Instinct","strawberrySpire:BlasterWyrm","jedi:gatheringstorm"],"picked":"SKIP","floor":24},{"not_picked":["ReplayTheSpireMod:Fabricate Wheel+1","Electrodynamics+1","Hyperbeam+1"],"picked":"Amplify+1","floor":27},{"not_picked":["Secret Technique+1","jedi:LeechingStrike","StuffTheSpire:Recharge+1"],"picked":"Midas Touch+1","floor":27},{"not_picked":["Barrage","ReplayTheSpireMod:Dual Polarity","strawberrySpire:DataDump+1"],"picked":"Chen:UpperHand","floor":31}],"player_experience":361716,"relics_obtained":[{"floor":0.0,"key":"Ring of Peace"},{"floor":0.0,"key":"Ring of Searing"},{"floor":6.0,"key":"Calipers"},{"floor":9.0,"key":"Replay:Bottled Snecko"},{"floor":24,"key":"StuffTheSpire:Gunfinga"},{"floor":26,"key":"Replay:Baseball"},{"floor":26,"key":"ReplayTheSpireMod:Lightbulb"}],"event_choices":[{"damage_healed":0.0,"max_hp_gain":0.0,"max_hp_loss":0.0,"gold_gain":113.0,"event_name":"betterSkull:BetterSkull","player_choice":"GO RE RE ","floor":3.0,"gold_loss":0.0,"damage_taken":44.0,"cards_upgraded":[],"relics_obtained":["StuffTheSpire:OldFever","Pet Ghost"]},{"damage_healed":0,"gold_gain":112,"player_choice":"GO RE ","damage_taken":23,"relics_obtained":["Dream Catcher"],"max_hp_gain":0,"max_hp_loss":0,"event_name":"betterSkull:BetterSkull","floor":20,"gold_loss":0,"cards_upgraded":[]},{"damage_healed":0,"gold_gain":0,"player_choice":"2","damage_taken":0,"max_hp_gain":0,"max_hp_loss":0,"event_name":"betterMatch:BetterMatch","floor":27,"gold_loss":0,"cards_obtained":["betterMatch:RareCard","betterMatch:ColorlessRareCard"]},{"damage_healed":0,"gold_gain":0,"player_choice":"Leave","damage_taken":0,"max_hp_gain":0,"max_hp_loss":0,"event_name":"conspire:Investor","floor":30,"gold_loss":0}],"is_beta":false,"boss_relics":[{"not_picked":["StuffTheSpire:RunicConfusion","aspiration:SilentSkillbook"],"picked":"aspiration:DefectSkillbook"}],"items_purged_floors":[],"is_endless":false,"potions_floor_spawned":[6,7,10,13,14,16,21,22,24],"killed_by":"Gensokyo:Eternal_Rivals","ascension_level":0}}