{"host":"l8lkgdumzpe3823a","time":1609200135,"event":{"mods":["Always Whale","Aspiration","BaseMod","Better Note","Clockwork Mod","Colored Powertips","Curses Come First","Custom Start","DeckTracker","Defuse TimeMaze Blight","Highlight Path","Hubris","Infinite Spire","Minty Spire (QoL Compilation)","Quick Restart","Replay The Spire","Shop Mod","StSLib","SuperFastMode","The Construct","The Dragon Tamer","vexMod"],"gold_per_floor":[117,192,192,215,233,233,254,254,254,30,43,59,79,94,94,94,94],"floor_reached":16,"playtime":550,"items_purged":["Defend_G"],"score":108,"play_id":"9f76ca6e-d99b-4c17-96ba-f737d606baba","local_time":"20201228180215","is_ascension_mode":true,"campfire_choices":[{"data":"Escape Plan","floor":6,"key":"SMITH"},{"data":"Neutralize","floor":8,"key":"SMITH"},{"data":"ReplayTheSpireMod:Scrap Shanks","floor":15,"key":"SMITH"}],"circlet_count":0,"master_deck":["Strike_G","Strike_G","Strike_G","Strike_G","Strike_G","Defend_G","Defend_G","Defend_G","Defend_G","Survivor","Neutralize+1","Escape Plan+1","infinitespire:Neurotoxin","PiercingWail","ReplayTheSpireMod:Scrap Shanks+1"],"relics":["Ring of the Snake","Golden Idol","Blue Doll","Gremlin Food","Lee\u0027s Waffle"],"acts_visited":["Exordium"],"potions_floor_usage":[16,16,16],"damage_taken":[{"damage":7,"enemies":"Jaw Worm","floor":1,"turns":5},{"damage":0,"enemies":"2 Louse","floor":5,"turns":4},{"damage":5,"enemies":"Cultist","floor":7,"turns":4},{"damage":5,"enemies":"Gremlin Gang","floor":11,"turns":8},{"damage":1,"enemies":"Exordium Wildlife","floor":12,"turns":5},{"damage":3,"enemies":"3 Louse","floor":13,"turns":4},{"damage":8,"enemies":"2 Fungi Beasts","floor":14,"turns":4},{"damage":59,"enemies":"Slime Boss","floor":16,"turns":8}],"seed_played":"7484848798184753561","potions_obtained":[{"floor":1,"key":"FearPotion"},{"floor":7,"key":"Block Potion"},{"floor":11,"key":"Weak Potion"}],"is_trial":false,"path_per_floor":["M","?","?","T","M","R","M","R","T","$","M","M","M","M","R","B"],"character_chosen":"THE_SILENT","items_purchased":["Lee\u0027s Waffle"],"campfire_rested":0,"item_purchase_floors":[10],"current_hp_per_floor":[63,52,52,52,52,52,47,47,47,72,67,66,63,55,55,0,0],"gold":94,"neow_bonus":"RANDOM_EVENT","is_daily":false,"chose_seed":false,"campfire_upgraded":3,"win_rate":0.0,"timestamp":1609200135,"path_taken":["M","?","?","?","M","R","?","R","T","$","?","M","M","M","R","BOSS"],"items_purchased_type":["Relic"],"build_version":"2020-12-22","purchased_purges":1,"victory":false,"max_hp_per_floor":[70,70,65,65,65,65,65,65,65,72,72,72,72,72,72,72,72],"card_choices":[{"not_picked":["Outmaneuver","Choke","Slice"],"picked":"SKIP","floor":1},{"not_picked":["Blade Dance","ReplayTheSpireMod:Tripwire","Deflect"],"picked":"SKIP","floor":5},{"not_picked":["Outmaneuver","Hidden Blade","ReplayTheSpireMod:Exploit Weakness"],"picked":"SKIP","floor":7},{"not_picked":["Backflip","Cloak And Dagger"],"picked":"infinitespire:Neurotoxin","floor":11},{"not_picked":["Bane","Setup"],"picked":"PiercingWail","floor":12},{"not_picked":["Underhanded Strike","Dodge and Roll"],"picked":"ReplayTheSpireMod:Scrap Shanks","floor":13},{"not_picked":["Deflect","hubris:Counter","hubris:TrickCloak"],"picked":"SKIP","floor":14}],"player_experience":652175,"relics_obtained":[{"floor":4,"key":"Blue Doll"},{"floor":9,"key":"Gremlin Food"}],"event_choices":[{"damage_healed":0,"gold_gain":75,"player_choice":"Gather Gold","damage_taken":11,"max_hp_gain":0,"max_hp_loss":0,"event_name":"World of Goop","floor":2,"gold_loss":0},{"damage_healed":0,"gold_gain":0,"player_choice":"Lose Max HP","damage_taken":0,"relics_obtained":["Golden Idol"],"max_hp_gain":0,"max_hp_loss":5,"event_name":"Golden Idol","floor":3,"gold_loss":0}],"is_beta":false,"boss_relics":[],"items_purged_floors":[10],"is_endless":false,"potions_floor_spawned":[1,7,11],"killed_by":"Slime Boss","ascension_level":3}}