{"host":"jyuuog6ydc2s7nd8","time":1609249419,"event":{"mods":["BaseMod","Better Vampires","Minty Spire (QoL Compilation)","Shop Mod","StSLib","The Hierophant","The Servant 0.9.4","TheBandit","[IsaacMod]ÒÔÈö¼âËþ"],"gold_per_floor":[116,116,128,147,147,147,179,179,179,104,137,150,175,193,193,193,193],"floor_reached":16,"playtime":418,"items_purged":["Strike_R"],"score":240,"play_id":"784a4c90-df75-42ce-bf53-bcaca122c80c","local_time":"20201229214339","is_ascension_mode":true,"campfire_choices":[{"data":"Bash","floor":6.0,"key":"SMITH"},{"data":"Bloodletting","floor":15.0,"key":"SMITH"}],"circlet_count":0,"master_deck":["AscendersBane","Strike_R+1","Strike_R","Strike_R","Strike_R+1","Defend_R","Defend_R","Defend_R","Defend_R","Bash+1","Shrug It Off","Bloodletting+1","Dropkick","Second Wind","Dual Wield+1"],"relics":["Burning Blood","HushsDoor","NeowsBlessing","AnarchistCookbook","InkBottle","BlankCard","Toxic Egg 2"],"acts_visited":["Exordium"],"potions_floor_usage":[16,16],"damage_taken":[{"damage":0.0,"enemies":"Cultist","floor":1.0,"turns":1.0},{"damage":0.0,"enemies":"Jaw Worm","floor":3.0,"turns":1.0},{"damage":0.0,"enemies":"2 Louse","floor":4.0,"turns":2.0},{"damage":2.0,"enemies":"3 Sentries","floor":7.0,"turns":3.0},{"damage":2.0,"enemies":"Gremlin Nob","floor":11.0,"turns":3.0},{"damage":8.0,"enemies":"Blue Slaver","floor":12.0,"turns":3.0},{"damage":30.0,"enemies":"3 Sentries","floor":13.0,"turns":7.0},{"damage":27.0,"enemies":"Lots of Slimes","floor":14.0,"turns":5.0},{"damage":5,"enemies":"Hexaghost","floor":16,"turns":5}],"seed_played":"7860180588187258420","potions_obtained":[{"floor":1.0,"key":"BlessingOfTheForge"},{"floor":11.0,"key":"EntropicBrew"},{"floor":14.0,"key":"Regen Potion"}],"is_trial":false,"path_per_floor":["M","?","M","M","?","R","E","?","T","$","E","M","E","M","R","B"],"character_chosen":"IRONCLAD","items_purchased":[],"campfire_rested":0,"item_purchase_floors":[],"current_hp_per_floor":[74,63,69,75,52,52,56,56,56,56,60,58,34,13,13,20,20],"gold":193,"neow_bonus":"THREE_ENEMY_KILL","is_daily":false,"chose_seed":false,"campfire_upgraded":2,"win_rate":0.0,"timestamp":1609249419,"path_taken":["M","?","M","?","?","R","E","?","T","$","E","M","E","M","R","BOSS"],"items_purchased_type":[],"build_version":"2020-12-22","purchased_purges":1,"victory":false,"max_hp_per_floor":[75,75,75,75,75,75,75,75,75,75,75,75,75,75,75,75,75],"card_choices":[{"not_picked":[],"picked":"Bomb","floor":0.0},{"not_picked":["Iron Wave","Sword Boomerang"],"picked":"Shrug It Off","floor":1.0},{"not_picked":["Armaments","Clothesline","Anger"],"picked":"SKIP","floor":3.0},{"not_picked":["Anger","Headbutt"],"picked":"Bloodletting","floor":4.0},{"not_picked":["Inflame","Hemokinesis"],"picked":"Dropkick","floor":7.0},{"not_picked":["Warcry","Fire Breathing"],"picked":"Second Wind","floor":11.0},{"not_picked":["Seeing Red","Cleave","Heavy Blade"],"picked":"SKIP","floor":12.0},{"not_picked":["Shrug It Off+1","Wild Strike"],"picked":"Dual Wield+1","floor":13.0},{"not_picked":["Cleave","Metallicize","Pummel"],"picked":"SKIP","floor":14.0}],"player_experience":1777245,"relics_obtained":[{"floor":7.0,"key":"InkBottle"},{"floor":11.0,"key":"BlankCard"},{"floor":13.0,"key":"Toxic Egg 2"}],"event_choices":[{"damage_healed":0.0,"max_hp_gain":0.0,"max_hp_loss":0.0,"gold_gain":0.0,"event_name":"Wheel of Change","player_choice":"Damaged","floor":2.0,"gold_loss":0.0,"damage_taken":11.0},{"damage_healed":0.0,"max_hp_gain":0.0,"max_hp_loss":0.0,"gold_gain":0.0,"event_name":"Shining Light","player_choice":"Entered Light","floor":5.0,"gold_loss":0.0,"damage_taken":23.0,"cards_upgraded":["Strike_R","Strike_R"]},{"damage_healed":0.0,"max_hp_gain":0.0,"max_hp_loss":0.0,"gold_gain":0.0,"event_name":"Liars Game","player_choice":"Ignored","floor":8.0,"gold_loss":0.0,"damage_taken":0.0}],"is_beta":false,"boss_relics":[],"items_purged_floors":[10],"is_endless":false,"potions_floor_spawned":[1,11,14],"killed_by":"Hexaghost","ascension_level":20}}