{"host":"h78e02h09yhg9y5r","time":1609220599,"event":{"mods":["ATMod(阿瑾Mod)","AchievementEnabler","Act Like it!","Arknights The Spire","Aspiration","BaseMod","BetterRewards","Dota2Spire","Hermit","KinomotoSakuraMod(木之本樱)","Minty Spire (QoL Compilation)","MostiFishMod","RumiaBox-露米娅的神秘盒子","SIMod","Shop Mod","Spicy Shops","StSLib","The Runesmith","【功能Mod】混沌之环修复补丁"],"gold_per_floor":[112,112,133,145,70,103,121,134,158,158,186,205,241,241,241,341,341,355,355,30,44,44,76,103,131,131,147,168,168,204,79,79,180,180,195,195,45,45,45,76,76,109,135,135,186,206,31,65,65,66],"floor_reached":51,"playtime":3157,"items_purged":["ats:Strike S","ats:Strike C","ats:Strike V","ats:Defend","ats:Defend"],"score":976,"play_id":"2b53d342-cb33-4a9b-8ba7-2dc870a6010c","local_time":"20201229134319","is_ascension_mode":true,"campfire_choices":[{"data":"AT_FalsePromise","floor":10,"key":"SMITH"},{"floor":15,"key":"REST"},{"data":"ats:Disruption Kick","floor":29,"key":"SMITH"},{"floor":32,"key":"REST"},{"data":"Mayhem","floor":44,"key":"SMITH"},{"data":"ats:Shadow Assault","floor":49,"key":"SMITH"}],"circlet_count":0,"master_deck":["ats:Strike G+1","ats:Armor Crushing Shot","ats:Defend","ats:Defend+1","ats:Emotion Absorption","AT_FalsePromise+1","MostiFishMod:KingOfFree+1","ats:Red Shift","ats:Dogmatic Field","ats:Hammer On","ats:Disruption Kick+1","ats:Nebulous Foxfire","ats:Composite Medical Shells+1","ats:Part Time Job+1","ats:Shadow Assault+1","Mayhem+1","ats:Healing Strengthening","ats:Healing Drone","ats:Composite Medical Shells+1"],"relics":["ats:Sanity","DaveBox","AT_ATBox","RhineCircuit","Dota2Spire:Dagon","SynthV:TestCard","ats:Originium","ats:Military Tradition","AT_ChloranthyRing","ats:Originium","Dota2Spire:UrnOfShadows","ats:Originium","Runesmith:AutoHammer","aspiration:SecretTechniqueScroll","Runesmith:Nanobots","ats:Originium","Dota2Spire:EchoSabre","Omamori","ats:Lavender","GodSword3","Bronze Scales","RhineSuit","ats:Rhine Circuitry","Dota2Spire:LotusOrb","Toy Ornithopter","Blood Vial","AT_Manta","Turnip"],"acts_visited":["Exordium","TheCity","TheBeyond"],"potions_floor_usage":[13,18,23,23,23,30,30,33,40],"damage_taken":[{"damage":0,"enemies":"2 Louse","floor":1,"turns":2},{"damage":0,"enemies":"Cultist","floor":3,"turns":4},{"damage":0,"enemies":"Small Slimes","floor":4,"turns":2},{"damage":14,"enemies":"Gremlin Nob","floor":6,"turns":4},{"damage":14,"enemies":"Blue Slaver","floor":7,"turns":3},{"damage":5,"enemies":"Exordium Wildlife","floor":8,"turns":3},{"damage":0,"enemies":"Lagavulin","floor":11,"turns":4},{"damage":0,"enemies":"Exordium Thugs","floor":12,"turns":2},{"damage":12,"enemies":"Gremlin Nob","floor":13,"turns":4},{"damage":27,"enemies":"Slime Boss","floor":16,"turns":9},{"damage":0,"enemies":"Chosen","floor":18,"turns":4},{"damage":0,"enemies":"Shell Parasite","floor":21,"turns":1},{"damage":34,"enemies":"Gremlin Leader","floor":23,"turns":5},{"damage":0,"enemies":"Book of Stabbing","floor":25,"turns":2},{"damage":0,"enemies":"Snake Plant","floor":27,"turns":2},{"damage":22,"enemies":"Snecko","floor":28,"turns":4},{"damage":0,"enemies":"Slavers","floor":30,"turns":4},{"damage":50,"enemies":"Champ","floor":33,"turns":8},{"damage":11,"enemies":"3 Darklings","floor":35,"turns":2},{"damage":11,"enemies":"Nemesis","floor":40,"turns":4},{"damage":17,"enemies":"Giant Head","floor":42,"turns":5},{"damage":0,"enemies":"Mind Bloom Boss Battle","floor":45,"turns":3},{"damage":0,"enemies":"Orb Walker","floor":46,"turns":2},{"damage":6,"enemies":"Nemesis","floor":48,"turns":3},{"damage":30,"enemies":"Donu and Deca","floor":50,"turns":4}],"seed_played":"2291542083653556598","potions_obtained":[{"floor":3,"key":"DuplicationPotion"},{"floor":8,"key":"Ancient Potion"},{"floor":11,"key":"EntropicBrew"},{"floor":12,"key":"Regen Potion"},{"floor":13,"key":"Ancient Potion"},{"floor":16,"key":"PowerPotion"},{"floor":25,"key":"Weak Potion"},{"floor":28,"key":"AttackPotion"},{"floor":30,"key":"Block Potion"},{"floor":42,"key":"ats:Top Emergency Sanity Potion"},{"floor":46,"key":"DuplicationPotion"}],"is_trial":false,"path_per_floor":["M","?","M","M","$","E","M","M","T","R","E","M","E","?","R","B",null,"M","?","$","M","?","E","T","E","T","M","M","R","E","$","R","B",null,"M","?","$","?","?","E","T","E","T","R","?","M","$","E","R","B",null],"character_chosen":"DOCTOR_CLASS","items_purchased":["Dota2Spire:Dagon","MostiFishMod:KingOfFree"],"campfire_rested":2,"item_purchase_floors":[0,0],"current_hp_per_floor":[72,72,72,72,72,58,45,40,40,40,45,46,47,33,54,48,72,72,72,72,72,64,40,40,41,41,45,43,43,46,46,67,59,72,61,61,61,61,72,64,64,70,70,70,72,72,72,72,72,72],"gold":66,"neow_bonus":"","is_daily":false,"chose_seed":false,"campfire_upgraded":4,"win_rate":0.0,"timestamp":1609220599,"path_taken":["M","?","M","?","$","E","?","M","T","R","E","M","E","?","R","BOSS","M","?","$","M","?","E","?","E","T","?","M","R","E","?","R","BOSS","M","?","$","?","?","E","?","E","T","R","?","?","$","E","R","BOSS"],"items_purchased_type":["Relic","Card"],"build_version":"2020-12-22","purchased_purges":5,"victory":true,"max_hp_per_floor":[72,72,72,72,72,72,72,72,72,72,72,72,72,72,72,72,72,72,72,72,72,72,72,72,72,72,72,72,72,72,72,72,72,72,72,72,72,72,72,72,72,72,72,72,72,72,72,72,72,72],"card_choices":[{"not_picked":["ats:Consecutive Shot Auto","ats:Assault Order","ats:Rapid Magazine"],"picked":"SKIP","floor":1},{"not_picked":["ats:Flexible Camouflage","ats:Childhood Dance","ats:Hammer On","ats:Guardian Obelisk"],"picked":"ats:Red Shift","floor":3},{"not_picked":["ats:Leaping Hammer","ats:Flexible Camouflage","ats:Explosion Area Strengthen","ats:Poison Spread"],"picked":"ats:Dogmatic Field","floor":4},{"not_picked":["ats:Neurotoxin","ats:Poison Spread","ats:Closed Bolt Burst Fire","ats:Shell Defense","ats:Consecutive Shot Auto"],"picked":"SKIP","floor":6},{"not_picked":["ats:Chain Hook","ats:Poison Spread","ats:Powerful Strike","ats:Red Shift","ats:Song Of Battle"],"picked":"SKIP","floor":7},{"not_picked":["ats:Ignite","ats:Leaping Hammer","ats:Hammer On","ats:Collapsing Strike","ats:Demon Strength"],"picked":"SKIP","floor":8},{"not_picked":["ats:Shell Defense","ats:Soul Absorption","ats:Explosion Area Strengthen","ats:Song Of Battle"],"picked":"ats:Hammer On","floor":11},{"not_picked":["ats:Poison Spread","ats:Beaten Up","ats:Curse Doll","ats:Healing Drone"],"picked":"ats:Disruption Kick","floor":12},{"not_picked":["ats:Dogmatic Field","ats:Explosion Area Strengthen","ats:Hammer On","ats:Poison Spread","ats:Powerful Strike"],"picked":"SKIP","floor":13},{"not_picked":["ats:True Silver Slash","ats:Roar Of Ursus","ats:Disruption Kick","ats:Volcano"],"picked":"ats:Nebulous Foxfire","floor":16},{"not_picked":["ats:Shadow Raid","ats:Spore Proliferation+1","ats:Curse Doll","ats:Explosion Area Strengthen","ats:Childhood Dance+1"],"picked":"SKIP","floor":18},{"not_picked":["ats:Childhood Dance","ats:Soul Absorption+1","ats:Flame Of Heaven","ats:Song Of Battle","ats:Consecutive Shot Auto"],"picked":"SKIP","floor":21},{"not_picked":["ats:Childhood Dance","ats:Flexible Camouflage","ats:Poison Spread","ats:Echo Reverb"],"picked":"ats:Composite Medical Shells+1","floor":23},{"not_picked":["ats:Thermite Blade","ats:Thorns","ats:Counter Healing Mode","ats:Neurotoxin","ats:Leaping Hammer"],"picked":"SKIP","floor":25},{"not_picked":["ats:Explosion Area Strengthen","ats:Powerful Strike","ats:Magnetic Hammer","ats:Revitalization"],"picked":"ats:Part Time Job+1","floor":27},{"not_picked":["ats:Childhood Dance","ats:Curse Doll","ats:Hammer On","ats:Revitalization","ats:Mental Burst"],"picked":"SKIP","floor":28},{"not_picked":["ats:Assault Order","ats:LN2 Cannon","ats:Leaping Hammer","ats:Poison Spread+1","ats:Disruption Kick"],"picked":"SKIP","floor":30},{"not_picked":["ats:Rat Pack","ats:Durian","ats:Ambush","ats:Nebulous Foxfire"],"picked":"ats:Shadow Assault","floor":33},{"not_picked":["ats:Explosion Area Strengthen","ats:Ignite","ats:Cat Scratch","ats:Composite Medical Shells","ats:Childhood Dance"],"picked":"SKIP","floor":35},{"not_picked":["AT_CelerityRune","Trip","Purity","Swift Strike"],"picked":"Mayhem","floor":36},{"not_picked":["ats:Apocalypse+1","ats:Shadow Assault","ats:Composite Medical Shells","ats:Shell Defense+1","ats:Roar Of Ursus"],"picked":"SKIP","floor":40},{"not_picked":["ats:Powerful Strike+1","ats:Support Order+1","ats:Revitalization","ats:Part Time Job+1"],"picked":"ats:Healing Strengthening","floor":42},{"not_picked":["ats:Magnetic Hammer+1","ats:Poison Spread","ats:Demon Strength","ats:Cat Scratch+1"],"picked":"ats:Healing Drone","floor":46},{"not_picked":["ats:Leaping Hammer+1","ats:Shadow Raid","ats:Hook Shot","ats:Shell Defense"],"picked":"ats:Composite Medical Shells+1","floor":48}],"player_experience":492060,"relics_obtained":[{"floor":1,"key":"SynthV:TestCard"},{"floor":6,"key":"ats:Originium"},{"floor":6,"key":"ats:Military Tradition"},{"floor":9,"key":"AT_ChloranthyRing"},{"floor":11,"key":"ats:Originium"},{"floor":11,"key":"Dota2Spire:UrnOfShadows"},{"floor":13,"key":"ats:Originium"},{"floor":13,"key":"Runesmith:AutoHammer"},{"floor":23,"key":"ats:Originium"},{"floor":23,"key":"Dota2Spire:EchoSabre"},{"floor":24,"key":"Omamori"},{"floor":25,"key":"ats:Lavender"},{"floor":26,"key":"GodSword3"},{"floor":30,"key":"Bronze Scales"},{"floor":40,"key":"ats:Rhine Circuitry"},{"floor":41,"key":"Dota2Spire:LotusOrb"},{"floor":42,"key":"Toy Ornithopter"},{"floor":43,"key":"Blood Vial"},{"floor":45,"key":"AT_Manta"},{"floor":48,"key":"Turnip"}],"event_choices":[{"damage_healed":0,"gold_gain":0,"player_choice":"Upgraded","damage_taken":0,"max_hp_gain":0,"max_hp_loss":0,"event_name":"Upgrade Shrine","floor":2,"gold_loss":0,"cards_upgraded":["MostiFishMod:KingOfFree"]},{"damage_healed":0,"gold_gain":0,"player_choice":"Entered Light","damage_taken":14,"max_hp_gain":0,"max_hp_loss":0,"event_name":"Shining Light","floor":14,"gold_loss":0,"cards_upgraded":["ats:Strike G","ats:Defend"]},{"damage_healed":0,"gold_gain":0,"player_choice":"Opened","damage_taken":0,"relics_obtained":["Runesmith:Nanobots"],"max_hp_gain":0,"max_hp_loss":0,"event_name":"The Mausoleum","floor":19,"gold_loss":0},{"damage_healed":0,"gold_gain":0,"player_choice":"Memory 1","damage_taken":0,"max_hp_gain":0,"max_hp_loss":0,"event_name":"SensoryStone","floor":36,"gold_loss":0},{"damage_healed":18,"gold_gain":0,"player_choice":"Writhe","damage_taken":0,"max_hp_gain":0,"max_hp_loss":0,"event_name":"Winding Halls","floor":39,"gold_loss":0,"cards_obtained":["Writhe"]},{"damage_healed":0,"gold_gain":0,"player_choice":"Fight","damage_taken":0,"max_hp_gain":0,"max_hp_loss":0,"event_name":"MindBloom","floor":45,"gold_loss":0}],"is_beta":false,"boss_relics":[{"not_picked":["aspiration:RitualDagger","Runesmith:UraniumAnvil"],"picked":"aspiration:SecretTechniqueScroll"},{"not_picked":["EE1DDrone","AT_MortalBlade"],"picked":"RhineSuit"}],"items_purged_floors":[0,20,31,37,47],"is_endless":false,"potions_floor_spawned":[3,8,11,12,13,16,25,28,30,42,46],"ascension_level":1}}