{"host":"6koe3tp991t999dm","time":1609252243,"event":{"mods":["Act Like it!","Arknights The Spire","Astrologer","BaseMod","Bestiary","CapriCore","Colored Powertips","DeckTracker","Downfall","Gensokyo","Halation","Highlight Path","Hubris","Infinite Spire","Koishi","Lobotomy","LobotomyExtend","Marisa（霧雨　魔理沙）","Minty Spire (QoL Compilation)","Prisma Mod","Rare Cards Sparkle","Relic Stats","Remilia（蕾米莉?）","Replay The Spire","RumiaBox-露米?的神秘盒子","StSLib","The Alterego","The Immortal","The Jungle","The Mystic","WarShipGirlsR/??少女R mod","Yakumo Yukari mod","vexMod"],"gold_per_floor":[111,130,130,150,150,150,176,195,195,208,208,208,228,245,245,350,350,361,361,361,380,380,4,54,80,130,130,168,187,81,112,112,213,213,234,234,256,256,256,298,329,463,510,532,60,82,115,144,144,144],"floor_reached":51,"playtime":2771,"items_purged":["Replay:Hysterical Blindness"],"score":803,"play_id":"c9269e1c-1a15-4f7e-8072-0c28e658b12d","local_time":"20201229153043","is_ascension_mode":false,"campfire_choices":[{"floor":6,"key":"REST"},{"floor":15,"key":"REST"},{"data":"infinitespire:SevenWalls","floor":32,"key":"SMITH"},{"floor":49,"key":"REST"}],"circlet_count":0,"master_deck":["ats:Strike C","ats:Strike V","ats:Armor Crushing Shot","ats:Defend","ats:Defend","ats:Defend","ats:Defend","ats:Emotion Absorption","ats:Cat Scratch","ats:Cat Scratch","infinitespire:SevenWalls+1","ats:Mental Burst","ats:Sword Rain","ats:Demon Strength+1","ats:Counter Healing Mode+1","ats:Magnetic Hammer","ats:Very Hot Blade","ats:Rat Pack","ats:Assault Order+1","ats:Magnetic Hammer+1","ats:Volcano","ats:Part Time Job+1","ats:Very Hot Blade","ats:Curse Doll+1","ats:Thermite Blade+1","ats:Burning Ground+1","ats:Mental Burst","ats:Sword Rain","hubris:Greed","ats:Wolf Pack","ats:Charging Defense+1","ats:Nebulous Foxfire","ats:Demon Strength+1","ats:Assault Order","hubris:Greed","Spreading Infection","ats:Consecutive Shot Auto+1","hubris:Envy","ats:Hammer On+1","ats:Very Hot Blade","ats:Flame Of Heaven","ats:Flame Of Heaven","ats:Flame Of Heaven+1","hubris:Greed","ats:Part Time Job+1","hubris:Greed","hubris:Greed"],"relics":["ats:Sanity","Happy Flower","LetterFromLob","Frozen Egg 2","ats:Originium","halation:Toothbrush","Nunchaku","Philosopher\u0027s Stone","halation:PromiseList","infinitespire:Lucky Rock","Ring of Greed","hubris:MobiusCoin","Ring of Searing","Snack Pack","hubris:Spice","Red Mask","Fusion Hammer","hubris:Towel","Orichalcum","ReplayTheSpireMod:Lightbulb","halation:Thesaurus"],"acts_visited":["Exordium","TheCity","TheBeyond"],"potions_floor_usage":[33,33,33,47,50,50,50],"damage_taken":[{"damage":7,"enemies":"Cultist","floor":1,"turns":5},{"damage":0,"enemies":"Small Slimes","floor":2,"turns":3},{"damage":0,"enemies":"2 Louse","floor":4,"turns":2},{"damage":7,"enemies":"Gremlin Nob","floor":7,"turns":3},{"damage":7,"enemies":"Blue Slaver","floor":8,"turns":3},{"damage":19,"enemies":"Exordium Thugs","floor":10,"turns":4},{"damage":0,"enemies":"Gremlin Gang","floor":13,"turns":3},{"damage":2,"enemies":"Looter","floor":14,"turns":4},{"damage":46,"enemies":"Hexaghost","floor":16,"turns":11},{"damage":17,"enemies":"Shell Parasite","floor":18,"turns":5},{"damage":2,"enemies":"Chosen","floor":21,"turns":4},{"damage":23,"enemies":"Snake Plant","floor":25,"turns":4},{"damage":37,"enemies":"Slavers","floor":28,"turns":5},{"damage":3,"enemies":"Sentry and Sphere","floor":29,"turns":4},{"damage":2,"enemies":"Masked Bandits","floor":31,"turns":2},{"damage":24,"enemies":"Collector","floor":33,"turns":5},{"damage":5,"enemies":"Orb Walker","floor":35,"turns":2},{"damage":0,"enemies":"3 Shapes","floor":37,"turns":3},{"damage":10,"enemies":"R_Hoarder","floor":40,"turns":4},{"damage":22,"enemies":"Writhing Mass","floor":41,"turns":3},{"damage":10,"enemies":"Transient","floor":42,"turns":5},{"damage":10,"enemies":"3 Darklings","floor":44,"turns":2},{"damage":5,"enemies":"Jaw Worm Horde","floor":46,"turns":2},{"damage":10,"enemies":"Transient","floor":47,"turns":5},{"damage":9,"enemies":"Spire Growth","floor":48,"turns":3},{"damage":17,"enemies":"Replay:Hell Engine","floor":50,"turns":5}],"seed_played":"6054587966290994587","potions_obtained":[{"floor":2,"key":"PowerPotion"},{"floor":16,"key":"SpeedPotion"},{"floor":18,"key":"SteroidPotion"},{"floor":29,"key":"PowerPotion"},{"floor":31,"key":"Regen Potion"},{"floor":35,"key":"Fire Potion"},{"floor":37,"key":"Energy Potion"},{"floor":46,"key":"Venom Potion"},{"floor":47,"key":"Toxic Potion"},{"floor":48,"key":"AttackPotion"}],"is_trial":false,"path_per_floor":["M","M","?","M","?","R","E","M","T","M","?","?","M","M","R","B",null,"M","?","$","M","?","$","?","M","T","?","E","M","$","?","R","B",null,"M","?","M","?","?","E","M","M","T","M","$","M","M","M","R","B",null],"character_chosen":"DOCTOR_CLASS","items_purchased":["halation:PromiseList","ats:Volcano","ats:Part Time Job+1","infinitespire:Lucky Rock","ats:Very Hot Blade","ats:Mental Burst","ats:Very Hot Blade","ats:Flame Of Heaven","ReplayTheSpireMod:Lightbulb","halation:Thesaurus"],"campfire_rested":3,"item_purchase_floors":[20,23,23,23,23,30,45,45,45,45],"current_hp_per_floor":[65,65,46,46,46,67,60,53,53,38,41,41,41,39,61,15,75,58,61,51,49,64,64,64,47,47,50,25,28,31,29,29,37,95,90,90,94,94,98,98,80,82,82,76,76,73,77,74,98,87],"gold":144,"neow_bonus":"RANDOM_COMMON_RELIC","is_daily":false,"chose_seed":false,"campfire_upgraded":1,"win_rate":0.0,"timestamp":1609252243,"path_taken":["M","?","?","M","?","R","E","M","T","?","?","?","M","M","R","BOSS","M","?","?","M","?","$","?","M","T","?","E","?","?","?","R","BOSS","M","?","M","?","?","E","M","?","T","?","$","M","M","M","R","BOSS"],"items_purchased_type":["Relic","Card","Card","Relic","Card","Card","Card","Card","Relic","Relic"],"build_version":"2020-12-22","purchased_purges":1,"victory":true,"max_hp_per_floor":[72,72,72,72,72,72,72,72,72,72,75,75,75,75,75,75,75,75,78,78,78,81,81,81,81,81,84,92,92,95,95,95,95,95,95,95,95,95,98,106,106,106,106,106,98,98,98,98,98,98],"relic_stats":{"Nunchaku":[16],"Happy Flower":[33],"counters":[26,100],"Orichalcum":[48],"obtain_stats":[{"hubris:MobiusCoin":24,"Happy Flower":0,"halation:IllGainedPizza":24,"infinitespire:Lucky Rock":23,"Ring of Greed":24,"halation:Thesaurus":45,"Frozen Egg 2":5,"hubris:Towel":36,"Orichalcum":43,"Ring of Searing":24,"Nunchaku":9,"ats:Originium":7,"hubris:Spice":28,"Philosopher\u0027s Stone":17,"halation:Toothbrush":7,"Fusion Hammer":34,"LetterFromLob":1,"halation:PromiseList":20,"Snack Pack":26,"Red Mask":31,"ats:Sanity":0,"ReplayTheSpireMod:Lightbulb":45},{"hubris:MobiusCoin":11,"Happy Flower":0,"halation:IllGainedPizza":11,"infinitespire:Lucky Rock":11,"Ring of Greed":11,"halation:Thesaurus":22,"Frozen Egg 2":3,"hubris:Towel":17,"Orichalcum":21,"Ring of Searing":11,"Nunchaku":5,"ats:Originium":4,"hubris:Spice":13,"Philosopher\u0027s Stone":9,"halation:Toothbrush":4,"Fusion Hammer":16,"LetterFromLob":1,"halation:PromiseList":10,"Snack Pack":12,"Red Mask":15,"ats:Sanity":0,"ReplayTheSpireMod:Lightbulb":22},{"hubris:MobiusCoin":47,"Happy Flower":0,"halation:IllGainedPizza":47,"infinitespire:Lucky Rock":47,"Ring of Greed":47,"halation:Thesaurus":85,"Frozen Egg 2":10,"hubris:Towel":69,"Orichalcum":83,"Ring of Searing":47,"Nunchaku":16,"ats:Originium":13,"hubris:Spice":56,"Philosopher\u0027s Stone":38,"halation:Toothbrush":13,"Fusion Hammer":67,"LetterFromLob":5,"halation:PromiseList":43,"Snack Pack":51,"Red Mask":62,"ats:Sanity":0,"ReplayTheSpireMod:Lightbulb":85}]},"card_choices":[{"not_picked":["ats:Guardian Obelisk","ats:Shell Defense"],"picked":"ats:Cat Scratch","floor":1},{"not_picked":["ats:Apocalypse","ats:Composite Medical Shells"],"picked":"ats:Cat Scratch","floor":2},{"not_picked":["Replay:Fractal Strike","infinitespire:Execution"],"picked":"infinitespire:SevenWalls","floor":3},{"not_picked":["ats:Wolf Pack","ats:Childhood Dance"],"picked":"ats:Mental Burst","floor":4},{"not_picked":["ats:Cat Scratch","ats:Shell Defense"],"picked":"ats:Sword Rain","floor":7},{"not_picked":["ats:Shell Defense","ats:Curse Doll"],"picked":"ats:Apocalypse","floor":8},{"not_picked":["ats:Guardian Obelisk","ats:Healing Drone"],"picked":"ats:Demon Strength+1","floor":10},{"not_picked":["ats:Soul Absorption","ats:Flexible Camouflage"],"picked":"ats:Magnetic Hammer","floor":13},{"not_picked":["ats:Powerful Strike","ats:Counter Healing Mode+1"],"picked":"ats:Very Hot Blade","floor":14},{"not_picked":["ats:Nebulous Foxfire","ats:Fractured Body"],"picked":"ats:Rat Pack","floor":16},{"not_picked":["ats:Explosion Area Strengthen+1","ats:Flexible Camouflage"],"picked":"ats:Assault Order+1","floor":18},{"not_picked":["ats:Childhood Dance+1","ats:Healing Drone+1"],"picked":"ats:Magnetic Hammer+1","floor":21},{"not_picked":["ats:Spore Proliferation","ats:Encircling Forest+1"],"picked":"ats:Curse Doll+1","floor":25},{"not_picked":["ats:Chain Hook+1","ats:Cat Scratch"],"picked":"ats:Thermite Blade+1","floor":28},{"not_picked":["ats:Assault Order","ats:Very Hot Blade"],"picked":"ats:Burning Ground+1","floor":29},{"not_picked":["ats:Chain Hook","ats:Hammer On"],"picked":"ats:Sword Rain","floor":31},{"not_picked":["ats:Soul Rend+1","ats:Ambush+1"],"picked":"ats:Wolf Pack","floor":33},{"not_picked":["ats:Explosion Area Strengthen+1","ats:Beaten Up"],"picked":"ats:Charging Defense+1","floor":35},{"not_picked":["ats:LN2 Cannon+1","ats:Beaten Up"],"picked":"ats:Counter Healing Mode+1","floor":37},{"not_picked":[],"picked":"ats:Nebulous Foxfire","floor":38},{"not_picked":["ats:Consecutive Shot Auto+1","ats:Assault Order+1"],"picked":"ats:Demon Strength+1","floor":40},{"not_picked":["ats:Revitalization+1","ats:Chain Hook"],"picked":"ats:Assault Order","floor":41},{"not_picked":["ats:LN2 Cannon+1","ats:Poison Spread"],"picked":"ats:Consecutive Shot Auto+1","floor":42},{"not_picked":["ats:Rapid Magazine+1","ats:Childhood Dance+1"],"picked":"ats:Hammer On+1","floor":44},{"not_picked":["ats:True Silver Slash","ats:Flexible Camouflage+1"],"picked":"ats:Flame Of Heaven+1","floor":46},{"not_picked":["ats:Consecutive Shot Auto","ats:Explosion Area Strengthen"],"picked":"ats:Part Time Job+1","floor":47},{"not_picked":["ats:Consecutive Shot Auto","ats:Neurotoxin+1","ats:Curse Doll"],"picked":"SKIP","floor":48}],"player_experience":28212,"relics_obtained":[{"floor":1,"key":"LetterFromLob"},{"floor":7,"key":"ats:Originium"},{"floor":7,"key":"halation:Toothbrush"},{"floor":9,"key":"Nunchaku"},{"floor":24,"key":"Ring of Greed"},{"floor":24,"key":"hubris:MobiusCoin"},{"floor":24,"key":"halation:IllGainedPizza"},{"floor":24,"key":"Ring of Searing"},{"floor":26,"key":"Snack Pack"},{"floor":28,"key":"ats:Originium"},{"floor":28,"key":"hubris:Spice"},{"floor":31,"key":"Red Mask"},{"floor":40,"key":"ats:Originium"},{"floor":40,"key":"hubris:Spice"},{"floor":43,"key":"Orichalcum"}],"event_choices":[{"damage_healed":0,"gold_gain":0,"player_choice":"Gave Potion","damage_taken":0,"relics_obtained":["Frozen Egg 2"],"max_hp_gain":0,"max_hp_loss":0,"event_name":"WeMeetAgain","floor":5,"gold_loss":0},{"damage_healed":0,"gold_gain":0,"cards_transformed":["ats:Apocalypse"],"player_choice":"Change","damage_taken":0,"max_hp_gain":0,"max_hp_loss":0,"event_name":"Living Wall","floor":11,"gold_loss":0,"cards_obtained":["ats:Counter Healing Mode"]},{"cards_removed":["ats:Strike S"],"damage_healed":0,"gold_gain":0,"player_choice":"Purged","damage_taken":0,"max_hp_gain":0,"max_hp_loss":0,"event_name":"Purifier","floor":19,"gold_loss":0},{"cards_removed":["Delirium"],"damage_healed":0,"gold_gain":0,"player_choice":"Removed Curses","damage_taken":0,"max_hp_gain":0,"max_hp_loss":0,"event_name":"Fountain of Cleansing","floor":27,"gold_loss":0},{"damage_healed":0,"gold_gain":0,"player_choice":"Fought Bandits","damage_taken":0,"max_hp_gain":0,"max_hp_loss":0,"event_name":"Masked Bandits","floor":31,"gold_loss":0},{"cards_removed":["ats:Counter Healing Mode"],"damage_healed":1,"gold_gain":0,"player_choice":"Offered Uncommon","damage_taken":0,"max_hp_gain":0,"max_hp_loss":0,"event_name":"Bonfire Elementals","floor":39,"gold_loss":0}],"is_beta":false,"boss_relics":[{"not_picked":["hubris:CrackedHourglass","hubris:VirtuousBlindfold"],"picked":"Philosopher\u0027s Stone"},{"not_picked":["halation:Yufonium","Replay:Ancient Bell"],"picked":"Fusion Hammer"}],"items_purged_floors":[30],"is_endless":false,"potions_floor_spawned":[2,16,18,29,31,35,37,46,47,48],"ascension_level":0}}