{"host":"Krakhan","time":1609236435,"event":{"mods":["AchievementEnabler","BaseMod","Colored Map","Colored Powertips","Faster Ascension Climbing","Highlight Path","Minty Spire (QoL Compilation)","Rare Cards Sparkle","Relic Stats","StSLib"],"gold_per_floor":[110,126,126,126,39,39,39,64,64,64,24,42,56,91,91,91,91],"floor_reached":16,"playtime":754,"items_purged":[],"score":216,"play_id":"58c2bbd6-1738-4d18-bc83-7fd53b1311a2","local_time":"20201229050715","is_ascension_mode":true,"campfire_choices":[{"data":"Hemokinesis","floor":6,"key":"SMITH"},{"floor":10,"key":"REST"},{"floor":15,"key":"REST"}],"circlet_count":0,"master_deck":["AscendersBane","Strike_R","Strike_R","Strike_R","Strike_R","Strike_R","Defend_R","Defend_R+1","Defend_R+1","Defend_R","Bash","Rampage","Feel No Pain","Hemokinesis+1","Battle Trance","Headbutt","Ghostly Armor"],"relics":["Cursed Key","StrikeDummy","White Beast Statue","The Courier"],"acts_visited":["Exordium"],"potions_floor_usage":[14,14,16],"damage_taken":[{"damage":3,"enemies":"2 Louse","floor":1,"turns":4},{"damage":12,"enemies":"Small Slimes","floor":2,"turns":3},{"damage":12,"enemies":"3 Sentries","floor":8,"turns":9},{"damage":2,"enemies":"Jaw Worm","floor":12,"turns":2},{"damage":15,"enemies":"3 Louse","floor":13,"turns":3},{"damage":18,"enemies":"Lagavulin","floor":14,"turns":6},{"damage":38,"enemies":"Slime Boss","floor":16,"turns":6}],"seed_played":"-6520392892653523799","potions_obtained":[{"floor":1,"key":"FearPotion"},{"floor":12,"key":"FearPotion"},{"floor":13,"key":"PowerPotion"},{"floor":14,"key":"Weak Potion"}],"is_trial":false,"path_per_floor":["M","M","?","?","$","R","?","E","T","R","$","M","M","E","R","B"],"character_chosen":"IRONCLAD","items_purchased":["Hemokinesis","Battle Trance"],"campfire_rested":2,"item_purchase_floors":[5,11],"current_hp_per_floor":[65,53,30,30,30,30,30,18,18,40,40,38,23,5,27,0,0],"gold":91,"neow_bonus":"BOSS_RELIC","is_daily":false,"chose_seed":false,"campfire_upgraded":1,"win_rate":0.0,"timestamp":1609236435,"path_taken":["M","M","?","?","?","R","?","E","T","R","?","M","M","E","R","BOSS"],"items_purchased_type":["Card","Card"],"build_version":"2020-12-18","purchased_purges":0,"victory":false,"max_hp_per_floor":[75,75,75,75,75,75,75,75,75,75,75,75,75,75,75,75,75],"relic_stats":{"counters":[7,33],"Cursed Key":0,"obtain_stats":[{"The Courier":14,"Cursed Key":0,"StrikeDummy":7,"Burning Blood":0,"White Beast Statue":8},{"The Courier":6,"Cursed Key":0,"StrikeDummy":2,"Burning Blood":0,"White Beast Statue":3},{"The Courier":27,"Cursed Key":0,"StrikeDummy":7,"Burning Blood":0,"White Beast Statue":16}]},"card_choices":[{"not_picked":["Twin Strike","Armaments"],"picked":"Rampage","floor":1},{"not_picked":["Warcry","Seeing Red"],"picked":"Feel No Pain","floor":2},{"not_picked":["Flex","Dropkick","Juggernaut"],"picked":"SKIP","floor":8},{"not_picked":["Second Wind","Havoc"],"picked":"Headbutt","floor":12},{"not_picked":["Wild Strike","Havoc","Flex"],"picked":"SKIP","floor":13},{"not_picked":["Warcry","Searing Blow"],"picked":"Ghostly Armor","floor":14}],"player_experience":1245058,"relics_obtained":[{"floor":8,"key":"White Beast Statue"},{"floor":14,"key":"The Courier"}],"event_choices":[{"damage_healed":0,"gold_gain":0,"player_choice":"Entered Light","damage_taken":23,"max_hp_gain":0,"max_hp_loss":0,"event_name":"Shining Light","floor":3,"gold_loss":0,"cards_upgraded":["Defend_R","Defend_R"]},{"damage_healed":0,"gold_gain":0,"player_choice":"Ignored","damage_taken":0,"max_hp_gain":0,"max_hp_loss":0,"event_name":"Golden Wing","floor":4,"gold_loss":0},{"damage_healed":0,"gold_gain":0,"player_choice":"Searched \u00271\u0027 times","damage_taken":0,"relics_obtained":["StrikeDummy"],"max_hp_gain":0,"max_hp_loss":0,"event_name":"Dead Adventurer","floor":7,"gold_loss":0}],"is_beta":true,"boss_relics":[],"items_purged_floors":[],"is_endless":false,"potions_floor_spawned":[1,12,13,14],"killed_by":"Slime Boss","ascension_level":20}}