{"host":"po0gzr6h085cygwo","time":1609244468,"event":{"mods":["AchievementEnabler","BaseMod","Colored Map","DeckTracker","KOR Keyword Fix","Minty Spire (QoL Compilation)","Rare Cards Sparkle","Replay The Spire","StSLib","SuperFastMode"],"gold_per_floor":[109,109,121,137,155,155,166,192,218,70,70,70,70,82,82,181,181,199,215,155,172,0,0,25,22,22,22,47,147,147,157,157,259,259,271,291,141,221,241,241,291,322,402,97,0,0,19,37,37,37,37,37,37,71,71],"floor_reached":56,"playtime":2512,"items_purged":["Defend_G","Strike_G","Strike_G","Neutralize"],"score":1359,"play_id":"13cfb2a9-299f-4017-8436-02cea4cc3a55","local_time":"20201229212108","is_ascension_mode":true,"campfire_choices":[{"data":"ReplayTheSpireMod:Scrap Shanks","floor":6.0,"key":"SMITH"},{"data":"Acrobatics","floor":15.0,"key":"SMITH"},{"data":"Accuracy","floor":23.0,"key":"SMITH"},{"data":"ReplayTheSpireMod:Scrap Shanks","floor":27.0,"key":"SMITH"},{"floor":30.0,"key":"REST"},{"data":"Envenom","floor":32,"key":"SMITH"},{"data":"Adrenaline","floor":40,"key":"SMITH"},{"floor":46,"key":"RECALL"},{"data":"Acrobatics","floor":49,"key":"SMITH"}],"circlet_count":0,"master_deck":["Survivor","Acrobatics+1","ReplayTheSpireMod:Scrap Shanks+1","Acrobatics+1","Grand Finale+1","Dagger Throw","Accuracy+1","Envenom+1","Accuracy+1","ReplayTheSpireMod:Scrap Shanks+1","Well Laid Plans","Adrenaline+1","Phantasmal Killer","Hidden Blade+1"],"relics":["Ring of the Snake","NeowsBlessing","Chameleon Ring","Omamori","Snecko Scales","WingedGreaves","Happy Flower","Simple Rune","Replay:Towering Pillar of Hats","Ornamental Fan","Kintsugi","Replay:Kaleidoscope","Lantern","Replay:Ringing Soul","TheAbacus","Blood Vial","Red Mask","Vampiric Spirits"],"acts_visited":["Exordium","TheCity","TheBeyond","TheEnding"],"potions_floor_usage":[50,55,55,55],"damage_taken":[{"damage":0.0,"enemies":"Jaw Worm","floor":1.0,"turns":1.0},{"damage":0.0,"enemies":"Cultist","floor":3.0,"turns":1.0},{"damage":0.0,"enemies":"Small Slimes","floor":4.0,"turns":1.0},{"damage":0.0,"enemies":"Blue Slaver","floor":5.0,"turns":6.0},{"damage":6.0,"enemies":"2 Fungi Beasts","floor":7.0,"turns":4.0},{"damage":8.0,"enemies":"Lagavulin","floor":8.0,"turns":5.0},{"damage":0.0,"enemies":"Exordium Wildlife","floor":14.0,"turns":1.0},{"damage":40.0,"enemies":"Hexaghost","floor":16.0,"turns":9.0},{"damage":0.0,"enemies":"Spheric Guardian","floor":18.0,"turns":1.0},{"damage":14.0,"enemies":"2 Thieves","floor":19.0,"turns":2.0},{"damage":12.0,"enemies":"3 Cultists","floor":21.0,"turns":4.0},{"damage":14.0,"enemies":"Book of Stabbing","floor":24.0,"turns":3.0},{"damage":21.0,"enemies":"Slavers","floor":28.0,"turns":2.0},{"damage":0.0,"enemies":"Colosseum Slavers","floor":29.0,"turns":2.0},{"damage":0.0,"enemies":"Colosseum Nobs","floor":29.0,"turns":2.0},{"damage":8,"enemies":"Shelled Parasite and Fungi","floor":31,"turns":2},{"damage":12,"enemies":"Champ","floor":33,"turns":3},{"damage":4,"enemies":"3 Shapes","floor":35,"turns":1},{"damage":0,"enemies":"3 Darklings","floor":36,"turns":2},{"damage":0,"enemies":"Spire Growth","floor":39,"turns":1},{"damage":0,"enemies":"Mind Bloom Boss Battle","floor":41,"turns":2},{"damage":2,"enemies":"R_Hoarder","floor":42,"turns":3},{"damage":4,"enemies":"Sphere and 2 Shapes","floor":47,"turns":1},{"damage":8,"enemies":"4 Shapes","floor":48,"turns":1},{"damage":6,"enemies":"Donu and Deca","floor":50,"turns":2},{"damage":0,"enemies":"Shield and Spear","floor":54,"turns":2},{"damage":30,"enemies":"The Heart","floor":55,"turns":4}],"seed_played":"-2981759938323450517","potions_obtained":[{"floor":3.0,"key":"CunningPotion"},{"floor":4.0,"key":"PowerPotion"},{"floor":7.0,"key":"Fruit Juice"},{"floor":8.0,"key":"EssenceOfSteel"},{"floor":18.0,"key":"AttackPotion"},{"floor":21.0,"key":"Elixir"},{"floor":31,"key":"Ancient Potion"},{"floor":33,"key":"EssenceOfSteel"},{"floor":38,"key":"Reflective Coating"},{"floor":52,"key":"Flashbang"}],"is_trial":false,"path_per_floor":["M","?","M","M","M","R","M","E","T","$","?","$","?","M","R","B",null,"M","M","?","M","$","R","E","$","T","R","E","?","R","M","R","B",null,"M","M","$","?","M","R","?","E","T","$","?","R","M","M","R","B",null,"R","$","E","B",null],"character_chosen":"THE_SILENT","items_purchased":["Accuracy","Accuracy","ReplayTheSpireMod:Scrap Shanks","TheAbacus","Blood Vial"],"campfire_rested":1,"item_purchase_floors":[10,22,25,44,44],"current_hp_per_floor":[70,70,70,70,70,70,69,61,61,61,61,61,61,61,61,21,75,75,61,61,49,49,49,35,35,35,35,14,14,36,28,28,16,75,71,71,71,53,53,53,53,51,51,51,51,51,49,43,43,39,75,75,75,75,54],"gold":71,"neow_bonus":"THREE_ENEMY_KILL","is_daily":false,"chose_seed":false,"campfire_upgraded":7,"win_rate":0.0,"timestamp":1609244468,"path_taken":["M","?","M","M","M","R","M","E","T","$","?","?","?","M","R","BOSS","M","M","?","M","$","R","E","$","T","R","E","?","R","M","R","BOSS","M","M","$","?","M","R","?","E","T","$","?","R","M","M","R","BOSS","R","$","E","BOSS"],"items_purchased_type":["Card","Card","Card","Relic","Relic"],"build_version":"2020-12-22","purchased_purges":4,"victory":true,"max_hp_per_floor":[70,70,70,70,70,70,75,75,75,75,75,75,75,75,75,75,75,75,75,75,75,75,75,75,75,75,75,75,75,75,75,75,75,75,75,75,75,75,75,75,75,75,75,75,75,75,75,75,75,75,75,75,75,75,75],"card_choices":[{"not_picked":["Backflip","Replay:Poison Smokescreen"],"picked":"Acrobatics","floor":1.0},{"not_picked":["Prepared","Backflip"],"picked":"ReplayTheSpireMod:Scrap Shanks","floor":3.0},{"not_picked":["Quick Slash","Bane"],"picked":"Acrobatics","floor":4.0},{"not_picked":["Bouncing Flask","Fluid Movement"],"picked":"Quick Slash","floor":5.0},{"not_picked":["Flying Knee","Sucker Punch"],"picked":"Dagger Throw","floor":7.0},{"not_picked":["Dagger Throw","Choke","ReplayTheSpireMod:From All Sides"],"picked":"SKIP","floor":8.0},{"not_picked":["Finisher","PiercingWail","Replay:Poison Smokescreen"],"picked":"SKIP","floor":14.0},{"not_picked":["Poison Darts","Corpse Explosion"],"picked":"Envenom","floor":16.0},{"not_picked":["Cloak And Dagger","Riddle With Holes","Slice"],"picked":"SKIP","floor":18.0},{"not_picked":["Flechettes","Dash","Heel Hook+1"],"picked":"SKIP","floor":19.0},{"not_picked":["Quick Slash","Dagger Spray","Slice"],"picked":"SKIP","floor":21.0},{"not_picked":["Dodge and Roll","Doppelganger","PiercingWail"],"picked":"SKIP","floor":24.0},{"not_picked":["Flying Knee","Quick Slash","Expertise"],"picked":"SKIP","floor":28.0},{"not_picked":["Skewer+1","Dagger Throw"],"picked":"Well Laid Plans","floor":29.0},{"not_picked":["Bouncing Flask","PiercingWail","Caltrops"],"picked":"SKIP","floor":31},{"not_picked":["After Image","Replay:Bag of Tricks"],"picked":"Adrenaline","floor":33},{"not_picked":["Slice","Dagger Spray+1","Outmaneuver+1"],"picked":"SKIP","floor":35},{"not_picked":["Backstab","Reflex","Blade Dance"],"picked":"SKIP","floor":36},{"not_picked":["Backflip+1","Distraction"],"picked":"Phantasmal Killer","floor":39},{"not_picked":["Blade Dance","ReplayTheSpireMod:Speed Training","Hidden Blade+1"],"picked":"SKIP","floor":42},{"not_picked":["Blade Dance","ReplayTheSpireMod:Speed Training"],"picked":"Hidden Blade+1","floor":42},{"not_picked":["Blur+1","Slice+1","ReplayTheSpireMod:Tripwire+1"],"picked":"SKIP","floor":47},{"not_picked":["Prepared+1","ReplayTheSpireMod:Speed Training","ReplayTheSpireMod:From All Sides"],"picked":"SKIP","floor":48},{"not_picked":["Dagger Spray","Dodge and Roll+1","Bouncing Flask"],"picked":"SKIP","floor":54}],"player_experience":60510,"relics_obtained":[{"floor":8.0,"key":"Chameleon Ring"},{"floor":9.0,"key":"Omamori"},{"floor":24.0,"key":"Happy Flower"},{"floor":28.0,"key":"Simple Rune"},{"floor":29.0,"key":"Replay:Towering Pillar of Hats"},{"floor":29.0,"key":"Ornamental Fan"},{"floor":41,"key":"Replay:Kaleidoscope"},{"floor":42,"key":"Lantern"},{"floor":43,"key":"Replay:Ringing Soul"},{"floor":54,"key":"Vampiric Spirits"}],"event_choices":[{"damage_healed":0.0,"max_hp_gain":0.0,"max_hp_loss":0.0,"gold_gain":0.0,"event_name":"Upgrade Shrine","player_choice":"Upgraded","floor":11.0,"gold_loss":0.0,"damage_taken":0.0,"cards_upgraded":["Accuracy"]},{"damage_healed":0.0,"max_hp_gain":0.0,"max_hp_loss":0.0,"gold_gain":0.0,"event_name":"Liars Game","player_choice":"Ignored","floor":13.0,"gold_loss":0.0,"damage_taken":0.0},{"damage_healed":0.0,"max_hp_gain":0.0,"max_hp_loss":0.0,"gold_gain":0.0,"event_name":"Colosseum","player_choice":"Fight","floor":29.0,"gold_loss":0.0,"damage_taken":0.0},{"damage_healed":0.0,"max_hp_gain":0.0,"max_hp_loss":0.0,"gold_gain":0.0,"event_name":"Colosseum","player_choice":"Fought Nobs","floor":29.0,"gold_loss":0.0,"damage_taken":0.0},{"damage_healed":0,"gold_gain":0,"player_choice":"Fight","damage_taken":0,"max_hp_gain":0,"max_hp_loss":0,"event_name":"MindBloom","floor":41,"gold_loss":0},{"damage_healed":0,"gold_gain":0,"player_choice":"Paid","damage_taken":0,"relics_obtained":["Red Mask"],"max_hp_gain":0,"max_hp_loss":0,"event_name":"Tomb of Lord Red Mask","floor":45,"gold_loss":97}],"is_beta":false,"boss_relics":[{"not_picked":["Black Star","SlaversCollar"],"picked":"Snecko Scales"},{"not_picked":["Abe\u0027s Treasure","Replay:Drink Me"],"picked":"Kintsugi"}],"items_purged_floors":[10,22,25,37],"is_endless":false,"potions_floor_spawned":[3,4,7,8,18,21,31,33,39,41,47,48,54],"ascension_level":2}}