{"host":"nnqdcpockwq7zc6f","time":1609210701,"event":{"mods":["BaseMod","Better Note","Downfall","Hubris","Minty Spire (QoL Compilation)","Replay The Spire","StSLib","The Blackbeard"],"gold_per_floor":[114,214,19,29,29,64,81,106,106,139,139,155,169,186,186,284,284,273,287,197,217,217,243,20,20,43,43,43,56,68,85,85,189,189,202,202,202,213,213,245,245,262,262,242,273,273,20,45,45,45,45,45],"floor_reached":50,"playtime":2757,"items_purged":["blackbeard:BlackbeardStrike","Parasite"],"score":564,"play_id":"e0dc9ffe-2c11-4797-bbdc-78c4e2b0313d","local_time":"20201228195821","is_ascension_mode":false,"campfire_choices":[{"floor":11,"key":"REST"},{"floor":15,"key":"REST"},{"data":"blackbeard:WeaponProficiency","floor":25,"key":"SMITH"},{"data":"blackbeard:Rum","floor":25,"key":"SMITH"},{"data":"blackbeard:PiratesWill","floor":28,"key":"SMITH"},{"data":"blackbeard:ReapersScythe","floor":28,"key":"SMITH"},{"data":"blackbeard:BeatUp","floor":32,"key":"SMITH"},{"data":"blackbeard:PirateHook","floor":32,"key":"SMITH"},{"floor":41,"key":"REST"},{"floor":46,"key":"REST"},{"floor":49,"key":"REST"}],"circlet_count":0,"master_deck":["blackbeard:BlackbeardStrike+1","blackbeard:BlackbeardStrike","blackbeard:IntimidatingStrike","blackbeard:BlackbeardDefend","blackbeard:BlackbeardDefend+1","blackbeard:BlackbeardDefend","blackbeard:BlackbeardDefend","blackbeard:Cutlass+1","blackbeard:BeatUp+1","blackbeard:CatONineTails+1","blackbeard:PirateHook+1","blackbeard:RearmingStrike","blackbeard:Dagger","blackbeard:Sharpening","blackbeard:Rum+1","blackbeard:BoostMorale","blackbeard:PiratesWill+1","blackbeard:ReapersScythe+1","blackbeard:DeadlyArsenal","blackbeard:SwordDance","blackbeard:BrownPants","blackbeard:WeaponProficiency+1","blackbeard:BoostMorale","Pot Of Greed","Pot Of Greed","blackbeard:GoldenCannonball+1","Pot Of Greed","blackbeard:Fencing","blackbeard:BoostMorale","blackbeard:PirateEarring+1","blackbeard:GoldenCannonball+1","blackbeard:GoldenDefense+1","blackbeard:WeaponMastery"],"relics":["blackbeard:LoadTheCannons","NeowsBlessing","Orichalcum","hubris:ToyBattleship","ReplayFunnel","hubris:TenFootPole","hubris:Stopwatch","Replay:Arrowhead","Grinning Jar","Velvet Choker","Ring of Panic","Gambling Chip","blackbeard:TreasureChest","Strange Spoon"],"acts_visited":["Exordium","TheCity","TheBeyond"],"potions_floor_usage":[10,10,16,18,29,33,42,50,50],"damage_taken":[{"damage":0,"enemies":"Small Slimes","floor":1,"turns":1},{"damage":0,"enemies":"Cultist","floor":4,"turns":1},{"damage":0,"enemies":"3 Sentries","floor":6,"turns":1},{"damage":5,"enemies":"Jaw Worm","floor":7,"turns":2},{"damage":17,"enemies":"Replay:BlueRogue","floor":8,"turns":5},{"damage":12,"enemies":"Lagavulin","floor":10,"turns":3},{"damage":5,"enemies":"Large Slime","floor":12,"turns":3},{"damage":0,"enemies":"3 Louse","floor":13,"turns":3},{"damage":9,"enemies":"Red Slaver","floor":14,"turns":3},{"damage":15,"enemies":"Fading Forest","floor":16,"turns":11},{"damage":7,"enemies":"2 Thieves","floor":18,"turns":4},{"damage":15,"enemies":"Spheric Guardian","floor":19,"turns":4},{"damage":13,"enemies":"Centurion and Healer","floor":21,"turns":4},{"damage":7,"enemies":"Replay:Snechameleon","floor":23,"turns":5},{"damage":12,"enemies":"Shelled Parasite and Fungi","floor":29,"turns":3},{"damage":5,"enemies":"Cultist and Chosen","floor":30,"turns":6},{"damage":5,"enemies":"Centurion and Healer","floor":31,"turns":4},{"damage":42,"enemies":"Champ","floor":33,"turns":9},{"damage":9,"enemies":"3 Darklings","floor":35,"turns":5},{"damage":0,"enemies":"Orb Walker","floor":38,"turns":3},{"damage":70,"enemies":"Giant Head","floor":40,"turns":9},{"damage":21,"enemies":"Spire Growth","floor":42,"turns":5},{"damage":58,"enemies":"Writhing Mass","floor":45,"turns":5},{"damage":10,"enemies":"Maw","floor":48,"turns":5},{"damage":49,"enemies":"Donu and Deca","floor":50,"turns":6}],"seed_played":"-8386161135220999639","potions_obtained":[{"floor":4,"key":"champ:CounterPotion"},{"floor":6,"key":"SpeedPotion"},{"floor":8,"key":"LiquidMemories"},{"floor":14,"key":"AttackPotion"},{"floor":19,"key":"FairyPotion"},{"floor":21,"key":"ColorlessPotion"},{"floor":23,"key":"DistilledChaos"},{"floor":38,"key":"blackbeard:OrangeJuicePotion"},{"floor":40,"key":"hexamod:EctoCoolerPotion"},{"floor":44,"key":"Death Potion"},{"floor":48,"key":"GamblersBrew"}],"is_trial":false,"path_per_floor":["M","?","$","M","?","E","M","E","T","E","R","M","M","M","R","B",null,"M","M","?","M","?","E","$","R","T","$","R","M","M","M","R","B",null,"M","?","?","M","?","E","R","M","T","?","M","R","$","M","R","B"],"character_chosen":"BLACKBEARD_CLASS","items_purchased":["blackbeard:CatONineTails","blackbeard:PirateHook","blackbeard:WeaponProficiency","blackbeard:BoostMorale","Strange Spoon"],"campfire_rested":5,"item_purchase_floors":[3,3,24,24,47],"current_hp_per_floor":[75,75,75,75,60,60,55,38,38,26,48,43,43,34,56,51,75,68,53,53,40,85,78,78,78,78,78,78,66,61,56,56,14,85,76,76,76,76,76,6,31,18,18,18,8,33,33,23,47,0,0,0],"gold":45,"neow_bonus":"THREE_ENEMY_KILL","is_daily":false,"chose_seed":false,"campfire_upgraded":6,"win_rate":0.0,"timestamp":1609210701,"path_taken":["M","?","$","?","?","E","M","E","T","E","R","M","M","M","R","BOSS","M","M","?","?","?","E","$","R","T","$","R","M","M","?","R","BOSS","M","?","?","?","?","E","R","M","T","?","?","R","$","M","R","BOSS"],"items_purchased_type":["Card","Card","Card","Card","Relic"],"build_version":"2020-12-22","purchased_purges":2,"victory":false,"max_hp_per_floor":[75,75,75,75,75,75,75,75,75,75,75,75,75,75,75,75,75,75,75,75,75,85,85,85,85,85,85,85,85,85,85,85,85,85,85,85,85,85,85,85,85,85,85,85,85,85,82,82,82,82,82,82],"card_choices":[{"not_picked":["blackbeard:CloakAndCannonball","blackbeard:WoodenLeg"],"picked":"blackbeard:BeatUp","floor":1},{"not_picked":["blackbeard:Shrapnel","blackbeard:DeadlyArsenal"],"picked":"blackbeard:RearmingStrike","floor":4},{"not_picked":["blackbeard:GoldenStrike","blackbeard:BeatUp"],"picked":"blackbeard:GoldenGuillotine","floor":6},{"not_picked":["blackbeard:BlindAttacks","blackbeard:SwordDance"],"picked":"blackbeard:Dagger","floor":7},{"not_picked":["blackbeard:CloakAndCannonball","blackbeard:Upgrade","blackbeard:HumongousCannonball"],"picked":"SKIP","floor":8},{"not_picked":["blackbeard:Dagger","blackbeard:PowderKeg"],"picked":"blackbeard:Sharpening","floor":10},{"not_picked":["blackbeard:DeadlyArsenal","blackbeard:Sword"],"picked":"blackbeard:Rum","floor":12},{"not_picked":["blackbeard:Recklessness","blackbeard:FieryDefense"],"picked":"blackbeard:BoostMorale","floor":13},{"not_picked":["blackbeard:Anchor","blackbeard:FieryDefense"],"picked":"blackbeard:PiratesWill","floor":14},{"not_picked":["blackbeard:GoldenRain","blackbeard:Murder"],"picked":"blackbeard:ReapersScythe","floor":16},{"not_picked":["blackbeard:WiseDefense","blackbeard:Anchor","blackbeard:BeatUp"],"picked":"SKIP","floor":18},{"not_picked":["blackbeard:Shrapnel","blackbeard:BlindAttacks+1"],"picked":"blackbeard:DeadlyArsenal","floor":19},{"not_picked":["blackbeard:BlindAttacks+1","blackbeard:Bandana"],"picked":"blackbeard:SwordDance","floor":21},{"not_picked":["blackbeard:Revenge+1","blackbeard:Dagger"],"picked":"blackbeard:BrownPants","floor":23},{"not_picked":["blackbeard:Sword","blackbeard:VengefulSpirit"],"picked":"blackbeard:GoldenCannonball+1","floor":29},{"not_picked":["blackbeard:GoldenStrike","blackbeard:Sharpening"],"picked":"blackbeard:Fencing","floor":30},{"not_picked":["blackbeard:RearmingStrike+1","blackbeard:Fencing","blackbeard:Shrapnel"],"picked":"SKIP","floor":31},{"not_picked":["blackbeard:PirateStrength","blackbeard:TheDrunkenSailor"],"picked":"blackbeard:BoostMorale","floor":33},{"not_picked":["blackbeard:PiratesWill","blackbeard:JollyRoger+1"],"picked":"blackbeard:PirateEarring+1","floor":35},{"not_picked":["blackbeard:Bandana","blackbeard:Toast+1","blackbeard:Sword"],"picked":"SKIP","floor":38},{"not_picked":["blackbeard:WiseDefense","blackbeard:SwordDance+1","blackbeard:VengefulSpirit+1"],"picked":"SKIP","floor":40},{"not_picked":["blackbeard:SwordDance+1","blackbeard:CatONineTails"],"picked":"blackbeard:GoldenDefense+1","floor":42},{"not_picked":["blackbeard:CloakAndCannonball+1","blackbeard:SwordDance+1"],"picked":"blackbeard:WeaponMastery","floor":45},{"not_picked":["blackbeard:Bandana","blackbeard:PiratesWill","blackbeard:TerrorOfTheSeas+1"],"picked":"SKIP","floor":48}],"player_experience":346118,"relics_obtained":[{"floor":6,"key":"Orichalcum"},{"floor":8,"key":"hubris:ToyBattleship"},{"floor":9,"key":"ReplayFunnel"},{"floor":10,"key":"hubris:TenFootPole"},{"floor":23,"key":"Replay:Arrowhead"},{"floor":26,"key":"Grinning Jar"},{"floor":39,"key":"Ring of Panic"},{"floor":40,"key":"Gambling Chip"},{"floor":43,"key":"blackbeard:TreasureChest"}],"event_choices":[{"damage_healed":0,"gold_gain":100,"player_choice":"Pray","damage_taken":0,"max_hp_gain":0,"max_hp_loss":0,"event_name":"Golden Shrine","floor":2,"gold_loss":0},{"damage_healed":0,"gold_gain":0,"player_choice":"Entered Light","damage_taken":15,"max_hp_gain":0,"max_hp_loss":0,"event_name":"Shining Light","floor":5,"gold_loss":0,"cards_upgraded":["blackbeard:Cutlass","blackbeard:BlackbeardStrike"]},{"cards_removed":["blackbeard:BlackbeardStrike"],"damage_healed":0,"gold_gain":0,"player_choice":"Upgrade and Remove","damage_taken":0,"max_hp_gain":0,"max_hp_loss":0,"event_name":"Designer","floor":20,"gold_loss":90,"cards_upgraded":["blackbeard:BlackbeardDefend"]},{"cards_removed":["blackbeard:GoldenGuillotine"],"damage_healed":35,"gold_gain":0,"player_choice":"Offered Rare","damage_taken":0,"max_hp_gain":10,"max_hp_loss":0,"event_name":"Bonfire Elementals","floor":22,"gold_loss":0},{"damage_healed":0,"gold_gain":0,"player_choice":"Copied","damage_taken":0,"max_hp_gain":0,"max_hp_loss":0,"event_name":"Duplicator","floor":37,"gold_loss":0,"cards_obtained":["blackbeard:GoldenCannonball"]},{"damage_healed":0,"gold_gain":0,"player_choice":"Bought 1 Potion","damage_taken":0,"max_hp_gain":0,"max_hp_loss":0,"event_name":"The Woman in Blue","floor":44,"gold_loss":0}],"is_beta":false,"boss_relics":[{"not_picked":["Honey Jar","Ectoplasm"],"picked":"hubris:Stopwatch"},{"not_picked":["Tiny House","Replay:Drink Me"],"picked":"Velvet Choker"}],"items_purged_floors":[3,47],"is_endless":false,"potions_floor_spawned":[4,6,8,14,19,21,23,38,40,48],"killed_by":"Donu and Deca","ascension_level":0}}