{"host":"am0cr9xwekqmrere","time":1609228506,"event":{"mods":["AchievementEnabler","Act Like it!","BaseMod","Better Altar","Better Match","Better Note","Better Sensory Stone","Better Skull","Better Third Choice","BetterRewards","Conspire","Hubris","Infinite Spire","Minty Spire (QoL Compilation)","Rare Cards Sparkle","Spicy Shops","StSLib","The Marked","Unceasing Turn Reminder"],"gold_per_floor":[118,90,109,109,122,151,151,178,178,28,59,59,59,59,59,161,161,177,177,193,468,34,34,50,50,50,50,69,69,69,83,83,83,83],"floor_reached":33,"playtime":947,"items_purged":["Normality","Regret"],"score":361,"play_id":"987350d7-2553-4d81-bfd1-3b0aa9a8a0ed","local_time":"20201229015506","is_ascension_mode":false,"campfire_choices":[{"floor":7,"key":"REST"},{"floor":12,"key":"REST"},{"data":"Apotheosis","floor":15,"key":"SMITH"},{"data":"theMarked:HeritageOfTheMarked","floor":23,"key":"SMITH"},{"data":"theMarked:Defy","floor":25,"key":"SMITH"},{"floor":29,"key":"RECALL"},{"floor":32,"key":"REST"}],"circlet_count":0,"master_deck":["theMarked:Strike","theMarked:Strike","theMarked:Strike","theMarked:Strike","theMarked:Defend","theMarked:Defend","theMarked:Defend","theMarked:Defend","theMarked:SoldierOfQuellstein","Apotheosis+1","theMarked:HeightenedSenses","theMarked:EmpowerWeapon","theMarked:ResourceFulStrike","theMarked:MaelstromOfLightning","theMarked:BanishingWave","theMarked:Defy+1","theMarked:HeritageOfTheMarked+1","theMarked:Static","theMarked:Aftermath","hubris:Despair","infinitespire:Gouge","theMarked:SoldierForm","theMarked:BanishingStrike+1","theMarked:ChainLightning","theMarked:EternalStudent","infinitespire:SevenWalls","theMarked:LightningStrikesTwice"],"relics":["theMarked:BronzeBlade","Lee\u0027s Waffle","betterThird:SlimedRelic","conspire:DecoderRing","hubris:Metronome","Juzu Bracelet","Nloth\u0027s Gift","Darkstone Periapt","Medical Kit"],"acts_visited":["Exordium","TheCity"],"potions_floor_usage":[8,33,33,33],"damage_taken":[{"damage":0,"enemies":"2 Louse","floor":1,"turns":4},{"damage":17,"enemies":"Small Slimes","floor":3,"turns":4},{"damage":0,"enemies":"Cultist","floor":5,"turns":4},{"damage":29,"enemies":"Gremlin Nob","floor":6,"turns":4},{"damage":12,"enemies":"Lagavulin","floor":8,"turns":7},{"damage":23,"enemies":"Gremlin Nob","floor":11,"turns":4},{"damage":29,"enemies":"Hexaghost","floor":16,"turns":7},{"damage":4,"enemies":"3 Byrds","floor":18,"turns":3},{"damage":6,"enemies":"Chosen","floor":20,"turns":3},{"damage":10,"enemies":"Sentry and Sphere","floor":24,"turns":4},{"damage":15,"enemies":"Chosen and Byrds","floor":28,"turns":6},{"damage":2,"enemies":"Cultist and Chosen","floor":31,"turns":5},{"damage":82,"enemies":"Collector","floor":33,"turns":5}],"seed_played":"8087975454473701428","potions_obtained":[{"floor":1,"key":"SpeedPotion"},{"floor":6,"key":"DuplicationPotion"},{"floor":20,"key":"Block Potion"},{"floor":24,"key":"Block Potion"},{"floor":28,"key":"Ancient Potion"}],"is_trial":false,"path_per_floor":["M","?","M","?","M","E","R","E","T","$","E","R","?","?","R","B",null,"M","?","M","?","$","R","M","R","T","?","M","R","AVR","M","R","B"],"character_chosen":"THE_DEFAULT","items_purchased":["Lee\u0027s Waffle","Apotheosis","theMarked:HeightenedSenses","theMarked:HeritageOfTheMarked","theMarked:Static","Darkstone Periapt"],"campfire_rested":3,"item_purchase_floors":[0,0,0,10,10,22],"current_hp_per_floor":[77,66,49,49,49,20,43,31,31,31,8,31,54,54,54,25,77,73,73,67,67,67,67,57,57,57,57,42,42,42,40,63,0,0],"gold":83,"neow_bonus":"","is_daily":false,"chose_seed":false,"campfire_upgraded":3,"win_rate":0.0,"timestamp":1609228506,"path_taken":["M","?","M","?","M","E","R","E","T","$","E","R","?","?","R","BOSS","M","?","M","?","$","R","M","R","T","?","M","R","AVR","M","R","BOSS"],"items_purchased_type":["Relic","Card","Card","Card","Card","Relic"],"build_version":"2020-12-22","purchased_purges":2,"victory":false,"max_hp_per_floor":[77,77,77,77,77,77,77,77,77,77,77,77,77,77,77,77,77,77,77,77,77,77,77,77,77,77,77,77,77,77,77,77,77,77],"card_choices":[{"not_picked":["theMarked:ParalyzingBlade","theMarked:Electrocute"],"picked":"theMarked:EmpowerWeapon","floor":1},{"not_picked":["theMarked:DeterminationOfTheMarked","theMarked:TunnelVision"],"picked":"theMarked:ResourceFulStrike","floor":3},{"not_picked":["theMarked:CreepingChasm","theMarked:StartUp"],"picked":"theMarked:MaelstromOfLightning","floor":5},{"not_picked":["theMarked:EnhanceMovement","theMarked:ReduceFriction"],"picked":"theMarked:BanishingWave","floor":6},{"not_picked":["theMarked:SwordAndMagic","theMarked:WastefulAttack"],"picked":"theMarked:Defy","floor":8},{"not_picked":["theMarked:HeightenedSenses","theMarked:ElectricStrings"],"picked":"theMarked:Aftermath","floor":11},{"not_picked":["infinitespire:Execution","hubris:Rewind"],"picked":"infinitespire:Gouge","floor":14},{"not_picked":["theMarked:Levitate","theMarked:MuscleMemory"],"picked":"theMarked:SoldierForm","floor":16},{"not_picked":["theMarked:RepellingDischarge+1","theMarked:Indomitable"],"picked":"theMarked:BanishingStrike+1","floor":18},{"not_picked":["theMarked:HeightenedSenses+1","theMarked:WastefulAttack+1"],"picked":"theMarked:ChainLightning","floor":20},{"not_picked":["theMarked:WastefulAttack+1","theMarked:Parkour+1","theMarked:ChainLightning+1"],"picked":"SKIP","floor":24},{"not_picked":["theMarked:BanishingStrike","theMarked:ElectricStrings"],"picked":"theMarked:EternalStudent","floor":28},{"not_picked":["theMarked:Panic","theMarked:Improvise"],"picked":"theMarked:LightningStrikesTwice","floor":31}],"player_experience":2529514,"relics_obtained":[{"floor":6,"key":"conspire:DecoderRing"},{"floor":8,"key":"hubris:Metronome"},{"floor":9,"key":"infinitespire:Bottled Soul"},{"floor":11,"key":"Juzu Bracelet"}],"event_choices":[{"damage_healed":0,"gold_gain":0,"player_choice":"Slimed","damage_taken":11,"max_hp_gain":0,"max_hp_loss":0,"event_name":"betterThird:BetterGoop","floor":2,"gold_loss":28},{"cards_removed":["theMarked:Strike"],"damage_healed":0,"gold_gain":0,"player_choice":"Offered Basic","damage_taken":0,"max_hp_gain":0,"max_hp_loss":0,"event_name":"Bonfire Elementals","floor":4,"gold_loss":0},{"damage_healed":0,"gold_gain":0,"player_choice":"Traded Relic","damage_taken":0,"relics_obtained":["Nloth\u0027s Gift"],"max_hp_gain":0,"max_hp_loss":0,"event_name":"N\u0027loth","floor":19,"relics_lost":["infinitespire:Bottled Soul"],"gold_loss":0},{"damage_healed":0,"gold_gain":275,"player_choice":"Desecrate","damage_taken":0,"max_hp_gain":0,"max_hp_loss":0,"event_name":"Golden Shrine","floor":21,"gold_loss":0,"cards_obtained":["Regret"]},{"damage_healed":0,"gold_gain":0,"player_choice":"Bought 0 Potions","damage_taken":0,"max_hp_gain":0,"max_hp_loss":0,"event_name":"The Woman in Blue","floor":27,"gold_loss":0}],"is_beta":false,"boss_relics":[{"not_picked":["SlaversCollar","SacredBark"],"picked":"theMarked:BronzeBlade"}],"items_purged_floors":[22,22],"is_endless":false,"potions_floor_spawned":[1,6,20,24,28],"killed_by":"Collector","ascension_level":0}}