{"host":"hgkb2zpbo2dcws21","time":1609244938,"event":{"mods":["AchievementEnabler","BaseMod","Colored Map","Colored Powertips","Custom Start","DeckTracker","KOR Keyword Fix","Minty Spire (QoL Compilation)","Relic Stats","StSLib","SuperFastMode"],"gold_per_floor":[118,130,130,130,144,171,186,186,186,186,186,212,137,169,169,243,243,255,255,255,41,54,89,89,123,123,123,143,143,176,88,88,160,160,176,176,13,28,47,47,82,82,82,82,115,126,140,140,140,140,140],"floor_reached":50,"playtime":1202,"items_purged":["Strike_P","Strike_P+1"],"score":1247,"play_id":"2f11f68f-b216-47dd-916d-7b75b1e9ca01","local_time":"20201229212858","is_ascension_mode":true,"campfire_choices":[{"data":"Tantrum","floor":8,"key":"SMITH"},{"floor":10,"key":"REST"},{"data":"TalkToTheHand","floor":15,"key":"SMITH"},{"data":"Adaptation","floor":24,"key":"SMITH"},{"floor":27,"key":"REST"},{"floor":32,"key":"REST"},{"data":"Meditate","floor":40,"key":"SMITH"},{"data":"Adaptation","floor":42,"key":"SMITH"},{"data":"InnerPeace","floor":44,"key":"SMITH"},{"floor":49,"key":"REST"}],"circlet_count":0,"master_deck":["AscendersBane","Strike_P+1","Defend_P+1","Defend_P+1","Eruption+1","Vigilance","Tantrum+1","TalkToTheHand+1","Adaptation+1","InnerPeace+1","Scrawl+1","Meditate+1","Adaptation+1"],"relics":["PureWater","Nunchaku","Kunai","StrikeDummy","Centennial Puzzle","Philosopher\u0027s Stone","Medical Kit","Whetstone","Omamori","Blue Candle","MawBank","Empty Cage","Membership Card","Pantograph","The Courier","InkBottle"],"acts_visited":["Exordium","TheCity","TheBeyond"],"potions_floor_usage":[6,16,25,25,41],"damage_taken":[{"damage":0,"enemies":"Small Slimes","floor":1,"turns":2},{"damage":3,"enemies":"2 Louse","floor":2,"turns":3},{"damage":19,"enemies":"Jaw Worm","floor":5,"turns":2},{"damage":17,"enemies":"3 Sentries","floor":6,"turns":4},{"damage":0,"enemies":"Looter","floor":7,"turns":1},{"damage":0,"enemies":"Gremlin Nob","floor":12,"turns":2},{"damage":3,"enemies":"Lagavulin","floor":14,"turns":3},{"damage":16,"enemies":"Slime Boss","floor":16,"turns":5},{"damage":6,"enemies":"Shell Parasite","floor":18,"turns":3},{"damage":0,"enemies":"Chosen","floor":22,"turns":2},{"damage":16,"enemies":"Gremlin Leader","floor":23,"turns":4},{"damage":32,"enemies":"Slavers","floor":25,"turns":4},{"damage":14,"enemies":"Snake Plant","floor":28,"turns":3},{"damage":1,"enemies":"Gremlin Leader","floor":30,"turns":3},{"damage":22,"enemies":"Automaton","floor":33,"turns":5},{"damage":6,"enemies":"Orb Walker","floor":35,"turns":2},{"damage":0,"enemies":"3 Shapes","floor":38,"turns":2},{"damage":0,"enemies":"Spire Growth","floor":39,"turns":3},{"damage":0,"enemies":"Giant Head","floor":41,"turns":6},{"damage":8,"enemies":"Nemesis","floor":45,"turns":3},{"damage":0,"enemies":"3 Darklings","floor":46,"turns":2},{"damage":5,"enemies":"Jaw Worm Horde","floor":47,"turns":2},{"damage":75,"enemies":"Time Eater","floor":50,"turns":7}],"seed_played":"2936765876532053528","potions_obtained":[{"floor":1,"key":"ColorlessPotion"},{"floor":5,"key":"ColorlessPotion"},{"floor":6,"key":"Block Potion"},{"floor":16,"key":"GamblersBrew"},{"floor":30,"key":"Explosive Potion"},{"floor":33,"key":"BlessingOfTheForge"},{"floor":38,"key":"AttackPotion"},{"floor":41,"key":"Ancient Potion"}],"is_trial":false,"path_per_floor":["M","M","?","?","M","E","M","R","T","R","?","E","$","E","R","B",null,"M","?","?","$","M","E","R","E","T","R","M","?","E","$","R","B",null,"M","?","$","M","M","R","E","R","T","R","E","M","M","?","R","B"],"character_chosen":"WATCHER","items_purchased":["Medical Kit","InnerPeace","Membership Card"],"campfire_rested":4,"item_purchase_floors":[21,21,37],"current_hp_per_floor":[61,58,63,63,44,27,27,27,27,48,48,48,48,45,45,29,62,56,56,56,56,56,40,40,8,8,29,15,15,14,14,35,13,58,52,42,42,42,42,42,42,42,42,42,34,34,29,29,50,0,0],"gold":140,"neow_bonus":"REMOVE_CARD","is_daily":false,"chose_seed":false,"campfire_upgraded":6,"win_rate":0.0,"timestamp":1609244938,"path_taken":["M","M","?","?","M","E","M","R","T","R","?","E","?","E","R","BOSS","M","?","?","?","M","E","R","E","T","R","M","?","E","$","R","BOSS","M","?","$","M","M","R","E","R","T","R","E","M","M","?","R","BOSS"],"items_purchased_type":["Relic","Card","Relic"],"build_version":"2020-12-22","purchased_purges":2,"victory":false,"max_hp_per_floor":[68,68,73,73,73,73,73,73,73,73,73,73,73,73,73,73,73,73,73,73,73,73,73,73,73,73,73,73,73,73,73,73,73,73,73,73,73,73,73,73,73,73,73,73,73,73,73,73,73,73,73],"relic_stats":{"Nunchaku":[25],"Centennial Puzzle":[33],"counters":[23,73],"Blue Candle":[2],"Pantograph":23,"Kunai":[65],"Whetstone":["WheelKick"],"Medical Kit":[4],"MawBank":12,"obtain_stats":[{"Blue Candle":26,"The Courier":43,"Omamori":25,"Whetstone":23,"Medical Kit":21,"MawBank":30,"Empty Cage":34,"Nunchaku":6,"Centennial Puzzle":14,"Pantograph":41,"Philosopher\u0027s Stone":17,"Kunai":9,"Membership Card":37,"PureWater":0,"StrikeDummy":12,"InkBottle":45},{"Blue Candle":12,"The Courier":19,"Omamori":12,"Whetstone":11,"Medical Kit":9,"MawBank":14,"Empty Cage":15,"Nunchaku":4,"Centennial Puzzle":7,"Pantograph":19,"Philosopher\u0027s Stone":8,"Kunai":5,"Membership Card":16,"PureWater":0,"StrikeDummy":6,"InkBottle":20},{"Blue Candle":35,"The Courier":59,"Omamori":35,"Whetstone":31,"Medical Kit":25,"MawBank":41,"Empty Cage":46,"Nunchaku":11,"Centennial Puzzle":17,"Pantograph":59,"Philosopher\u0027s Stone":22,"Kunai":12,"Membership Card":48,"PureWater":0,"StrikeDummy":14,"InkBottle":62}],"InkBottle":[9]},"card_choices":[{"not_picked":["WaveOfTheHand","CarveReality"],"picked":"WheelKick","floor":1},{"not_picked":["Halt","CrushJoints","Protect"],"picked":"SKIP","floor":2},{"not_picked":["EmptyFist","JustLucky"],"picked":"Tantrum","floor":5},{"not_picked":["EmptyMind","CrushJoints"],"picked":"TalkToTheHand","floor":6},{"not_picked":["WheelKick","Worship","FollowUp"],"picked":"SKIP","floor":7},{"not_picked":["Consecrate","Worship","FlyingSleeves"],"picked":"SKIP","floor":12},{"not_picked":["Evaluate","CrushJoints","FollowUp"],"picked":"SKIP","floor":14},{"not_picked":["JustLucky","EmptyBody","Conclude"],"picked":"SKIP","floor":18},{"not_picked":["ForeignInfluence","Nirvana","FlyingSleeves+1"],"picked":"SKIP","floor":22},{"not_picked":["ForeignInfluence","Nirvana","FlyingSleeves+1"],"picked":"SKIP","floor":22},{"not_picked":["Wireheading","Pray","EmptyBody"],"picked":"SKIP","floor":23},{"not_picked":["Fasting2","ThirdEye","Conclude"],"picked":"SKIP","floor":25},{"not_picked":["Halt","Wireheading"],"picked":"Scrawl","floor":28},{"not_picked":["Collect","ThirdEye+1"],"picked":"Meditate","floor":30},{"not_picked":["Meditate","CrushJoints","BowlingBash"],"picked":"SKIP","floor":35},{"not_picked":["Consecrate","Protect"],"picked":"Adaptation","floor":38},{"not_picked":["FlyingSleeves","EmptyBody","Crescendo"],"picked":"SKIP","floor":39},{"not_picked":["InnerPeace","Protect","JustLucky"],"picked":"SKIP","floor":41},{"not_picked":["WreathOfFlame","Conclude","WindmillStrike+1"],"picked":"SKIP","floor":45},{"not_picked":["Vengeance","Adaptation","EmptyFist"],"picked":"SKIP","floor":46},{"not_picked":["CrushJoints","BowlingBash","EmptyBody"],"picked":"SKIP","floor":47}],"player_experience":1116823,"relics_obtained":[{"floor":6,"key":"Nunchaku"},{"floor":9,"key":"Kunai"},{"floor":12,"key":"StrikeDummy"},{"floor":14,"key":"Centennial Puzzle"},{"floor":23,"key":"Whetstone"},{"floor":25,"key":"Omamori"},{"floor":26,"key":"Blue Candle"},{"floor":30,"key":"MawBank"},{"floor":41,"key":"Pantograph"},{"floor":43,"key":"The Courier"},{"floor":45,"key":"InkBottle"}],"event_choices":[{"damage_healed":0,"gold_gain":0,"player_choice":"Donut","damage_taken":0,"max_hp_gain":5,"max_hp_loss":0,"event_name":"Big Fish","floor":3,"gold_loss":0},{"damage_healed":0,"gold_gain":0,"player_choice":"Grow","damage_taken":0,"max_hp_gain":0,"max_hp_loss":0,"event_name":"Living Wall","floor":4,"gold_loss":0,"cards_upgraded":["Eruption"]},{"damage_healed":0,"gold_gain":0,"player_choice":"Ignored","damage_taken":0,"max_hp_gain":0,"max_hp_loss":0,"event_name":"Liars Game","floor":11,"gold_loss":0},{"damage_healed":0,"gold_gain":0,"player_choice":"Read","damage_taken":0,"max_hp_gain":0,"max_hp_loss":0,"event_name":"The Library","floor":19,"gold_loss":0,"cards_obtained":["Adaptation"]},{"damage_healed":0,"gold_gain":0,"player_choice":"Simplicity","damage_taken":0,"max_hp_gain":0,"max_hp_loss":0,"event_name":"Back to Basics","floor":20,"gold_loss":0,"cards_upgraded":["Strike_P","Strike_P","Strike_P","Defend_P","Defend_P","Defend_P"]},{"damage_healed":0,"gold_gain":0,"player_choice":"Forge","damage_taken":0,"max_hp_gain":0,"max_hp_loss":0,"event_name":"Accursed Blacksmith","floor":29,"gold_loss":0,"cards_upgraded":["Scrawl"]},{"damage_healed":0,"gold_gain":0,"player_choice":"Memory 3","damage_taken":10,"max_hp_gain":0,"max_hp_loss":0,"event_name":"SensoryStone","floor":36,"gold_loss":0},{"cards_removed":["WheelKick"],"damage_healed":0,"gold_gain":0,"player_choice":"Purged","damage_taken":0,"max_hp_gain":0,"max_hp_loss":0,"event_name":"Purifier","floor":48,"gold_loss":0}],"is_beta":false,"boss_relics":[{"not_picked":["Calling Bell","Velvet Choker"],"picked":"Philosopher\u0027s Stone"},{"not_picked":["Busted Crown","Runic Pyramid"],"picked":"Empty Cage"}],"items_purged_floors":[13,31],"is_endless":false,"potions_floor_spawned":[1,5,6,16,22,23,30,33,38,41,47],"killed_by":"Time Eater","ascension_level":17}}