{"host":"uhhucka17mqeuzwb","time":1609238104,"event":{"mods":["2.2 Compatiblity","AchievementEnabler","Act Like it!","Astrologer","BaseMod","Better Altar","Better Skull","Colored Powertips","Defuse TimeMaze Blight","Downfall","Energized Spire","Faster Ascension Climbing","Friendly Minions","Gensokyo","GifTheSpireLib","Gremlin Mod","Gremlin Skip","Hallownest","Hermit","HololiveMod","KinomotoSakuraMod(????)","Lobotomy","Marisa????????","Minty Spire (QoL Compilation)","Quick Restart","Red Circlet Mod","Replay The Spire","Reworked Bosses","Shade Mod","Shop Mod","StSLib","The Administrix","The Animator","The Blue Laboratory","The Bug Knight","The Cursed","The Factory","The Forsaken","The Necromancer","Waifu the Spire"],"gold_per_floor":[76,94,194,114,125,152,152,152,152,152,82,82,117,232,232,328,328,345,363,39,139,52,52,52,70,120,452,452,480,480,495,495,598,598,613,613,613,389,389,389,400,400,410,410,433,458,473,504,504,523,523,523],"floor_reached":53,"playtime":8457,"items_purged":["Hololive_Trident"],"score":1209,"play_id":"c104ffa9-bebb-4886-a5e2-d6cdce08acab","local_time":"20201229053504","is_ascension_mode":false,"campfire_choices":[{"data":"Hololive_Breathe","floor":7.0,"key":"SMITH"},{"data":"Hololive_LuckPotion","floor":10.0,"key":"SMITH"},{"data":"Hololive_LuckPotion","floor":23.0,"key":"SMITH"},{"data":"Hololive_Breathe","floor":28.0,"key":"SMITH"},{"data":"Hololive_StrengthChampion","floor":32.0,"key":"SMITH"},{"data":"Hololive_StrengthChampion+1","floor":42,"key":"SMITH"},{"data":"Hololive_StrengthChampion+2","floor":44,"key":"SMITH"},{"data":"Hololive_StrengthChampion+3","floor":49,"key":"SMITH"},{"data":"Hololive_StrengthChampion+4","floor":51,"key":"SMITH"}],"circlet_count":0,"master_deck":["Hololive_Strike","Hololive_Strike+1","Hololive_Strike","Hololive_Strike","Hololive_Defend+1","Hololive_Defend","Hololive_Defend","Hololive_Defend","Hololive_LuckPotion+1","Bloodbath","Hololive_CallMomosuzuNene+5","Hololive_Breathe+1","UniverseFragment","Hololive_FlyingPonyTail+1","Hololive_StrengthChampion+5","Hololive_DurableLive","OSAHOGD","RedShoes","Hololive_DurableLive","Hololive_CandyCastle","Hololive_LuckPotion+1","LittleHelper","Hololive_Teleport+1","Hololive_StarCraft","Hololive_HuntDinosaur+1","Hololive_Rebound+1","Hololive_Breathe+1","Hololive_FlyingPonyTail+1","Hololive_Thief","Wellcheers","Hololive_ILoveYou+1","Hololive_AWSL","Hololive_LuckPotion+1","Hololive_OvertimeWork+1","Hololive_FlyingPonyTail"],"relics":["Hololive_TheStar","Hololive_Peko","CogitoBucket","Juzu Bracelet","Mirror","Nunchaku","Akabeko","Sozu","Iron Hammer","energizedSpire:NeverEndingSparkler","Durian","HellTrain","MerchantsRug","Medical Kit","Prayer Wheel","Mango","Dream Catcher","Old Coin","Happy Flower","Pen Nib","Kunai","Theresia","Busted Crown","ClockworkSouvenir","Toy Ornithopter","Centennial Puzzle","AtMidnight","TreeSap","Snack Pack"],"acts_visited":["Gensokyo:Gensokyo","Gensokyo:Gensokyoer","Gensokyo:Gensokyoest"],"potions_floor_usage":[],"damage_taken":[{"damage":0.0,"enemies":"Gensokyo:Gryphon","floor":1.0,"turns":3.0},{"damage":0.0,"enemies":"Gensokyo:3_Fairies","floor":2.0,"turns":4.0},{"damage":0.0,"enemies":"Gensokyo:Python","floor":5.0,"turns":3.0},{"damage":0.0,"enemies":"Gensokyo:Cirno","floor":6.0,"turns":7.0},{"damage":0.0,"enemies":"Gensokyo:Mamizou","floor":13.0,"turns":4.0},{"damage":0.0,"enemies":"Gensokyo:Yukari","floor":16.0,"turns":5.0},{"damage":0.0,"enemies":"Gensokyo:AngelMirror","floor":18.0,"turns":3.0},{"damage":0.0,"enemies":"Gensokyo:3_Dogs","floor":19.0,"turns":4.0},{"damage":0.0,"enemies":"Gensokyo:3_Dogs","floor":21.0,"turns":7.0},{"damage":0.0,"enemies":"Gensokyo:Wraith","floor":25.0,"turns":3.0},{"damage":0.0,"enemies":"Gensokyo:Reisen","floor":27.0,"turns":6.0},{"damage":0.0,"enemies":"Gensokyo:Koishi","floor":29.0,"turns":6.0},{"damage":0.0,"enemies":"Gensokyo:Swordslinger","floor":31.0,"turns":5.0},{"damage":0.0,"enemies":"Gensokyo:Eiki","floor":33.0,"turns":6.0},{"damage":0.0,"enemies":"Gensokyo:AncientGuardian","floor":35.0,"turns":4.0},{"damage":0,"enemies":"Gensokyo:3_Bats","floor":41,"turns":4},{"damage":0,"enemies":"Gensokyo:Rafflesia","floor":43,"turns":4},{"damage":0,"enemies":"Gensokyo:Doremy","floor":46,"turns":4},{"damage":4,"enemies":"Gensokyo:3_Boulders","floor":47,"turns":6},{"damage":2,"enemies":"Gensokyo:Marisa","floor":48,"turns":5},{"damage":0,"enemies":"Gensokyo:Sharpion","floor":50,"turns":3},{"damage":0,"enemies":"Gensokyo:Scarlet_Devils","floor":52,"turns":9},{"damage":15,"enemies":"Malkuth","floor":53,"turns":8},{"damage":65,"enemies":"Yesod","floor":53,"turns":10}],"seed_played":"8232170663055052988","potions_obtained":[{"floor":1.0,"key":"blueLaboratory:ArtificerPotion"},{"floor":2.0,"key":"blueLaboratory:TrueEctoplasm"}],"is_trial":false,"path_per_floor":["M","M","?","COS","M","E","R","?","T","R","?","T","E","?","R","B",null,"M","M","$","?","COS","R","?","M","T","E","R","E","?","M","R","B",null,"M","?","?","$","PTL","PTL","M","R","M","R","T","E","M","E","R","M","R","B",null],"character_chosen":"Hololive_HololiveCharacter","items_purchased":["MerchantsRug","Medical Kit","Hololive_CandyCastle","Hololive_LuckPotion","ClockworkSouvenir"],"campfire_rested":0,"item_purchase_floors":[20,20,20,20,38],"current_hp_per_floor":[35,35,35,35,35,35,35,28,28,28,28,28,29,10,20,21,35,40,40,40,54,54,54,54,54,54,54,54,54,54,54,54,54,54,54,54,54,54,54,54,54,54,55,55,55,56,54,57,57,59,59,60],"gold":523,"neow_bonus":"","is_daily":false,"chose_seed":false,"campfire_upgraded":9,"win_rate":0.0,"timestamp":1609238104,"path_taken":["M","M","?","COS","M","E","R","?","T","R","?","?","E","?","R","BOSS","M","M","$","?","COS","R","?","M","T","E","R","E","?","M","R","BOSS","M","?","?","$","PTL","PTL","M","R","M","R","T","E","M","E","R","M","R","BOSS"],"items_purchased_type":["Relic","Relic","Card","Card","Relic"],"build_version":"2020-12-22","purchased_purges":1,"victory":true,"max_hp_per_floor":[35,35,35,35,35,35,35,35,35,35,35,35,35,35,35,35,35,40,40,40,54,54,54,54,54,54,54,54,54,54,54,54,54,54,54,54,54,54,54,54,54,54,55,55,55,56,57,58,58,59,59,60],"card_choices":[{"not_picked":["OldLady","VoidDream"],"picked":"Bloodbath","floor":1.0},{"not_picked":["Hololive_FlyingPonyTail","Hololive_CallShirakamiFubuki","Hololive_CallUsadaPekora"],"picked":"Hololive_CallMomosuzuNene","floor":1.0},{"not_picked":["Scarecrow","MeatLantern","MHz"],"picked":"Singing Bowl","floor":2.0},{"not_picked":["VoidDream","DespairKnight"],"picked":"MeatLantern","floor":2.0},{"not_picked":["Hololive_Sequa","Hololive_CallHimemoriLuna","Hololive_CallHoushouMarine"],"picked":"Hololive_Breathe","floor":2.0},{"not_picked":["HappyTeddy","SnowQueen"],"picked":"UniverseFragment","floor":5.0},{"not_picked":["Hololive_CallKiryuuCoco","Hololive_RevenueBasedLive","Hololive_StarCraft"],"picked":"Hololive_FlyingPonyTail","floor":5.0},{"not_picked":["SnowQueen","DespairKnight","Rudolta"],"picked":"Singing Bowl","floor":6.0},{"not_picked":["Hololive_Rebound","Hololive_CocoNews","Hololive_CallHimemoriLuna"],"picked":"Hololive_FlyingPonyTail","floor":6.0},{"not_picked":["WallGazer","CherryBlossoms","OldLady"],"picked":"Singing Bowl","floor":13.0},{"not_picked":["Hololive_FlyingPonyTail","Hololive_LuckPotion","Hololive_CallFriendA"],"picked":"Hololive_StrengthChampion","floor":13.0},{"not_picked":["OldLady","Murderer"],"picked":"Wellcheers","floor":16.0},{"not_picked":["Hololive_FlareMind","Hololive_HighAtkLowDef","Hololive_Recruit"],"picked":"Hololive_DurableLive","floor":16.0},{"not_picked":["VoidDream","CherryBlossoms"],"picked":"OSAHOGD","floor":18.0},{"not_picked":["Hololive_Trident","Hololive_CocoNews","Hololive_CallOmaruPolka","Hololive_RevenueBasedLive"],"picked":"SKIP","floor":18.0},{"not_picked":["Freischutz","Mercenary"],"picked":"RedShoes","floor":19.0},{"not_picked":["Hololive_CallSakuraMiko+1","Hololive_Drill+1","Hololive_Rebound"],"picked":"Hololive_DurableLive","floor":19.0},{"not_picked":["FairyFestival","Rudolta","QueenOfHatred"],"picked":"Singing Bowl","floor":21.0},{"not_picked":["CENSORED","DespairKnight"],"picked":"LittleHelper","floor":21.0},{"not_picked":["Hololive_RevenueBasedLive+1","Hololive_Drill+1","Hololive_FlyingPonyTail"],"picked":"Hololive_Teleport+1","floor":21.0},{"not_picked":["SilentOrchestra","Murderer","FairyFestival"],"picked":"Singing Bowl","floor":25.0},{"not_picked":["Hololive_CocoNews","Hololive_StrengthChampion","Hololive_FlyingPonyTail"],"picked":"Hololive_HuntDinosaur+1","floor":25.0},{"not_picked":["Hololive_Sequa","Hololive_LuckPotion","Hololive_OvertimeWork"],"picked":"Hololive_Rebound+1","floor":25.0},{"not_picked":["BlueStar","DreamingCurrent","Murderer"],"picked":"Singing Bowl","floor":27.0},{"not_picked":["Hololive_OvertimeWork","Hololive_Trident","Hololive_CallUruhaRushia"],"picked":"Hololive_Breathe","floor":27.0},{"not_picked":["Alriune","SilentOrchestra","BigBadWolf"],"picked":"Singing Bowl","floor":29.0},{"not_picked":["Hololive_CallNekomataOkayu+1","Hololive_Psychosis","Hololive_CallAkiRosenthal+1"],"picked":"Hololive_FlyingPonyTail+1","floor":29.0},{"not_picked":["CrumblingArmor","LaLuna","Porccubus"],"picked":"Singing Bowl","floor":31.0},{"not_picked":["Hololive_CallYukihanaLamy","Hololive_CallTokoyamiTowa","Hololive_CallSpadeEcho","Hololive_CallAkiRosenthal"],"picked":"SKIP","floor":31.0},{"not_picked":["Hololive_LuckPotion","Hololive_Drill","Hololive_CocoNews+1","Hololive_RevenueBasedLive+1"],"picked":"SKIP","floor":31.0},{"not_picked":["Variant","HeroicMonk","Yin"],"picked":"Singing Bowl","floor":33.0},{"not_picked":["Hololive_Nanodesu","Hololive_DiamondStrike","Hololive_FlareMind"],"picked":"Hololive_Thief","floor":33.0},{"not_picked":["CrumblingArmor","SpiderBud"],"picked":"Wellcheers","floor":35.0},{"not_picked":["Hololive_Sequa+1"],"picked":"Hololive_ILoveYou+1","floor":35.0},{"not_picked":["Hololive_Trident+1","Hololive_CallAyundaRisu"],"picked":"SKIP","floor":35.0},{"not_picked":["BlueStar","WhitesApple","SilentOrchestra"],"picked":"Singing Bowl","floor":41},{"not_picked":["Hololive_CocoNews"],"picked":"Hololive_LuckPotion+1","floor":41},{"not_picked":["Hololive_CallSpadeEcho+1","Hololive_Psychosis"],"picked":"SKIP","floor":41},{"not_picked":["Woodsman","HeroicMonk","Funeral"],"picked":"Singing Bowl","floor":43},{"not_picked":["Hololive_Drill+1"],"picked":"Hololive_OvertimeWork+1","floor":43},{"not_picked":["Hololive_OvertimeWork","Hololive_Teleport+1"],"picked":"SKIP","floor":43},{"not_picked":["FieryBird","HeroicMonk","HappyTeddy"],"picked":"Singing Bowl","floor":46},{"not_picked":["Hololive_RevenueBasedLive+1","Hololive_DiamondStrike"],"picked":"SKIP","floor":46},{"not_picked":["BigBadWolf","NothingThere","LaLuna"],"picked":"Singing Bowl","floor":47},{"not_picked":["Hololive_HuntDinosaur"],"picked":"Hololive_FlyingPonyTail","floor":47},{"not_picked":["Hololive_OvertimeWork","Hololive_Drill"],"picked":"SKIP","floor":47},{"not_picked":["PunishingBird","BlueStar","Woodsman"],"picked":"Singing Bowl","floor":48},{"not_picked":["Hololive_StrengthChampion+1","Hololive_CallAyundaRisu"],"picked":"SKIP","floor":48},{"not_picked":["Hololive_RevenueBasedLive","Hololive_Drill"],"picked":"SKIP","floor":50},{"not_picked":["Hololive_CallRosalyn+1","Hololive_WolfAndLamb"],"picked":"SKIP","floor":50}],"player_experience":1072629,"relics_obtained":[{"floor":6.0,"key":"Mirror"},{"floor":9.0,"key":"Akabeko"},{"floor":12.0,"key":"Juzu Bracelet"},{"floor":13.0,"key":"Iron Hammer"},{"floor":21.0,"key":"Prayer Wheel"},{"floor":21.0,"key":"Mango"},{"floor":26.0,"key":"Dream Catcher"},{"floor":27.0,"key":"Old Coin"},{"floor":29.0,"key":"Kunai"},{"floor":45,"key":"Toy Ornithopter"},{"floor":46,"key":"Centennial Puzzle"},{"floor":47,"key":"AtMidnight"},{"floor":48,"key":"Snack Pack"}],"event_choices":[{"damage_healed":0.0,"max_hp_gain":0.0,"max_hp_loss":0.0,"gold_gain":115.0,"event_name":"betterSkull:BetterSkull","player_choice":"UP UP GO ","floor":14.0,"gold_loss":0.0,"damage_taken":24.0,"cards_upgraded":["Hololive_Defend","Hololive_FlyingPonyTail"],"relics_obtained":[]}],"is_beta":false,"boss_relics":[{"not_picked":["Cursed Key","Runic Pyramid"],"picked":"energizedSpire:NeverEndingSparkler"},{"not_picked":["Replay:Ancient Bell","Replay:Bronze Core"],"picked":"Busted Crown"}],"items_purged_floors":[38],"is_endless":false,"potions_floor_spawned":[1,2,13,16,19,27,33,43,46,50],"ascension_level":0}}