{"host":"8qb550oiisecbnz6","time":1609279803,"event":{"mods":["AchievementEnabler","BaseMod","Colored Map","Colored Powertips","Minty Spire (QoL Compilation)","Quick Restart","StSLib"],"gold_per_floor":[112,125,33,44,57,86,102,117,117,134,160,179,179,199,199,199,199],"floor_reached":16,"playtime":918,"items_purged":[],"score":148,"play_id":"195a31c2-035a-459f-8a9e-057573f963a0","local_time":"20201229231003","is_ascension_mode":true,"campfire_choices":[{"data":"Iron Wave","floor":13,"key":"SMITH"},{"data":"Demon Form","floor":15,"key":"SMITH"}],"circlet_count":0,"master_deck":["Strike_R","Strike_R","Strike_R","Strike_R","Defend_R","Defend_R","Defend_R","Defend_R+1","Bash","Iron Wave+1","Pommel Strike","Bandage Up+1","Twin Strike","Inflame","Demon Form+1","Cleave","Twin Strike"],"relics":["Burning Blood","Ancient Tea Set","War Paint","Toxic Egg 2"],"acts_visited":["Exordium"],"potions_floor_usage":[6,10,16,16,16],"damage_taken":[{"damage":15,"enemies":"Cultist","floor":1,"turns":5},{"damage":4,"enemies":"Jaw Worm","floor":2,"turns":5},{"damage":1,"enemies":"2 Louse","floor":4,"turns":3},{"damage":21,"enemies":"Large Slime","floor":5,"turns":6},{"damage":40,"enemies":"Lagavulin","floor":6,"turns":9},{"damage":11,"enemies":"3 Louse","floor":7,"turns":3},{"damage":15,"enemies":"2 Fungi Beasts","floor":8,"turns":3},{"damage":10,"enemies":"Exordium Thugs","floor":10,"turns":5},{"damage":27,"enemies":"3 Sentries","floor":11,"turns":6},{"damage":0,"enemies":"Large Slime","floor":12,"turns":4},{"damage":0,"enemies":"3 Louse","floor":14,"turns":3},{"damage":36,"enemies":"The Guardian","floor":16,"turns":7}],"seed_played":"-808119445845441559","potions_obtained":[{"floor":2,"key":"Block Potion"},{"floor":7,"key":"PowerPotion"},{"floor":8,"key":"Fruit Juice"},{"floor":11,"key":"GamblersBrew"},{"floor":12,"key":"DuplicationPotion"},{"floor":14,"key":"LiquidBronze"}],"is_trial":false,"path_per_floor":["M","M","$","M","M","E","M","M","T","M","E","M","R","M","R","B"],"character_chosen":"IRONCLAD","items_purchased":["Bandage Up"],"campfire_rested":0,"item_purchase_floors":[3],"current_hp_per_floor":[71,73,73,80,69,39,38,33,33,40,25,37,37,43,43,13,13],"gold":199,"neow_bonus":"REMOVE_CARD","is_daily":false,"chose_seed":false,"campfire_upgraded":2,"win_rate":0.0,"timestamp":1609279803,"path_taken":["M","M","$","M","M","E","M","M","T","M","E","M","R","M","R","BOSS"],"items_purchased_type":["Card"],"build_version":"2020-12-22","purchased_purges":0,"victory":false,"max_hp_per_floor":[80,80,80,80,80,80,80,80,80,85,85,85,85,85,85,85,85],"card_choices":[{"not_picked":["Havoc","Rupture"],"picked":"Iron Wave","floor":1},{"not_picked":["Havoc","Second Wind"],"picked":"Pommel Strike","floor":2},{"not_picked":["Blood for Blood","Thunderclap"],"picked":"Twin Strike","floor":4},{"not_picked":["Heavy Blade","Wild Strike"],"picked":"Inflame","floor":5},{"not_picked":["Armaments","Spot Weakness"],"picked":"Demon Form","floor":6},{"not_picked":["Metallicize","Power Through"],"picked":"Cleave","floor":7},{"not_picked":["Clash","Clothesline"],"picked":"Twin Strike","floor":8},{"not_picked":["Twin Strike","Pommel Strike","Cleave"],"picked":"SKIP","floor":10},{"not_picked":["Heavy Blade","True Grit+1","Flex+1"],"picked":"SKIP","floor":11},{"not_picked":["Heavy Blade","Sword Boomerang","Berserk"],"picked":"SKIP","floor":12},{"not_picked":["Flex+1","Twin Strike","Searing Blow"],"picked":"SKIP","floor":14}],"player_experience":419161,"relics_obtained":[{"floor":6,"key":"Ancient Tea Set"},{"floor":9,"key":"War Paint"},{"floor":11,"key":"Toxic Egg 2"}],"event_choices":[],"is_beta":false,"boss_relics":[],"items_purged_floors":[],"is_endless":false,"potions_floor_spawned":[2,7,8,11,12,14],"killed_by":"The Guardian","ascension_level":5}}