{"host":"sc0o2qwpf9j16a4i","time":1609235418,"event":{"mods":["AchievementEnabler","BaseMod","BetterRewards","Block Reminder","Colored Map","Colored Powertips","Custom Start","Highlight Path","Minty Spire (QoL Compilation)","Relic Stats"],"gold_per_floor":[116,22,42,61,61,88,101,101,177,208,228,62,77,91,91,166,166,176,22,22,35,35,35,67,67,118,118,136,136,164,179,179,255,255,269,6,22,32,32,32,32,32],"floor_reached":41,"playtime":2089,"items_purged":["Strike_R","Strike_R"],"score":1282,"play_id":"cc807d28-8679-41a5-ac8d-a7900bf6ae59","local_time":"20201229115018","is_ascension_mode":true,"campfire_choices":[{"data":"Metallicize","floor":8.0,"key":"SMITH"},{"data":"Uppercut","floor":15.0,"key":"SMITH"},{"data":"Barricade","floor":23.0,"key":"SMITH"},{"data":"Offering","floor":25,"key":"SMITH"},{"data":"Body Slam","floor":29,"key":"SMITH"},{"data":"Spot Weakness","floor":32,"key":"SMITH"},{"floor":40,"key":"RECALL"}],"circlet_count":0,"master_deck":["AscendersBane","Strike_R","Strike_R","Strike_R","Defend_R+1","Defend_R","Defend_R","Defend_R","Bash","Feel No Pain","Metallicize+1","Body Slam+1","Clothesline","Shrug It Off","Warcry","True Grit+1","Second Wind","Feed","Feel No Pain","Headbutt","Uppercut+1","Rampage","Offering+1","Ghostly Armor+1","Barricade+1","Pommel Strike+1","Ghostly","Ghostly","Ghostly","Dual Wield","Spot Weakness+1","Shockwave","Impervious","Heavy Blade+1","Exhume","Burning Pact","Ghostly","Secret Weapon","Panacea"],"relics":["Burning Blood","Orichalcum","Meat on the Bone","Prayer Wheel","Medical Kit","Ice Cream","MealTicket","Bottled Tornado","Ornamental Fan","Bag of Preparation","Odd Mushroom","War Paint","Coffee Dripper","Art of War","StrikeDummy","Oddly Smooth Stone","CaptainsWheel","Mark of Pain","DollysMirror"],"acts_visited":["Exordium","TheCity","TheBeyond"],"potions_floor_usage":[38],"damage_taken":[{"damage":6.0,"enemies":"2 Louse","floor":1.0,"turns":4.0},{"damage":2.0,"enemies":"Cultist","floor":3.0,"turns":4.0},{"damage":5.0,"enemies":"Jaw Worm","floor":4.0,"turns":6.0},{"damage":14.0,"enemies":"Gremlin Nob","floor":6.0,"turns":6.0},{"damage":11.0,"enemies":"Blue Slaver","floor":7.0,"turns":9.0},{"damage":3.0,"enemies":"3 Sentries","floor":10.0,"turns":12.0},{"damage":7.0,"enemies":"The Mushroom Lair","floor":11.0,"turns":8.0},{"damage":0.0,"enemies":"Looter","floor":13.0,"turns":4.0},{"damage":0.0,"enemies":"Large Slime","floor":14.0,"turns":7.0},{"damage":29.0,"enemies":"The Guardian","floor":16.0,"turns":13.0},{"damage":6.0,"enemies":"Spheric Guardian","floor":18.0,"turns":6.0},{"damage":9.0,"enemies":"Chosen","floor":21.0,"turns":9.0},{"damage":37,"enemies":"Slavers","floor":24,"turns":11},{"damage":7,"enemies":"Centurion and Healer","floor":28,"turns":11},{"damage":11,"enemies":"Book of Stabbing","floor":30,"turns":8},{"damage":1,"enemies":"3 Cultists","floor":31,"turns":6},{"damage":14,"enemies":"Champ","floor":33,"turns":10},{"damage":0,"enemies":"3 Shapes","floor":35,"turns":9},{"damage":6,"enemies":"Orb Walker","floor":37,"turns":8},{"damage":32,"enemies":"4 Shapes","floor":38,"turns":5},{"damage":42,"enemies":"Reptomancer","floor":41,"turns":2}],"seed_played":"3084006561887531004","potions_obtained":[{"floor":3.0,"key":"LiquidMemories"},{"floor":6.0,"key":"AttackPotion"},{"floor":7.0,"key":"Weak Potion"},{"floor":11.0,"key":"BlessingOfTheForge"},{"floor":24,"key":"GamblersBrew"},{"floor":31,"key":"SteroidPotion"},{"floor":33,"key":"Explosive Potion"}],"is_trial":false,"path_per_floor":["M","?","M","M","?","E","M","R","T","E","?","$","M","M","R","B",null,"M","$","?","M","?","R","E","R","T","?","M","R","E","M","R","B",null,"M","$","M","M","?","R","E"],"character_chosen":"IRONCLAD","items_purchased":["Feel No Pain","Orichalcum","Meat on the Bone","Prayer Wheel","Medical Kit","Metallicize","War Paint","Barricade","DollysMirror"],"campfire_rested":0,"item_purchase_floors":[0,0,0,0,0,0,12,19,36],"current_hp_per_floor":[35,35,51,52,41,45,55,55,55,61,63,78,87,90,90,71,88,91,97,97,97,97,97,69,69,69,51,53,53,51,59,59,54,61,69,69,72,52,42,42,0,0],"gold":32,"neow_bonus":"","is_daily":false,"chose_seed":false,"campfire_upgraded":6,"win_rate":0.0,"timestamp":1609235418,"path_taken":["M","?","M","?","?","E","M","R","T","E","?","$","M","M","R","BOSS","M","$","?","M","?","R","E","R","T","?","M","R","E","M","R","BOSS","M","$","M","M","?","R","E"],"items_purchased_type":["Card","Relic","Relic","Relic","Relic","Card","Relic","Card","Relic"],"build_version":"2020-12-22","purchased_purges":2,"victory":false,"max_hp_per_floor":[75,75,75,75,75,75,78,78,78,81,84,84,87,90,90,94,94,97,97,97,100,100,100,103,103,103,51,54,54,57,60,60,63,63,69,69,72,78,78,78,78,78],"relic_stats":{"counters":[78,465],"Ornamental Fan":[68],"Prayer Wheel":14,"MealTicket":21,"Bag of Preparation":[30],"Art of War":[17],"Orichalcum":[276],"War Paint":["Defend_R","True Grit"],"Medical Kit":[20],"obtain_stats":[{"Ice Cream":2,"Lantern":8,"Calipers":24,"Singing Bowl":0,"Gremlin Horn":9,"CeramicFish":7,"Vajra":2,"Bag of Preparation":10,"Bottled Tornado":6,"Smiling Mask":13,"Ancient Tea Set":12,"Cursed Key":17,"Burning Blood":0,"Blood Vial":9,"Sozu":17,"HornCleat":13,"DollysMirror":36,"Gambling Chip":41,"Philosopher\u0027s Stone":17,"Prayer Wheel":0,"MealTicket":5,"Necronomicon":22,"Lee\u0027s Waffle":0,"Oddly Smooth Stone":11,"Thread and Needle":23,"Letter Opener":40,"War Paint":7,"Orichalcum":0,"Odd Mushroom":11,"Question Card":26,"Medical Kit":0,"WarpedTongs":11,"SlaversCollar":34,"OrangePellets":21,"Anchor":26,"CaptainsWheel":30,"Shuriken":0,"Ornamental Fan":9,"Bronze Scales":39,"MutagenicStrength":24,"Mark of Pain":34,"Coffee Dripper":34,"Art of War":20,"Bottled Lightning":24,"Champion Belt":7,"StrikeDummy":24,"Meat on the Bone":31},{"Ice Cream":58,"Lantern":5,"Calipers":33,"Singing Bowl":35,"Gremlin Horn":40,"CeramicFish":25,"Vajra":22,"Bag of Preparation":63,"Bottled Tornado":61,"Smiling Mask":27,"Ancient Tea Set":41,"Cursed Key":43,"Burning Blood":0,"Blood Vial":5,"Sozu":28,"HornCleat":7,"DollysMirror":75,"Gambling Chip":54,"Philosopher\u0027s Stone":8,"Prayer Wheel":57,"MealTicket":60,"Necronomicon":44,"Lee\u0027s Waffle":35,"Oddly Smooth Stone":25,"Thread and Needle":45,"Letter Opener":20,"War Paint":5,"Orichalcum":21,"Odd Mushroom":64,"Question Card":14,"Medical Kit":21,"WarpedTongs":40,"SlaversCollar":17,"OrangePellets":31,"Anchor":33,"CaptainsWheel":72,"Shuriken":21,"Ornamental Fan":62,"Bronze Scales":19,"MutagenicStrength":45,"Mark of Pain":74,"Coffee Dripper":49,"Art of War":68,"Bottled Lightning":14,"Champion Belt":39,"StrikeDummy":70,"Meat on the Bone":34},{"Ice Cream":311,"Lantern":23,"Calipers":159,"Singing Bowl":174,"Gremlin Horn":196,"CeramicFish":117,"Vajra":104,"Bag of Preparation":348,"Bottled Tornado":327,"Smiling Mask":125,"Ancient Tea Set":206,"Cursed Key":217,"Burning Blood":0,"Blood Vial":23,"Sozu":135,"HornCleat":29,"DollysMirror":450,"Gambling Chip":287,"Philosopher\u0027s Stone":41,"Prayer Wheel":307,"MealTicket":321,"Necronomicon":224,"Lee\u0027s Waffle":174,"Oddly Smooth Stone":117,"Thread and Needle":232,"Letter Opener":95,"War Paint":23,"Orichalcum":101,"Odd Mushroom":356,"Question Card":63,"Medical Kit":101,"WarpedTongs":196,"SlaversCollar":82,"OrangePellets":150,"Anchor":159,"CaptainsWheel":425,"Shuriken":101,"Ornamental Fan":336,"Bronze Scales":88,"MutagenicStrength":232,"Mark of Pain":441,"Coffee Dripper":261,"Art of War":386,"Bottled Lightning":63,"Champion Belt":189,"StrikeDummy":406,"Meat on the Bone":166}],"Burning Blood":406,"Meat on the Bone":48},"card_choices":[{"not_picked":["Headbutt","Havoc"],"picked":"Clothesline","floor":1.0},{"not_picked":["Searing Blow","Bloodletting"],"picked":"Shrug It Off","floor":1.0},{"not_picked":["Entrench","Armaments"],"picked":"Warcry","floor":3.0},{"not_picked":["Sentinel","Limit Break"],"picked":"True Grit","floor":3.0},{"not_picked":["Anger","Flex"],"picked":"Second Wind","floor":4.0},{"not_picked":["Combust","Searing Blow","Seeing Red"],"picked":"SKIP","floor":4.0},{"not_picked":["Flex","Sword Boomerang"],"picked":"Feed","floor":6.0},{"not_picked":["Pommel Strike","Anger","Flex"],"picked":"SKIP","floor":7.0},{"not_picked":["Pommel Strike","Flex","Iron Wave"],"picked":"SKIP","floor":7.0},{"not_picked":["Perfected Strike","Intimidate"],"picked":"Feel No Pain","floor":10.0},{"not_picked":["Limit Break","Cleave"],"picked":"Headbutt","floor":11.0},{"not_picked":["Clash","Headbutt"],"picked":"Uppercut","floor":13.0},{"not_picked":["Combust","Clash","Feel No Pain"],"picked":"SKIP","floor":13.0},{"not_picked":["Perfected Strike","Wild Strike"],"picked":"Rampage","floor":14.0},{"not_picked":["Combust","Cleave","Heavy Blade"],"picked":"SKIP","floor":14.0},{"not_picked":["Immolate","Fiend Fire"],"picked":"Offering","floor":16.0},{"not_picked":["Wild Strike","Armaments"],"picked":"Ghostly Armor+1","floor":18.0},{"not_picked":["Heavy Blade","Blood for Blood","Cleave"],"picked":"SKIP","floor":18.0},{"not_picked":["Carnage","Cleave"],"picked":"Pommel Strike+1","floor":21.0},{"not_picked":["Rage","Flex","Wild Strike"],"picked":"SKIP","floor":21.0},{"not_picked":["Bloodletting","Dropkick","Flex"],"picked":"SKIP","floor":24},{"not_picked":["Headbutt","Iron Wave"],"picked":"Dual Wield","floor":28},{"not_picked":["Warcry","Cleave"],"picked":"Spot Weakness","floor":28},{"not_picked":["Iron Wave","Thunderclap"],"picked":"Shockwave","floor":30},{"not_picked":["Hemokinesis","True Grit+1"],"picked":"Impervious","floor":31},{"not_picked":["Clothesline","Pommel Strike+1"],"picked":"Heavy Blade+1","floor":31},{"not_picked":["Barricade","Brutality"],"picked":"Exhume","floor":33},{"not_picked":["Flex+1","Body Slam"],"picked":"Burning Pact","floor":35},{"not_picked":["Pommel Strike","Armaments","Rupture+1"],"picked":"SKIP","floor":35},{"not_picked":["Rupture","Armaments","Pommel Strike"],"picked":"SKIP","floor":37},{"not_picked":["Thunderclap","Spot Weakness","Warcry"],"picked":"SKIP","floor":37},{"not_picked":["Flex","Iron Wave+1","Brutality"],"picked":"SKIP","floor":38},{"not_picked":["Pummel","Headbutt","Iron Wave"],"picked":"SKIP","floor":38},{"not_picked":["Purity","Deep Breath"],"picked":"Secret Weapon","floor":39},{"not_picked":["Swift Strike","Transmutation"],"picked":"Panacea","floor":39}],"player_experience":378515,"relics_obtained":[{"floor":6.0,"key":"Bottled Tornado"},{"floor":9.0,"key":"Ornamental Fan"},{"floor":10.0,"key":"Bag of Preparation"},{"floor":11.0,"key":"Odd Mushroom"},{"floor":24,"key":"StrikeDummy"},{"floor":26,"key":"Oddly Smooth Stone"},{"floor":30,"key":"CaptainsWheel"}],"event_choices":[{"damage_healed":0.0,"max_hp_gain":0.0,"max_hp_loss":0.0,"gold_gain":0.0,"event_name":"WeMeetAgain","player_choice":"Paid Gold","floor":2.0,"gold_loss":94.0,"damage_taken":0.0,"relics_obtained":["Ice Cream"]},{"damage_healed":0.0,"max_hp_gain":0.0,"max_hp_loss":0.0,"gold_gain":0.0,"event_name":"Scrap Ooze","player_choice":"Success","floor":5.0,"gold_loss":0.0,"damage_taken":11.0,"relics_obtained":["MealTicket"]},{"damage_healed":0.0,"max_hp_gain":0.0,"max_hp_loss":0.0,"gold_gain":0.0,"event_name":"Mushrooms","player_choice":"Fought Mushrooms","floor":11.0,"gold_loss":0.0,"damage_taken":0.0},{"damage_healed":0.0,"max_hp_gain":0.0,"max_hp_loss":0.0,"gold_gain":0.0,"event_name":"The Mausoleum","player_choice":"Opened","floor":20.0,"gold_loss":0.0,"damage_taken":0.0,"relics_obtained":["Art of War"],"cards_obtained":["Writhe"]},{"cards_removed":["Writhe"],"damage_healed":0.0,"max_hp_gain":0.0,"max_hp_loss":0.0,"gold_gain":0.0,"event_name":"Back to Basics","player_choice":"Elegance","floor":22.0,"gold_loss":0.0,"damage_taken":0.0},{"damage_healed":0,"gold_gain":0,"player_choice":"Became a Ghost","damage_taken":0,"max_hp_gain":0,"max_hp_loss":52,"event_name":"Ghosts","floor":27,"gold_loss":0,"cards_obtained":["Ghostly","Ghostly","Ghostly"]},{"damage_healed":0,"gold_gain":0,"player_choice":"Memory 3","damage_taken":10,"max_hp_gain":0,"max_hp_loss":0,"event_name":"SensoryStone","floor":39,"gold_loss":0}],"is_beta":false,"boss_relics":[{"not_picked":["Ectoplasm","Runic Dome"],"picked":"Coffee Dripper"},{"not_picked":["Velvet Choker","Sozu"],"picked":"Mark of Pain"}],"items_purged_floors":[19,36],"is_endless":false,"potions_floor_spawned":[3,6,7,11,24,31,33],"killed_by":"Reptomancer","ascension_level":20}}