{"host":"mwqnlghgfp5mgeui","time":1609264332,"event":{"mods":["2.2 Compatiblity","BaseMod","DeckTracker","Highlight Path","Minty Spire (QoL Compilation)","SuperFastMode","everything is the same but u backflip on backflip"],"gold_per_floor":[113,131,147,163,173,173,173,173,173,193,208,208,222,237,237,340,340,355,87,104,115,32,32,32,32],"floor_reached":24,"playtime":1117,"items_purged":["Strike_B"],"score":194,"play_id":"1ca87a52-9f44-4e61-853d-3241d906ac9e","local_time":"20201230025212","is_ascension_mode":false,"campfire_choices":[{"floor":6,"key":"REST"},{"data":"Go for the Eyes","floor":8,"key":"SMITH"},{"floor":12,"key":"REST"},{"floor":15,"key":"REST"},{"floor":23,"key":"REST"}],"circlet_count":0,"master_deck":["Strike_B","Strike_B","Strike_B","Defend_B","Defend_B","Defend_B","Defend_B","Zap","Dualcast","Leap","Genetic Algorithm","White Noise","Rebound","Go for the Eyes+1","Hyperbeam","Auto Shields","Conserve Battery","Gash","Steam","Creative AI","Aggregate","Dramatic Entrance","Capacitor","Lockon","Hologram+1","Sweeping Beam","Blind"],"relics":["Cracked Core","Regal Pillow","Runic Pyramid"],"acts_visited":["Exordium","TheCity"],"potions_floor_usage":[21],"damage_taken":[{"damage":0,"enemies":"2 Louse","floor":1,"turns":3},{"damage":4,"enemies":"Cultist","floor":2,"turns":4},{"damage":14,"enemies":"Jaw Worm","floor":3,"turns":4},{"damage":3,"enemies":"Blue Slaver","floor":4,"turns":2},{"damage":6,"enemies":"Large Slime","floor":5,"turns":5},{"damage":12,"enemies":"2 Fungi Beasts","floor":10,"turns":4},{"damage":6,"enemies":"Looter","floor":11,"turns":3},{"damage":17,"enemies":"Exordium Thugs","floor":13,"turns":5},{"damage":7,"enemies":"Blue Slaver","floor":14,"turns":5},{"damage":29,"enemies":"Hexaghost","floor":16,"turns":12},{"damage":9,"enemies":"Chosen","floor":18,"turns":7},{"damage":20,"enemies":"Shell Parasite","floor":20,"turns":7},{"damage":32,"enemies":"3 Cultists","floor":21,"turns":7},{"damage":56,"enemies":"Gremlin Leader","floor":24,"turns":6}],"seed_played":"4825314958223964746","potions_obtained":[{"floor":1,"key":"SteroidPotion"},{"floor":4,"key":"Energy Potion"},{"floor":10,"key":"DuplicationPotion"}],"is_trial":false,"path_per_floor":["M","M","M","M","M","R","?","R","T","M","M","R","M","M","R","B",null,"M","$","M","M","$","R","E"],"character_chosen":"DEFECT","items_purchased":["Dramatic Entrance","Capacitor","Lockon","Blind"],"campfire_rested":4,"item_purchase_floors":[19,19,19,22],"current_hp_per_floor":[75,71,57,54,48,70,75,75,75,63,57,75,58,51,75,46,75,66,66,46,14,14,51,0,0],"gold":32,"neow_bonus":"THREE_CARDS","is_daily":false,"chose_seed":false,"campfire_upgraded":1,"win_rate":0.0,"timestamp":1609264332,"path_taken":["M","M","M","M","M","R","?","R","T","?","M","R","M","M","R","BOSS","M","$","M","M","?","R","E"],"items_purchased_type":["Card","Card","Card","Card"],"build_version":"2020-12-22","purchased_purges":1,"victory":false,"max_hp_per_floor":[75,75,75,75,75,75,75,75,75,75,75,75,75,75,75,75,75,75,75,75,75,75,75,75,75],"card_choices":[{"not_picked":["Ball Lightning","Beam Cell"],"picked":"Leap","floor":0},{"not_picked":["Scrape","Compile Driver"],"picked":"Genetic Algorithm","floor":1},{"not_picked":["Redo","Leap"],"picked":"White Noise","floor":2},{"not_picked":["Recycle","Barrage"],"picked":"Rebound","floor":3},{"not_picked":["Undo","Beam Cell"],"picked":"Go for the Eyes","floor":4},{"not_picked":["Undo","Redo"],"picked":"Hyperbeam","floor":5},{"not_picked":["Rebound","Go for the Eyes"],"picked":"Auto Shields","floor":10},{"not_picked":["Tempest","Force Field"],"picked":"Conserve Battery","floor":11},{"not_picked":["Consume","Chill"],"picked":"Gash","floor":13},{"not_picked":["Chaos","Gash"],"picked":"Steam","floor":14},{"not_picked":["Hyperbeam","Meteor Strike"],"picked":"Creative AI","floor":16},{"not_picked":["Leap","Redo"],"picked":"Aggregate","floor":18},{"not_picked":["Rebound","Redo"],"picked":"Hologram+1","floor":20},{"not_picked":["Beam Cell","Steam"],"picked":"Sweeping Beam","floor":21}],"player_experience":134074,"relics_obtained":[{"floor":9,"key":"Regal Pillow"}],"event_choices":[{"damage_healed":5,"gold_gain":0,"player_choice":"Full Heal","damage_taken":0,"max_hp_gain":0,"max_hp_loss":0,"event_name":"Wheel of Change","floor":7,"gold_loss":0}],"is_beta":false,"boss_relics":[{"not_picked":["Sozu","Fusion Hammer"],"picked":"Runic Pyramid"}],"items_purged_floors":[19],"is_endless":false,"potions_floor_spawned":[1,4,10,11,14,18],"killed_by":"Gremlin Leader","ascension_level":0}}