{"host":"65a95dzim48ko8ke","time":1609238943,"event":{"mods":["Act Like it!","Astrologer","BaseMod","Better Third Choice","Colored Powertips","Minty Spire (QoL Compilation)","Quick Restart","Rare Cards Sparkle","Robot Space Explorer","Spicy Shops","StSLib","The Jungle"],"gold_per_floor":[118,68,84,98,98,125,125,151,151,168,168,180,209,53,53,157,157,171,189,189,549,565,590,604,616,616,616,13,13,29,304,304,402,402,416,430,11,30,45,57,88,118,130,192,222,234,263,309,321,333,345,357,12,37,37],"floor_reached":56,"playtime":4285,"items_purged":["RobotSpaceExplorer:Defend","Regret"],"score":1348,"play_id":"3a3e502e-2494-4602-ba74-25d69be39f37","local_time":"20201229194903","is_ascension_mode":false,"campfire_choices":[{"data":"RobotSpaceExplorer:MetalStrike","floor":7.0,"key":"SMITH"},{"data":"RobotSpaceExplorer:FreezeRay","floor":11,"key":"SMITH"},{"data":"RobotSpaceExplorer:FreezingShield","floor":15,"key":"SMITH"},{"data":"RobotSpaceExplorer:Fix","floor":27,"key":"SMITH"},{"data":"RobotSpaceExplorer:FreezeRay","floor":29,"key":"SMITH"},{"data":"1","floor":32,"key":"LIFT"},{"data":"2","floor":40,"key":"LIFT"},{"data":"3","floor":46,"key":"LIFT"},{"floor":49,"key":"RECALL"},{"data":"RobotSpaceExplorer:MiniBoosters","floor":52,"key":"SMITH"}],"circlet_count":0,"master_deck":["RobotSpaceExplorer:Defend","RobotSpaceExplorer:Defend","RobotSpaceExplorer:Scan","RobotSpaceExplorer:MiniLasers","RobotSpaceExplorer:Probe","RobotSpaceExplorer:MetalStrike+1","RobotSpaceExplorer:GlueShot","RobotSpaceExplorer:Arsenal","RobotSpaceExplorer:FreezeRay+1","RobotSpaceExplorer:StunGrenade","RobotSpaceExplorer:BlastShield","RobotSpaceExplorer:FreezingShield+1","RobotSpaceExplorer:Probe","RobotSpaceExplorer:Counterblock","Bite","Bite","Bite","Bite","Bite","PanicButton","RobotSpaceExplorer:ToxicBomb+1","RobotSpaceExplorer:LuckyStrike","RobotSpaceExplorer:Fix+1","RobotSpaceExplorer:MetalStrike","RobotSpaceExplorer:FreezeRay+1","RobotSpaceExplorer:DroneSwarm","RobotSpaceExplorer:ChargingLaser","RobotSpaceExplorer:MetalStrike","RobotSpaceExplorer:MetalStrike","RobotSpaceExplorer:Probe","RobotSpaceExplorer:GlueShot","RobotSpaceExplorer:ScrapMissile","RobotSpaceExplorer:Probe+1","RobotSpaceExplorer:Probe+1","RobotSpaceExplorer:MiniBoosters+1","RobotSpaceExplorer:ScrapMissile","RobotSpaceExplorer:StarLightning","RobotSpaceExplorer:TurboDodge","RobotSpaceExplorer:SwiftStep","RobotSpaceExplorer:ScrapToss","RobotSpaceExplorer:ExhaustFan","RobotSpaceExplorer:Counterblock","RobotSpaceExplorer:MetalStrike+1"],"relics":["RobotSpaceExplorer:RoboCore","Bag of Preparation","Dead Branch","Pear","RobotSpaceExplorer:BottledGravity","ClockworkSouvenir","Sozu","Smiling Mask","Membership Card","Ice Cream","Girya","Kunai","Cursed Key","Shuriken","Incense Burner","MawBank","Bird Faced Urn","RobotSpaceExplorer:FoglandsKnife","Ginger","FossilizedHelix","Medical Kit","Happy Flower"],"acts_visited":["Exordium","TheCity","TheBeyond","TheEnding"],"potions_floor_usage":[16,55],"damage_taken":[{"damage":0.0,"enemies":"Cultist","floor":1.0,"turns":3.0},{"damage":0.0,"enemies":"2 Louse","floor":3.0,"turns":3.0},{"damage":0.0,"enemies":"Small Slimes","floor":4.0,"turns":4.0},{"damage":17.0,"enemies":"Gremlin Nob","floor":6.0,"turns":5.0},{"damage":16.0,"enemies":"3 Sentries","floor":8.0,"turns":11.0},{"damage":8,"enemies":"Exordium Wildlife","floor":10,"turns":5},{"damage":0,"enemies":"Lots of Slimes","floor":12,"turns":1},{"damage":0,"enemies":"Lagavulin","floor":13,"turns":7},{"damage":12,"enemies":"Hexaghost","floor":16,"turns":12},{"damage":0,"enemies":"Chosen","floor":18,"turns":3},{"damage":0,"enemies":"Shell Parasite","floor":19,"turns":3},{"damage":1,"enemies":"Shelled Parasite and Fungi","floor":22,"turns":7},{"damage":6,"enemies":"Gremlin Leader","floor":23,"turns":7},{"damage":9,"enemies":"Centurion and Healer","floor":24,"turns":5},{"damage":0,"enemies":"Snecko","floor":25,"turns":6},{"damage":0,"enemies":"Chosen and Byrds","floor":30,"turns":3},{"damage":19,"enemies":"Collector","floor":33,"turns":8},{"damage":28,"enemies":"3 Shapes","floor":35,"turns":2},{"damage":11,"enemies":"3 Darklings","floor":36,"turns":6},{"damage":0,"enemies":"Sphere and 2 Shapes","floor":38,"turns":3},{"damage":0,"enemies":"Transient","floor":39,"turns":5},{"damage":4,"enemies":"3 Darklings","floor":41,"turns":3},{"damage":9,"enemies":"Maw","floor":42,"turns":5},{"damage":0,"enemies":"Mind Bloom Boss Battle","floor":44,"turns":4},{"damage":12,"enemies":"Jaw Worm Horde","floor":45,"turns":3},{"damage":0,"enemies":"Spire Growth","floor":47,"turns":4},{"damage":0,"enemies":"Reptomancer","floor":48,"turns":4},{"damage":4,"enemies":"Awakened One","floor":50,"turns":7},{"damage":0,"enemies":"Shield and Spear","floor":54,"turns":4},{"damage":66,"enemies":"The Heart","floor":55,"turns":8}],"seed_played":"-8926830843131883166","potions_obtained":[{"floor":4.0,"key":"BlessingOfTheForge"},{"floor":8.0,"key":"AttackPotion"},{"floor":12,"key":"Energy Potion"},{"floor":16,"key":"Ancient Potion"}],"is_trial":false,"path_per_floor":["M","?","M","M","?","E","R","E","T","M","R","M","E","$","R","B",null,"M","M","?","?","M","E","M","M","T","R","$","R","M","?","R","B",null,"M","M","$","M","M","R","M","M","T","?","M","R","M","E","R","B",null,"R","$","E","B",null],"character_chosen":"RobotSpaceExplorer","items_purchased":["ClockworkSouvenir","Membership Card","RobotSpaceExplorer:FreezeRay","Ice Cream","Girya","Kunai","RobotSpaceExplorer:Probe","RobotSpaceExplorer:Exploration","RobotSpaceExplorer:GlueShot","Shuriken","Incense Burner","Ginger","FossilizedHelix","Medical Kit","RobotSpaceExplorer:ScrapToss","RobotSpaceExplorer:ExhaustFan","RobotSpaceExplorer:Counterblock"],"campfire_rested":0,"item_purchase_floors":[14,28,28,28,28,28,37,37,37,37,37,53,53,53,53,53,53],"current_hp_per_floor":[82,82,82,82,75,58,58,42,52,44,44,44,44,44,44,32,92,92,92,64,22,39,55,58,64,64,64,64,64,64,64,64,57,64,36,47,47,55,63,63,62,63,63,64,62,62,64,64,64,64,64,64,64,64,17],"gold":37,"neow_bonus":"TEN_PERCENT_HP_BONUS","is_daily":false,"chose_seed":false,"campfire_upgraded":6,"win_rate":0.0,"timestamp":1609238943,"path_taken":["M","?","M","M","?","E","R","E","T","M","R","M","E","$","R","BOSS","M","M","?","?","M","E","M","M","T","R","$","R","?","?","R","BOSS","M","M","$","M","?","R","M","M","T","?","M","R","M","E","R","BOSS","R","$","E","BOSS"],"items_purchased_type":["Relic","Relic","Card","Relic","Relic","Relic","Card","Card","Card","Relic","Relic","Relic","Relic","Relic","Card","Card","Card"],"build_version":"2020-12-22","purchased_purges":2,"victory":true,"max_hp_per_floor":[82,82,82,82,82,82,82,82,92,92,92,92,92,92,92,92,92,92,92,64,64,64,64,64,64,64,64,64,64,64,64,64,64,64,64,64,64,64,64,64,64,64,64,64,64,64,64,64,64,64,64,64,64,64,64],"card_choices":[{"not_picked":["RobotSpaceExplorer:SlimeMissile","RobotSpaceExplorer:JunkDive"],"picked":"RobotSpaceExplorer:Probe","floor":1.0},{"not_picked":["RobotSpaceExplorer:IronShell","RobotSpaceExplorer:SwiftStep"],"picked":"RobotSpaceExplorer:MetalStrike","floor":3.0},{"not_picked":["RobotSpaceExplorer:ImprovisedAttack","RobotSpaceExplorer:Blitz"],"picked":"RobotSpaceExplorer:GlueShot","floor":4.0},{"not_picked":["RobotSpaceExplorer:StunGrenade","RobotSpaceExplorer:RigExplosive"],"picked":"RobotSpaceExplorer:Arsenal","floor":6.0},{"not_picked":["RobotSpaceExplorer:SlimeMissile","RobotSpaceExplorer:Pulsar"],"picked":"RobotSpaceExplorer:FreezeRay","floor":8.0},{"not_picked":["RobotSpaceExplorer:SlimeMissile","RobotSpaceExplorer:ShovelStrike"],"picked":"RobotSpaceExplorer:StunGrenade","floor":10},{"not_picked":["RobotSpaceExplorer:SurgingShield","RobotSpaceExplorer:DualCore"],"picked":"RobotSpaceExplorer:BlastShield","floor":12},{"not_picked":["RobotSpaceExplorer:SlimeMissile","RobotSpaceExplorer:SurgingStrike"],"picked":"RobotSpaceExplorer:FreezingShield","floor":13},{"not_picked":["RobotSpaceExplorer:HighVoltage","RobotSpaceExplorer:Arsenal"],"picked":"RobotSpaceExplorer:Wormhole","floor":16},{"not_picked":["RobotSpaceExplorer:Calculate","RobotSpaceExplorer:Pulsar"],"picked":"RobotSpaceExplorer:Probe","floor":18},{"not_picked":["RobotSpaceExplorer:Pulsar","RobotSpaceExplorer:RigExplosive"],"picked":"RobotSpaceExplorer:Counterblock","floor":19},{"not_picked":["RobotSpaceExplorer:Pulsar","RobotSpaceExplorer:ImprovisedAttack"],"picked":"RobotSpaceExplorer:ToxicBomb+1","floor":22},{"not_picked":["RobotSpaceExplorer:Reload","RobotSpaceExplorer:ScrapShield"],"picked":"RobotSpaceExplorer:LuckyStrike","floor":23},{"not_picked":["RobotSpaceExplorer:Blitz+1","RobotSpaceExplorer:ScrapToss+1"],"picked":"RobotSpaceExplorer:Fix","floor":24},{"not_picked":["RobotSpaceExplorer:ShockKick","RobotSpaceExplorer:SurgingStrike"],"picked":"RobotSpaceExplorer:MetalStrike","floor":25},{"not_picked":["RobotSpaceExplorer:ShovelStrike","RobotSpaceExplorer:ScrapMissile"],"picked":"RobotSpaceExplorer:DroneSwarm","floor":30},{"not_picked":["RobotSpaceExplorer:Exploration","RobotSpaceExplorer:Explosion"],"picked":"RobotSpaceExplorer:ChargingLaser","floor":33},{"not_picked":["RobotSpaceExplorer:ShovelStrike","RobotSpaceExplorer:SurgingShield"],"picked":"RobotSpaceExplorer:MetalStrike","floor":35},{"not_picked":["RobotSpaceExplorer:SurgingStrike+1","RobotSpaceExplorer:ImprovisedAttack+1"],"picked":"RobotSpaceExplorer:MetalStrike","floor":36},{"not_picked":["RobotSpaceExplorer:SurgingShield+1","RobotSpaceExplorer:Discharger"],"picked":"RobotSpaceExplorer:ScrapMissile","floor":38},{"not_picked":["RobotSpaceExplorer:ImprovisedAttack+1","RobotSpaceExplorer:StarDust"],"picked":"RobotSpaceExplorer:Probe+1","floor":39},{"not_picked":["RobotSpaceExplorer:ScrapShield","RobotSpaceExplorer:Ammunition+1"],"picked":"RobotSpaceExplorer:Probe+1","floor":41},{"not_picked":["RobotSpaceExplorer:Jetpack","RobotSpaceExplorer:FrostMissile+1"],"picked":"RobotSpaceExplorer:MiniBoosters","floor":42},{"not_picked":["RobotSpaceExplorer:Comet","RobotSpaceExplorer:MakeshiftVolley"],"picked":"RobotSpaceExplorer:ScrapMissile","floor":44},{"not_picked":["RobotSpaceExplorer:PlasmaMissile","RobotSpaceExplorer:Fix"],"picked":"RobotSpaceExplorer:StarLightning","floor":45},{"not_picked":["RobotSpaceExplorer:SurgingShield+1","RobotSpaceExplorer:Fix"],"picked":"RobotSpaceExplorer:TurboDodge","floor":47},{"not_picked":["RobotSpaceExplorer:GlueShot+1","RobotSpaceExplorer:DoubleFind"],"picked":"RobotSpaceExplorer:SwiftStep","floor":48},{"not_picked":["RobotSpaceExplorer:ShockKick","RobotSpaceExplorer:GlueShot+1"],"picked":"RobotSpaceExplorer:MetalStrike+1","floor":54}],"player_experience":293875,"relics_obtained":[{"floor":6.0,"key":"Bag of Preparation"},{"floor":8.0,"key":"Dead Branch"},{"floor":9,"key":"Pear"},{"floor":13,"key":"RobotSpaceExplorer:BottledGravity"},{"floor":23,"key":"Smiling Mask"},{"floor":39,"key":"MawBank"},{"floor":44,"key":"Bird Faced Urn"},{"floor":48,"key":"RobotSpaceExplorer:FoglandsKnife"},{"floor":54,"key":"Happy Flower"}],"event_choices":[{"cards_removed":["RobotSpaceExplorer:Strike"],"damage_healed":0.0,"max_hp_gain":0.0,"max_hp_loss":0.0,"gold_gain":0.0,"event_name":"The Cleric","player_choice":"Card Removal","floor":2.0,"gold_loss":50.0,"damage_taken":0.0},{"cards_removed":["RobotSpaceExplorer:Strike"],"damage_healed":0.0,"max_hp_gain":0.0,"max_hp_loss":0.0,"gold_gain":0.0,"event_name":"Golden Wing","player_choice":"Card Removal","floor":5.0,"gold_loss":0.0,"damage_taken":7.0},{"damage_healed":0,"gold_gain":0,"player_choice":"Became a vampire","damage_taken":0,"max_hp_gain":0,"max_hp_loss":28,"event_name":"Vampires","floor":20,"gold_loss":0,"cards_obtained":["Bite","Bite","Bite","Bite","Bite"]},{"damage_healed":0,"gold_gain":360,"player_choice":"CARD GOLD GOLD GOLD GOLD ","damage_taken":42,"max_hp_gain":0,"max_hp_loss":0,"event_name":"Knowing Skull","floor":21,"potions_obtained":[],"gold_loss":0,"cards_obtained":["PanicButton"]},{"damage_healed":0,"gold_gain":275,"player_choice":"Desecrate","damage_taken":0,"max_hp_gain":0,"max_hp_loss":0,"event_name":"Golden Shrine","floor":31,"gold_loss":0,"cards_obtained":["Regret"]},{"damage_healed":0,"gold_gain":0,"player_choice":"Fight","damage_taken":0,"max_hp_gain":0,"max_hp_loss":0,"event_name":"MindBloom","floor":44,"gold_loss":0}],"is_beta":false,"boss_relics":[{"not_picked":["Ectoplasm","Empty Cage"],"picked":"Sozu"},{"not_picked":["Astrolabe","Busted Crown"],"picked":"Cursed Key"}],"items_purged_floors":[28,37],"is_endless":false,"potions_floor_spawned":[4,8,12,16,23,33,41,44,45,47,54],"ascension_level":0}}