{"host":"zt8a6xk8zi449pm4","time":1609202821,"event":{"mods":["AchievementEnabler","Aspiration","BaseMod","Conspire","Energized Spire","Infinite Spire","Minty Spire (QoL Compilation)","Rare Cards Sparkle","Relic Stats","Replay The Spire","StSLib"],"gold_per_floor":[118,193,98,117,127,127,160,160,160,179,179,354,92,105,105,206,206,219,235,235,235,235,269,269,269,294,314,314,327,343,343,343,445,445,463,482,499,499,499,499,519,519,568,624,650,650,666,684,684,785,785,796,796,233,233,233,233,245,245,245,269,283,310,310,317,317,401,401,401,219,228,143,143,143,143,143,143,143,143,149,74,90,90,173,173,179,479,490,490,514,514,514,514,514,527,527,581,586,590,627,607,607],"floor_reached":101,"playtime":8105,"items_purged":["Doubt","Shame","Regret","Combust","Defend_R","Defend_R","Defend_R"],"score":2110,"play_id":"1f3720ad-1779-47d1-9235-f3e762456a5e","local_time":"20201229004701","is_ascension_mode":true,"campfire_choices":[{"data":"Twin Strike","floor":6,"key":"SMITH"},{"floor":11,"key":"REST"},{"data":"Flex","floor":15,"key":"SMITH"},{"data":"infinitespire:FinalStrike","floor":24,"key":"SMITH"},{"floor":32,"key":"REST"},{"data":"infinitespire:Punishment","floor":40,"key":"SMITH"},{"data":"infinitespire:FinalStrike","floor":42,"key":"SMITH"},{"data":"infinitespire:UltimateForm","floor":57,"key":"SMITH"},{"data":"Flex","floor":59,"key":"SMITH"},{"floor":66,"key":"DIG"},{"data":"Replay:Fractal Strike","floor":74,"key":"SMITH"},{"data":"Replay:Fractal Strike","floor":78,"key":"SMITH"},{"floor":83,"key":"DIG"},{"data":"Flex","floor":91,"key":"SMITH"},{"data":"Pot Of Greed","floor":93,"key":"SMITH"}],"circlet_count":0,"master_deck":["Strike_R+1","Strike_R+1","Strike_R+1","Strike_R+2","Strike_R+2","Defend_R","Bash+1","Massacre+1","Twin Strike+1","Finesse","Twin Strike+1","Heavy Blade+1","Heavy Blade+1","Thinking Ahead","Flex+1","Sword Boomerang+1","Perfected Strike+1","infinitespire:FinalStrike+1","conspire:Charge+1","infinitespire:FinalStrike+1","Twin Strike+1","Sword Boomerang+1","RitualDagger+1","Bludgeon+1","Sword Boomerang+1","Twin Strike+1","infinitespire:Punishment+1","Pommel Strike+1","Flex+1","Immolate+1","Whirlwind+1","Heavy Blade+1","Brutality+1","Heavy Blade+1","Massacre+1","Rampage+1","Pot Of Greed+1","Pot Of Greed+1","Pot Of Greed+1","Pot Of Greed+1","infinitespire:UltimateForm+1","Flex+1","Clash+1","Flex+1","ReplayTheSpireMod:Limb From Limb","Replay:Fractal Strike+1","Pot Of Greed","Limit Break+1","Shrug It Off+1","conspire:Charge+1","Sword Boomerang+1","infinitespire:Punishment+1","RitualDagger","Replay:Fractal Strike+1","Twin Strike","Pummel","Pommel Strike+1","Dual Wield","Pot Of Greed+1","Perfected Strike","Panache+1","Clash+1","Flex+1","Heavy Blade"],"relics":["Burning Blood","conspire:Boomerang","WingedGreaves","aspiration:RitualDagger","ReplayTheSpireMod:Ring of Addiction","Ring of Peace","White Beast Statue","Potion Belt","Eternal Feather","Runic Cube","TheAbacus","Bag of Preparation","energizedSpire:NeverEndingSparkler","ReplayTheSpireMod:Spearhead","Simple Rune","Golden Egg","aspiration:HummingbirdHeart","Red Skull","Grinning Jar","infinitespire:Lychee Nut","Replay:Bottled Flurry","ReplayTheSpireMod:TigerMarble","Juzu Bracelet","conspire:BottledYoYo","energizedSpire:DeadBattery","Regal Pillow","Membership Card","Gremlin Horn","aspiration:FetidBarrel","conspire:SpecialSausage","Dream Catcher","Matryoshka","Self Forming Clay","Charon\u0027s Ashes","Replay:Towering Pillar of Hats","Replay:Kaleidoscope"],"acts_visited":["Exordium","TheCity","TheBeyond","Exordium","TheCity","TheBeyond"],"potions_floor_usage":[16,16,16,16,16,19,23,23,23,29,33,33,36,37,37,45,45,45,50,50,50,50,50,50,50,62,67,67,82,88,95,95,98,99],"damage_taken":[{"damage":2,"enemies":"Jaw Worm","floor":1,"turns":5},{"damage":1,"enemies":"Cultist","floor":4,"turns":4},{"damage":5,"enemies":"2 Louse","floor":5,"turns":2},{"damage":32,"enemies":"Gremlin Nob","floor":7,"turns":4},{"damage":0,"enemies":"Large Slime","floor":10,"turns":3},{"damage":9,"enemies":"Blue Slaver","floor":14,"turns":3},{"damage":25,"enemies":"Hexaghost","floor":16,"turns":7},{"damage":37,"enemies":"Spheric Guardian","floor":18,"turns":4},{"damage":26,"enemies":"Chosen","floor":19,"turns":4},{"damage":73,"enemies":"Nightmare","floor":23,"turns":7},{"damage":38,"enemies":"Centurion and Healer","floor":27,"turns":5},{"damage":28,"enemies":"Sentry and Sphere","floor":29,"turns":4},{"damage":20,"enemies":"Snake Plant","floor":30,"turns":3},{"damage":64,"enemies":"conspire:MysteriousRune","floor":33,"turns":5},{"damage":30,"enemies":"3 Darklings","floor":35,"turns":3},{"damage":0,"enemies":"Orb Walker","floor":36,"turns":1},{"damage":16,"enemies":"Jaw Worm Horde","floor":37,"turns":4},{"damage":19,"enemies":"4 Shapes","floor":41,"turns":3},{"damage":25,"enemies":"Nemesis","floor":45,"turns":3},{"damage":28,"enemies":"3 Darklings","floor":47,"turns":3},{"damage":10,"enemies":"Writhing Mass","floor":48,"turns":2},{"damage":89,"enemies":"Awakened One","floor":50,"turns":6},{"damage":4,"enemies":"Cultist","floor":52,"turns":2},{"damage":0,"enemies":"Jaw Worm","floor":58,"turns":1},{"damage":0,"enemies":"Nightmare","floor":61,"turns":1},{"damage":0,"enemies":"2 Louse","floor":62,"turns":1},{"damage":4,"enemies":"Gremlin Nob","floor":63,"turns":2},{"damage":8,"enemies":"Blue Slaver","floor":65,"turns":2},{"damage":21,"enemies":"The Guardian","floor":67,"turns":3},{"damage":22,"enemies":"2 Thieves","floor":69,"turns":3},{"damage":0,"enemies":"Spheric Guardian","floor":71,"turns":1},{"damage":4,"enemies":"3 Cultists","floor":80,"turns":2},{"damage":0,"enemies":"Shelled Parasite and Fungi","floor":82,"turns":1},{"damage":4,"enemies":"Collector","floor":84,"turns":2},{"damage":22,"enemies":"3 Darklings","floor":86,"turns":2},{"damage":0,"enemies":"Orb Walker","floor":88,"turns":1},{"damage":35,"enemies":"R_Hoarder","floor":95,"turns":4},{"damage":0,"enemies":"2 Orb Walkers","floor":97,"turns":1},{"damage":0,"enemies":"Jaw Worm Horde","floor":98,"turns":1},{"damage":11,"enemies":"Reptomancer","floor":99,"turns":2},{"damage":6,"enemies":"Mind Bloom Boss Battle","floor":100,"turns":3},{"damage":127,"enemies":"LordOfAnnihilation","floor":101,"turns":4}],"seed_played":"172025887032357289","potions_obtained":[{"floor":5,"key":"Explosive Potion"},{"floor":7,"key":"EntropicBrew"},{"floor":10,"key":"BlessingOfTheForge"},{"floor":19,"key":"ColorlessPotion"},{"floor":22,"key":"DistilledChaos"},{"floor":22,"key":"SmokeBomb"},{"floor":22,"key":"Block Potion"},{"floor":27,"key":"Regen Potion"},{"floor":29,"key":"Toxic Potion"},{"floor":30,"key":"BlessingOfTheForge"},{"floor":33,"key":"EssenceOfSteel"},{"floor":35,"key":"EntropicBrew"},{"floor":36,"key":"Block Potion"},{"floor":37,"key":"EntropicBrew"},{"floor":41,"key":"Ancient Potion"},{"floor":44,"key":"infinitespire:BlackPotion"},{"floor":45,"key":"Strength Potion"},{"floor":47,"key":"DuplicationPotion"},{"floor":48,"key":"Energy Potion"},{"floor":50,"key":"Swift Potion"},{"floor":52,"key":"Adrenaline Potion"},{"floor":58,"key":"SteroidPotion"},{"floor":62,"key":"SkillPotion"},{"floor":63,"key":"PowerPotion"},{"floor":67,"key":"Explosive Potion"},{"floor":69,"key":"SteroidPotion"},{"floor":71,"key":"BlessingOfTheForge"},{"floor":82,"key":"Languid Potion"},{"floor":86,"key":"Strength Potion"},{"floor":88,"key":"Explosive Potion"},{"floor":95,"key":"LiquidMemories"},{"floor":97,"key":"DuplicationPotion"},{"floor":98,"key":"Ancient Potion"},{"floor":99,"key":"BlessingOfTheForge"},{"floor":100,"key":"Strength Potion"}],"is_trial":false,"path_per_floor":["M","?","$","M","M","R","E","?","T","M","R","?","$","M","R","B",null,"M","M","?","?","?","NM","R","AVR","T","M","?","M","M","?","R","B",null,"M","M","M","?","?","R","M","R","T","?","E","T","M","M","R","B",null,"M","?","$","?","AVR","R","M","R","T","NM","M","E","?","M","R","B",null,"M","$","M","?","?","R","?","AVR","T","R","?","M","$","M","R","B",null,"M","?","M","?","T","R","?","R","T","E","?","?","M","E","R","B"],"character_chosen":"IRONCLAD","items_purchased":["Finesse","Thinking Ahead","Massacre","Rampage","Red Skull","Grinning Jar","conspire:Charge+1"],"campfire_rested":2,"item_purchase_floors":[3,13,54,54,54,54,70],"current_hp_per_floor":[80,69,69,74,75,75,49,49,49,55,79,79,79,76,76,57,80,49,29,29,55,55,80,80,80,80,56,56,47,42,36,74,48,76,64,76,76,76,56,74,74,74,74,54,61,61,63,72,70,58,70,70,70,68,68,51,49,49,49,47,47,47,47,47,47,45,45,45,45,45,43,43,43,41,35,35,35,39,39,37,37,37,37,37,37,35,35,35,35,35,35,33,33,33,17,17,23,31,31,31,0,0],"gold":607,"neow_bonus":"THREE_CARDS","is_daily":false,"chose_seed":false,"campfire_upgraded":11,"win_rate":0.0,"timestamp":1609202821,"path_taken":["M","?","$","M","M","R","E","?","T","?","R","?","$","M","R","BOSS","M","M","?","?","?","NM","R","AVR","T","M","?","M","M","?","R","BOSS","M","M","M","?","?","R","M","R","T","?","E","?","M","M","R","BOSS","M","?","$","?","AVR","R","M","R","T","NM","?","E","?","M","R","BOSS","M","$","M","?","?","R","?","AVR","T","R","?","M","?","M","R","BOSS","M","?","M","?","?","R","?","R","T","E","?","?","M","E","R","BOSS"],"items_purchased_type":["Card","Card","Card","Card","Relic","Relic","Card"],"build_version":"2020-12-22","purchased_purges":7,"victory":false,"max_hp_per_floor":[80,80,80,80,80,80,80,80,80,80,80,80,80,80,80,80,80,80,80,80,80,80,80,80,80,80,78,78,78,78,78,78,76,76,76,76,76,76,76,76,74,74,74,72,72,72,72,72,70,70,70,70,70,68,68,51,49,49,49,47,47,47,47,47,47,45,45,45,45,45,43,43,43,41,41,41,39,39,39,37,37,37,37,37,37,35,35,35,35,35,35,33,33,33,31,31,31,31,31,31,31,31],"relic_stats":{"Regal Pillow":0,"Gremlin Horn":[12,12],"counters":[42,124],"Self Forming Clay":[18],"Eternal Feather":37,"Charon\u0027s Ashes":[24],"Bag of Preparation":[64],"Juzu Bracelet":3,"Burning Blood":133,"Dream Catcher":0,"TheAbacus":[24],"obtain_stats":[{"Golden Egg":46,"Regal Pillow":72,"Gremlin Horn":77,"aspiration:TomeofQuesting":45,"conspire:SpecialSausage":85,"Bag of Preparation":26,"Juzu Bracelet":63,"Burning Blood":0,"Dream Catcher":90,"TheAbacus":25,"Matryoshka":94,"Ring of Peace":22,"WingedGreaves":9,"Replay:Bottled Flurry":60,"Red Skull":54,"Runic Cube":25,"Potion Belt":22,"Replay:Towering Pillar of Hats":99,"aspiration:FetidBarrel":83,"Self Forming Clay":95,"ReplayTheSpireMod:Ring of Addiction":22,"Eternal Feather":23,"Charon\u0027s Ashes":97,"conspire:Boomerang":7,"aspiration:HummingbirdHeart":53,"Replay:Kaleidoscope":100,"energizedSpire:DeadBattery":68,"White Beast Statue":22,"ReplayTheSpireMod:Spearhead":43,"energizedSpire:NeverEndingSparkler":34,"infinitespire:Lychee Nut":56,"Simple Rune":44,"ReplayTheSpireMod:TigerMarble":61,"conspire:BottledYoYo":66,"aspiration:RitualDagger":17,"Membership Card":76,"Grinning Jar":54},{"Golden Egg":19,"Regal Pillow":31,"Gremlin Horn":31,"aspiration:TomeofQuesting":19,"conspire:SpecialSausage":34,"Bag of Preparation":10,"Juzu Bracelet":27,"Burning Blood":0,"Dream Catcher":36,"TheAbacus":10,"Matryoshka":36,"Ring of Peace":9,"WingedGreaves":4,"Replay:Bottled Flurry":24,"Red Skull":23,"Runic Cube":10,"Potion Belt":9,"Replay:Towering Pillar of Hats":40,"aspiration:FetidBarrel":33,"Self Forming Clay":37,"ReplayTheSpireMod:Ring of Addiction":9,"Eternal Feather":10,"Charon\u0027s Ashes":38,"conspire:Boomerang":4,"aspiration:HummingbirdHeart":23,"Replay:Kaleidoscope":41,"energizedSpire:DeadBattery":29,"White Beast Statue":9,"ReplayTheSpireMod:Spearhead":18,"energizedSpire:NeverEndingSparkler":14,"infinitespire:Lychee Nut":23,"Simple Rune":18,"ReplayTheSpireMod:TigerMarble":25,"conspire:BottledYoYo":28,"aspiration:RitualDagger":7,"Membership Card":31,"Grinning Jar":23},{"Golden Egg":74,"Regal Pillow":101,"Gremlin Horn":101,"aspiration:TomeofQuesting":74,"conspire:SpecialSausage":106,"Bag of Preparation":43,"Juzu Bracelet":92,"Burning Blood":0,"Dream Catcher":109,"TheAbacus":43,"Matryoshka":109,"Ring of Peace":36,"WingedGreaves":15,"Replay:Bottled Flurry":88,"Red Skull":87,"Runic Cube":43,"Potion Belt":36,"Replay:Towering Pillar of Hats":117,"aspiration:FetidBarrel":104,"Self Forming Clay":113,"ReplayTheSpireMod:Ring of Addiction":36,"Eternal Feather":43,"Charon\u0027s Ashes":114,"conspire:Boomerang":15,"aspiration:HummingbirdHeart":87,"Replay:Kaleidoscope":120,"energizedSpire:DeadBattery":97,"White Beast Statue":36,"ReplayTheSpireMod:Spearhead":71,"energizedSpire:NeverEndingSparkler":60,"infinitespire:Lychee Nut":87,"Simple Rune":71,"ReplayTheSpireMod:TigerMarble":89,"conspire:BottledYoYo":94,"aspiration:RitualDagger":28,"Membership Card":101,"Grinning Jar":87}],"Runic Cube":[115]},"card_choices":[{"not_picked":["Replay:Undeath\u0027s Touch","Thunderclap"],"picked":"Massacre","floor":0},{"not_picked":["Pummel","Wild Strike"],"picked":"Twin Strike","floor":1},{"not_picked":["Body Slam","Armaments"],"picked":"Twin Strike","floor":4},{"not_picked":["Shrug It Off","Sword Boomerang"],"picked":"Heavy Blade","floor":5},{"not_picked":["conspire:Charge","Anger"],"picked":"Heavy Blade","floor":7},{"not_picked":["Replay:Undeath\u0027s Touch","Cleave","Shrug It Off"],"picked":"SKIP","floor":10},{"not_picked":["Armaments","ReplayTheSpireMod:Strike From Hell"],"picked":"Flex","floor":14},{"not_picked":["Blood for Blood","Burning Pact"],"picked":"Sword Boomerang","floor":18},{"not_picked":["Dark Embrace+1","Ghostly Armor"],"picked":"Perfected Strike","floor":19},{"not_picked":["infinitespire:NeuralNetwork","ReplayTheSpireMod:??????????????????????"],"picked":"infinitespire:FinalStrike","floor":23},{"not_picked":["Dropkick","conspire:ExplosiveBarrier"],"picked":"conspire:Charge+1","floor":23},{"not_picked":["Anger","Defy Death"],"picked":"Twin Strike+1","floor":27},{"not_picked":["Replay:Undeath\u0027s Touch","Shrug It Off","Body Slam+1"],"picked":"SKIP","floor":29},{"not_picked":["Warcry","Abandon"],"picked":"Sword Boomerang","floor":30},{"not_picked":["Fiend Fire","Eclipse"],"picked":"Bludgeon","floor":33},{"not_picked":["Headbutt+1","Havoc+1"],"picked":"Combust","floor":35},{"not_picked":["Pommel Strike+1","Feel No Pain"],"picked":"Sword Boomerang","floor":36},{"not_picked":["ReplayTheSpireMod:Corrosion Curse+1","Dropkick+1"],"picked":"Twin Strike","floor":37},{"not_picked":["infinitespire:Gouge","infinitespire:Menacing"],"picked":"infinitespire:Punishment","floor":39},{"not_picked":["Flame Barrier+1","Ghostly Armor","Replay:Undeath\u0027s Touch+1"],"picked":"SKIP","floor":41},{"not_picked":["Exhume","Second Wind"],"picked":"Pommel Strike","floor":44},{"not_picked":["Infernal Blade","Armaments"],"picked":"Flex","floor":44},{"not_picked":["Run Through","Replay:Many Hands"],"picked":"Immolate","floor":45},{"not_picked":["Sever Soul+1","Combust+1"],"picked":"Whirlwind+1","floor":47},{"not_picked":["Shrug It Off","Feel No Pain+1"],"picked":"Heavy Blade","floor":48},{"not_picked":["Demonic Infusion","conspire:HitWhereItHurts"],"picked":"Brutality","floor":50},{"not_picked":["Cleave","Body Slam"],"picked":"Heavy Blade","floor":52},{"not_picked":["Shockwave","Clash"],"picked":"Flex","floor":58},{"not_picked":["Anger","Power Through","Warcry"],"picked":"SKIP","floor":61},{"not_picked":["Seeing Red","Iron Wave"],"picked":"Clash","floor":62},{"not_picked":["Headbutt","Carnage"],"picked":"Flex","floor":63},{"not_picked":["conspire:Charge","Run Through"],"picked":"ReplayTheSpireMod:Limb From Limb","floor":65},{"not_picked":["infinitespire:Execution","infinitespire:DeathsTouch"],"picked":"Replay:Fractal Strike","floor":67},{"not_picked":["Corruption","Eclipse"],"picked":"Limit Break","floor":67},{"not_picked":["Clothesline","Abandon"],"picked":"Shrug It Off+1","floor":69},{"not_picked":["Wild Strike","Hemokinesis"],"picked":"Sword Boomerang+1","floor":71},{"not_picked":["Armaments+1","Body Slam"],"picked":"Twin Strike","floor":80},{"not_picked":["Twin Strike","ReplayReversal"],"picked":"Pummel","floor":82},{"not_picked":["Wild Strike+1","Headbutt"],"picked":"Pommel Strike+1","floor":86},{"not_picked":["Armaments+1","Thunderclap"],"picked":"Dual Wield","floor":88},{"not_picked":["Clash","Cleave+1"],"picked":"Perfected Strike","floor":95},{"not_picked":["Replay:Sssssssssshield","ReplayUltimateDefense"],"picked":"Panache","floor":96},{"not_picked":["infinitespire:OneForAll","Hemokinesis"],"picked":"Clash+1","floor":97},{"not_picked":["Intimidate+1","Shrug It Off"],"picked":"Flex+1","floor":98},{"not_picked":["Thunderclap+1","Hemokinesis"],"picked":"Heavy Blade","floor":99}],"player_experience":293770,"relics_obtained":[{"floor":7,"key":"conspire:Boomerang"},{"floor":9,"key":"WingedGreaves"},{"floor":22,"key":"ReplayTheSpireMod:Ring of Addiction"},{"floor":22,"key":"Ring of Peace"},{"floor":22,"key":"White Beast Statue"},{"floor":22,"key":"Potion Belt"},{"floor":23,"key":"Eternal Feather"},{"floor":26,"key":"Bag of Preparation"},{"floor":43,"key":"ReplayTheSpireMod:Spearhead"},{"floor":44,"key":"Simple Rune"},{"floor":45,"key":"aspiration:TomeofQuesting"},{"floor":46,"key":"Golden Egg"},{"floor":60,"key":"Replay:Bottled Flurry"},{"floor":61,"key":"ReplayTheSpireMod:TigerMarble"},{"floor":63,"key":"Juzu Bracelet"},{"floor":66,"key":"conspire:BottledYoYo"},{"floor":77,"key":"Gremlin Horn"},{"floor":83,"key":"aspiration:FetidBarrel"},{"floor":90,"key":"Dream Catcher"},{"floor":94,"key":"Matryoshka"},{"floor":95,"key":"Self Forming Clay"},{"floor":97,"key":"Charon\u0027s Ashes"},{"floor":99,"key":"Replay:Towering Pillar of Hats"},{"floor":100,"key":"Replay:Kaleidoscope"}],"event_choices":[{"damage_healed":0,"gold_gain":75,"player_choice":"Gather Gold","damage_taken":11,"max_hp_gain":0,"max_hp_loss":0,"event_name":"World of Goop","floor":2,"gold_loss":0},{"damage_healed":0,"gold_gain":0,"player_choice":"Upgraded","damage_taken":0,"max_hp_gain":0,"max_hp_loss":0,"event_name":"Upgrade Shrine","floor":8,"gold_loss":0,"cards_upgraded":["Twin Strike"]},{"damage_healed":0,"gold_gain":175,"player_choice":"AGREE","damage_taken":0,"max_hp_gain":0,"max_hp_loss":0,"event_name":"Liars Game","floor":12,"gold_loss":0,"cards_obtained":["Doubt"]},{"damage_healed":26,"gold_gain":0,"player_choice":"Heal","damage_taken":0,"max_hp_gain":0,"max_hp_loss":0,"event_name":"The Library","floor":21,"gold_loss":0},{"damage_healed":0,"gold_gain":0,"player_choice":"Ignored","damage_taken":0,"max_hp_gain":0,"max_hp_loss":0,"event_name":"Beggar","floor":28,"gold_loss":0},{"damage_healed":0,"gold_gain":0,"player_choice":"Joined the Cult","damage_taken":6,"max_hp_gain":0,"max_hp_loss":0,"event_name":"Nest","floor":31,"gold_loss":0,"cards_obtained":["RitualDagger"]},{"damage_healed":0,"gold_gain":0,"player_choice":"Leave","damage_taken":0,"max_hp_gain":0,"max_hp_loss":0,"event_name":"conspire:Investor","floor":38,"gold_loss":0},{"damage_healed":0,"gold_gain":0,"player_choice":"Box","damage_taken":0,"relics_obtained":["aspiration:HummingbirdHeart"],"max_hp_gain":0,"max_hp_loss":0,"event_name":"Big Fish","floor":53,"gold_loss":0,"cards_obtained":["Regret"]},{"damage_healed":0,"gold_gain":0,"player_choice":"Upgraded","damage_taken":0,"max_hp_gain":0,"max_hp_loss":0,"event_name":"Upgrade Shrine","floor":55,"gold_loss":0,"cards_upgraded":["Flex"]},{"damage_healed":0,"gold_gain":0,"player_choice":"Obtained Relic","damage_taken":0,"relics_obtained":["Regal Pillow"],"max_hp_gain":0,"max_hp_loss":0,"event_name":"Addict","floor":72,"gold_loss":85},{"damage_healed":0,"gold_gain":0,"player_choice":"Copied","damage_taken":0,"max_hp_gain":0,"max_hp_loss":0,"event_name":"Duplicator","floor":73,"gold_loss":0,"cards_obtained":["infinitespire:Punishment"]},{"damage_healed":0,"gold_gain":0,"player_choice":"Joined the Cult","damage_taken":6,"max_hp_gain":0,"max_hp_loss":0,"event_name":"Nest","floor":75,"gold_loss":0,"cards_obtained":["RitualDagger"]},{"damage_healed":0,"gold_gain":300,"player_choice":"Gold","damage_taken":0,"max_hp_gain":0,"max_hp_loss":0,"event_name":"Wheel of Change","floor":87,"gold_loss":0},{"damage_healed":0,"gold_gain":0,"player_choice":"0 cards matched","damage_taken":0,"max_hp_gain":0,"max_hp_loss":0,"event_name":"Match and Keep!","floor":89,"gold_loss":0,"cards_obtained":[]},{"damage_healed":0,"gold_gain":0,"player_choice":"Ignored","damage_taken":0,"max_hp_gain":0,"max_hp_loss":0,"event_name":"SecretPortal","floor":92,"gold_loss":0},{"damage_healed":0,"gold_gain":0,"player_choice":"Memory 1","damage_taken":0,"max_hp_gain":0,"max_hp_loss":0,"event_name":"SensoryStone","floor":96,"gold_loss":0},{"damage_healed":0,"gold_gain":0,"player_choice":"Fight","damage_taken":0,"max_hp_gain":0,"max_hp_loss":0,"event_name":"Mysterious Sphere","floor":97,"gold_loss":0},{"damage_healed":0,"gold_gain":0,"player_choice":"Fight","damage_taken":0,"max_hp_gain":0,"max_hp_loss":0,"event_name":"MindBloom","floor":100,"gold_loss":0}],"is_beta":false,"boss_relics":[{"not_picked":["ReplayTheSpireMod:SealedPack","Kintsugi"],"picked":"aspiration:RitualDagger"},{"not_picked":["energizedSpire:StickyHand","Honey Jar"],"picked":"energizedSpire:NeverEndingSparkler"},{"not_picked":["conspire:SeveredTorchhead","Snecko Eye","ReplayTheSpireMod:DimensionalGlitch"]},{"not_picked":["Black Blood","Black Star"],"picked":"energizedSpire:DeadBattery"},{"not_picked":["Calling Bell","aspiration:FutureDiary"],"picked":"conspire:SpecialSausage"}],"items_purged_floors":[13,25,54,56,70,76,81],"is_endless":true,"potions_floor_spawned":[5,7,10,19,27,29,30,33,35,36,37,41,45,47,48,50,52,58,61,62,63,65,67,69,71,80,82,84,86,88,95,97,98,99,100],"killed_by":"LordOfAnnihilation","ascension_level":3}}