{"host":"i9lxfrw7gw0fop00","time":1609224994,"event":{"mods":["2.2 Compatiblity","AchievementEnabler","BaseMod","Beaked The Cultist","Better Altar","Better Match","Better Note","Better Sensory Stone","Better Skull","Better Third Choice","Colored Map","Colored Powertips","Downfall","Friendly Minions","Glutton Mod","Hermit","Minty Spire (QoL Compilation)","Permanent Neow","Quick Restart","Rare Cards Sparkle","Relic Sorter","Replay The Spire","Robot Space Explorer","Shade Mod","StSLib","The Construct","The Dragon Tamer","The Jungle","The Marked"],"gold_per_floor":[99,115,129,129,143,143,143,175,191,202,235,255,105,118,136,136,136,136],"floor_reached":16,"playtime":952,"items_purged":[],"score":116,"play_id":"b3b0a50e-d24f-4b47-bd82-37890b4d7af1","local_time":"20201229035634","is_ascension_mode":false,"campfire_choices":[{"floor":1,"key":"RECALL"},{"data":"Guardian:CrystalBeam","floor":13,"key":"SMITH"}],"circlet_count":0,"master_deck":["Guardian:Strike_Guardian","Guardian:Strike_Guardian","Guardian:Strike_Guardian","Guardian:Defend_Guardian","Guardian:Defend_Guardian","Guardian:Defend_Guardian","Guardian:Defend_Guardian","Guardian:CurlUp+1","Guardian:TwinSlam","Guardian:PiercingHide","Guardian:DonusPower+1","Guardian:CrystalBeam+1","Guardian:ArmoredProtocol"],"relics":["Guardian:ModeShifter","Mummified Hand","Letter Opener","ReplayTheSpireMod:TigerMarble","downfall:HeartBlessingGreen","downfall:HeartBlessingRed"],"acts_visited":["Exordium"],"potions_floor_usage":[11,16,16,16],"damage_taken":[{"damage":1,"enemies":"Small Slimes","floor":2,"turns":3},{"damage":0,"enemies":"Cultist","floor":3,"turns":3},{"damage":10,"enemies":"Jaw Worm","floor":5,"turns":4},{"damage":21,"enemies":"Gremlin Nob","floor":8,"turns":5},{"damage":3,"enemies":"Exordium Wildlife","floor":9,"turns":5},{"damage":1,"enemies":"3 Louse","floor":10,"turns":2},{"damage":24,"enemies":"3 Sentries","floor":11,"turns":7},{"damage":5,"enemies":"Blue Slaver","floor":12,"turns":2},{"damage":8,"enemies":"Exordium Thugs","floor":14,"turns":3},{"damage":0,"enemies":"Exordium Wildlife","floor":15,"turns":2},{"damage":8,"enemies":"downfall:Defect","floor":16,"turns":6}],"seed_played":"-6560893130376994943","potions_obtained":[{"floor":3,"key":"Adrenaline Potion"},{"floor":8,"key":"Swift Potion"},{"floor":10,"key":"Swift Potion"},{"floor":14,"key":"Venom Potion"}],"is_trial":false,"path_per_floor":["R_BF","M","M","?","M","?","T","E","M","M","E","M","R","M","M","B"],"character_chosen":"GUARDIAN","items_purchased":[],"campfire_rested":0,"item_purchase_floors":[],"current_hp_per_floor":[80,79,79,79,69,69,69,48,45,44,20,15,15,7,7,0,0,0],"gold":136,"neow_bonus":"THREE_CARDS","is_daily":false,"chose_seed":false,"campfire_upgraded":1,"win_rate":0.0,"timestamp":1609224994,"path_taken":["R_BF","M","M","?","M","?","T","E","M","?","E","M","R","M","M","BOSS"],"items_purchased_type":[],"build_version":"2020-12-22","purchased_purges":0,"victory":false,"max_hp_per_floor":[80,80,80,80,80,80,80,80,80,80,80,80,80,80,80,80,80,80],"card_choices":[{"not_picked":["Guardian:Gem_Cyan","Guardian:ArmoredProtocol"],"picked":"Guardian:Gem_Purple","floor":0},{"not_picked":["Guardian:Reroute","Guardian:TemporalShield"],"picked":"Guardian:PiercingHide","floor":2},{"not_picked":["Guardian:VentSteam","Guardian:Preprogram"],"picked":"Guardian:Gem_Cyan","floor":3},{"not_picked":["Guardian:SentryBeam","Guardian:RollAttack","Guardian:DonusPower"],"picked":"SKIP","floor":5},{"not_picked":["Guardian:GemFire","Guardian:TemporalShield","Guardian:Preprogram"],"picked":"SKIP","floor":8},{"not_picked":["Guardian:Gem_Cyan","Guardian:Gem_Crimson"],"picked":"Guardian:Gem_Green","floor":9},{"not_picked":["Guardian:VentSteam","Guardian:PrimingBeam"],"picked":"Guardian:CrystalBeam","floor":10},{"not_picked":["Guardian:Reroute","Guardian:RefractedBeam","Guardian:PolyBeam"],"picked":"SKIP","floor":11},{"not_picked":["Guardian:RollAttack","Guardian:Orbwalk","Guardian:Preprogram"],"picked":"SKIP","floor":12},{"not_picked":["Guardian:PrismaticBeam","Guardian:SentryBeam"],"picked":"Guardian:ArmoredProtocol","floor":14},{"not_picked":["Guardian:PrimingBeam","Guardian:PiercingHide","Guardian:TemporalShield"],"picked":"SKIP","floor":15}],"player_experience":232125,"relics_obtained":[{"floor":7,"key":"Mummified Hand"},{"floor":8,"key":"Letter Opener"},{"floor":11,"key":"ReplayTheSpireMod:TigerMarble"}],"event_choices":[{"damage_healed":0,"gold_gain":0,"player_choice":"Upgraded","damage_taken":0,"max_hp_gain":0,"max_hp_loss":0,"event_name":"Upgrade Shrine","floor":6,"gold_loss":0,"cards_upgraded":["Guardian:CurlUp"]}],"is_beta":false,"boss_relics":[],"items_purged_floors":[],"is_endless":false,"potions_floor_spawned":[3,8,10,14],"killed_by":"downfall:Defect","ascension_level":0}}