{"host":"x5anfo2w8aotfuta","time":1609282971,"event":{"mods":["AchievementEnabler","BaseMod","Bestiary","Block Reminder","Colored Map","Colored Powertips","DeckTracker","Highlight Path","Minty Spire (QoL Compilation)","Quick Restart","Rare Cards Sparkle","Relic Stats","StSLib"],"gold_per_floor":[110,124,124,56,71,71,112,132,132,132,170,184,184,199,199,199,199],"floor_reached":16,"playtime":1212,"items_purged":[],"score":146,"play_id":"5af2a7b7-10e4-499d-b2e4-93a4f407b6de","local_time":"20201229150251","is_ascension_mode":true,"campfire_choices":[{"data":"Self Repair","floor":6,"key":"SMITH"},{"data":"Reprogram","floor":13,"key":"SMITH"},{"floor":15,"key":"REST"}],"circlet_count":0,"master_deck":["Strike_B","Strike_B","Defend_B","Defend_B","Defend_B","Zap","Dualcast","Compile Driver+1","Static Discharge+1","Reprogram+1","Ball Lightning","Self Repair+1","Reprogram+1","Cold Snap","Hologram","Undo"],"relics":["Astrolabe","Golden Idol","Boot","Turnip","Eternal Feather"],"acts_visited":["Exordium"],"potions_floor_usage":[11,16],"damage_taken":[{"damage":0,"enemies":"Jaw Worm","floor":1,"turns":4},{"damage":0,"enemies":"Cultist","floor":2,"turns":3},{"damage":17,"enemies":"2 Louse","floor":5,"turns":2},{"damage":16,"enemies":"Gremlin Nob","floor":7,"turns":3},{"damage":12,"enemies":"2 Fungi Beasts","floor":8,"turns":3},{"damage":18,"enemies":"Lagavulin","floor":11,"turns":7},{"damage":10,"enemies":"3 Louse","floor":12,"turns":2},{"damage":21,"enemies":"Exordium Thugs","floor":14,"turns":6},{"damage":54,"enemies":"Hexaghost","floor":16,"turns":14}],"seed_played":"3551788559960951713","potions_obtained":[{"floor":7,"key":"Strength Potion"},{"floor":12,"key":"SteroidPotion"}],"is_trial":false,"path_per_floor":["M","M","?","$","M","R","E","M","T","?","E","M","R","M","R","B"],"character_chosen":"DEFECT","items_purchased":["Self Repair"],"campfire_rested":1,"item_purchase_floors":[4],"current_hp_per_floor":[68,68,68,68,51,51,45,43,43,36,28,18,27,16,45,0,0],"gold":199,"neow_bonus":"BOSS_RELIC","is_daily":false,"chose_seed":false,"campfire_upgraded":2,"win_rate":0.0,"timestamp":1609282971,"path_taken":["M","M","?","?","M","R","E","M","T","?","E","M","R","M","R","BOSS"],"items_purchased_type":["Card"],"build_version":"2020-12-22","purchased_purges":0,"victory":false,"max_hp_per_floor":[75,75,69,69,69,69,69,69,69,69,69,69,69,69,69,69,69],"relic_stats":{"counters":[9,44],"Golden Idol":29,"Astrolabe":["Compile Driver","Static Discharge","Reprogram"],"Eternal Feather":18,"Turnip":[4],"Boot":[3],"obtain_stats":[{"Golden Idol":3,"Astrolabe":0,"Eternal Feather":11,"Turnip":10,"Cracked Core":0,"Boot":7},{"Golden Idol":2,"Astrolabe":0,"Eternal Feather":6,"Turnip":5,"Cracked Core":0,"Boot":4},{"Golden Idol":7,"Astrolabe":0,"Eternal Feather":22,"Turnip":15,"Cracked Core":0,"Boot":12}]},"card_choices":[{"not_picked":["Stack","Cold Snap","Undo"],"picked":"SKIP","floor":1},{"not_picked":["Cold Snap","Chill"],"picked":"Ball Lightning","floor":2},{"not_picked":["Redo","Ball Lightning","Tempest"],"picked":"SKIP","floor":5},{"not_picked":["Undo","Compile Driver"],"picked":"Reprogram","floor":7},{"not_picked":["Coolheaded","Aggregate"],"picked":"Cold Snap","floor":8},{"not_picked":["Blizzard","White Noise"],"picked":"Hologram","floor":11},{"not_picked":["Stack","Thunder Strike","Gash"],"picked":"SKIP","floor":12},{"not_picked":["Recycle","Cold Snap"],"picked":"Undo","floor":14}],"player_experience":398436,"relics_obtained":[{"floor":7,"key":"Boot"},{"floor":11,"key":"Eternal Feather"}],"event_choices":[{"damage_healed":0,"gold_gain":0,"player_choice":"Lose Max HP","damage_taken":0,"relics_obtained":["Golden Idol"],"max_hp_gain":0,"max_hp_loss":6,"event_name":"Golden Idol","floor":3,"gold_loss":0},{"damage_healed":0,"gold_gain":0,"player_choice":"Success","damage_taken":7,"relics_obtained":["Turnip"],"max_hp_gain":0,"max_hp_loss":0,"event_name":"Scrap Ooze","floor":10,"gold_loss":0}],"is_beta":false,"boss_relics":[],"items_purged_floors":[],"is_endless":false,"potions_floor_spawned":[7,12],"killed_by":"Hexaghost","ascension_level":6}}