{"host":"toh0bbw446wnuexf","time":1609281176,"event":{"mods":["BaseMod","Downfall","Hermit","Minty Spire (QoL Compilation)","Random Character Button","StSLib"],"gold_per_floor":[99,118,118,118,137,122,122,137,137,153,153,153,173,191,202,202,202,202],"floor_reached":16,"playtime":795,"items_purged":[],"score":99,"play_id":"569194ad-2045-487f-91f0-1a6f52d070b5","local_time":"20201230113256","is_ascension_mode":true,"campfire_choices":[{"data":"hexamod:Float","floor":1,"key":"SMITH"},{"data":"hexamod:RadiantFlame","floor":9,"key":"SMITH"},{"data":"hexamod:Firestarter","floor":12,"key":"SMITH"}],"circlet_count":0,"master_deck":["hexamod:Strike","hexamod:Strike","hexamod:Strike","hexamod:Strike","hexamod:Defend","hexamod:Defend","hexamod:Defend","hexamod:Defend","hexamod:Float+1","hexamod:RadiantFlame+1","hexamod:Firestarter+1","hexamod:FlamesFromBeyond","hexamod:WildfireWeapon+1"],"relics":["hexamod:SpiritBrand","Frozen Egg 2"],"acts_visited":["Exordium"],"potions_floor_usage":[],"damage_taken":[{"damage":1,"enemies":"Small Slimes","floor":2,"turns":3},{"damage":0,"enemies":"2 Louse","floor":5,"turns":3},{"damage":5,"enemies":"downfall:FleeingMerchant","floor":6,"turns":4},{"damage":5,"enemies":"Jaw Worm","floor":8,"turns":3},{"damage":14,"enemies":"3 Louse","floor":10,"turns":3},{"damage":13,"enemies":"Exordium Wildlife","floor":13,"turns":4},{"damage":6,"enemies":"2 Fungi Beasts","floor":14,"turns":3},{"damage":2,"enemies":"Blue Slaver","floor":15,"turns":3},{"damage":33,"enemies":"downfall:Defect","floor":16,"turns":5}],"seed_played":"-7333407165787178517","potions_obtained":[{"floor":8,"key":"GamblersBrew"},{"floor":13,"key":"DuplicationPotion"},{"floor":14,"key":"hexamod:EctoCoolerPotion"}],"is_trial":false,"path_per_floor":["R","M","?","?","M","$","T","M","R","M","?","R","M","M","M","B"],"character_chosen":"THE_SPIRIT","items_purchased":[],"campfire_rested":0,"item_purchase_floors":[],"current_hp_per_floor":[70,69,69,69,69,64,64,59,59,45,50,50,37,31,29,0,0,0],"gold":202,"neow_bonus":"TRANSFORM_CARD","is_daily":false,"chose_seed":false,"campfire_upgraded":3,"win_rate":0.0,"timestamp":1609281176,"path_taken":["R","M","?","?","M","?","T","M","R","M","?","R","M","?","M","BOSS"],"items_purchased_type":[],"build_version":"2020-12-22","purchased_purges":0,"victory":false,"max_hp_per_floor":[70,70,70,70,70,70,70,70,70,70,75,75,75,75,75,75,75,75],"card_choices":[{"not_picked":["hexamod:ShieldOfDarkness","hexamod:AdvancingGuard","hexamod:SwordOfDarkness"],"picked":"SKIP","floor":2},{"not_picked":["hexamod:GhostOfSpirePast","hexamod:ThermalTransfer"],"picked":"hexamod:Firestarter","floor":5},{"not_picked":["hexamod:ShieldOfDarkness","hexamod:GhostLash"],"picked":"hexamod:FlamesFromBeyond","floor":6},{"not_picked":["hexamod:RainOfEmbers","hexamod:HauntingEcho","hexamod:FourthSeal"],"picked":"SKIP","floor":8},{"not_picked":["hexamod:BurningTouch","hexamod:GhostShield"],"picked":"hexamod:WildfireWeapon+1","floor":10},{"not_picked":["hexamod:GhostflameBarrier","hexamod:BurningTouch","hexamod:GhostShield"],"picked":"SKIP","floor":13},{"not_picked":["hexamod:EmpoweredFlame+1","hexamod:RecurringNightmare","hexamod:GhostOfSpireFuture+1"],"picked":"SKIP","floor":14},{"not_picked":["hexamod:Incineration","hexamod:ThirdSeal","hexamod:HeatCrush"],"picked":"SKIP","floor":15}],"player_experience":565735,"relics_obtained":[{"floor":7,"key":"Frozen Egg 2"}],"event_choices":[{"damage_healed":0,"gold_gain":0,"player_choice":"Donut","damage_taken":0,"max_hp_gain":5,"max_hp_loss":0,"event_name":"Big Fish","floor":11,"gold_loss":0}],"is_beta":false,"boss_relics":[],"items_purged_floors":[],"is_endless":false,"potions_floor_spawned":[8,13,14,15],"killed_by":"downfall:Defect","ascension_level":1}}