{"host":"Krakhan","time":1609238650,"event":{"mods":["AchievementEnabler","BaseMod","Colored Map","Colored Powertips","Faster Ascension Climbing","Highlight Path","Minty Spire (QoL Compilation)","Rare Cards Sparkle","Relic Stats","StSLib"],"gold_per_floor":[112,112,135,95,120,120,136,175,175,175,206,206,219,257,257,352,352,373,373,387,192,192,192,227,239,251,273,298,310,356,368,380,392,392],"floor_reached":33,"playtime":2156,"items_purged":["Normality"],"score":606,"play_id":"538fe581-f5e5-4100-a610-e2af58b3aa4b","local_time":"20201229054410","is_ascension_mode":true,"campfire_choices":[{"data":"Sucker Punch","floor":6,"key":"SMITH"},{"floor":10,"key":"REST"},{"floor":12,"key":"REST"},{"data":"Adrenaline","floor":15,"key":"SMITH"},{"data":"Ghostly","floor":23,"key":"SMITH"},{"data":"Ghostly","floor":29,"key":"SMITH"},{"data":"Noxious Fumes","floor":32,"key":"SMITH"}],"circlet_count":0,"master_deck":["AscendersBane","Strike_G","Strike_G","Strike_G","Strike_G","Strike_G","Defend_G","Defend_G","Defend_G","Defend_G","Defend_G","Survivor","Neutralize","Adrenaline+1","Poisoned Stab","Sucker Punch+1","Bouncing Flask","Backflip","Dagger Spray","Deadly Poison","Corpse Explosion","Venomology","Blur","Crippling Poison","Noxious Fumes+1","Ghostly+1","Ghostly+1","Ghostly","After Image","Backflip","RitualDagger"],"relics":["Ring of the Snake","Bloody Idol","Eternal Feather","Mummified Hand","Bag of Marbles","Lizard Tail","Cursed Key","MawBank","Smiling Mask"],"acts_visited":["Exordium","TheCity"],"potions_floor_usage":[8,8,8,8,11,13,24,24,27,30,30,30,33,33],"damage_taken":[{"damage":1,"enemies":"Small Slimes","floor":1,"turns":3},{"damage":0,"enemies":"Cultist","floor":3,"turns":4},{"damage":0,"enemies":"2 Louse","floor":5,"turns":3},{"damage":22,"enemies":"Exordium Thugs","floor":7,"turns":6},{"damage":31,"enemies":"3 Sentries","floor":8,"turns":11},{"damage":23,"enemies":"Gremlin Nob","floor":11,"turns":4},{"damage":7,"enemies":"Large Slime","floor":13,"turns":5},{"damage":7,"enemies":"Lagavulin","floor":14,"turns":5},{"damage":27,"enemies":"Hexaghost","floor":16,"turns":9},{"damage":8,"enemies":"Chosen","floor":18,"turns":4},{"damage":0,"enemies":"Spheric Guardian","floor":20,"turns":3},{"damage":28,"enemies":"Book of Stabbing","floor":24,"turns":6},{"damage":16,"enemies":"Chosen and Byrds","floor":27,"turns":6},{"damage":23,"enemies":"Cultist and Chosen","floor":28,"turns":6},{"damage":12,"enemies":"Slavers","floor":30,"turns":4},{"damage":45,"enemies":"Collector","floor":33,"turns":9}],"seed_played":"-7190601325081784573","potions_obtained":[{"floor":4,"key":"EntropicBrew"},{"floor":4,"key":"PowerPotion"},{"floor":8,"key":"EssenceOfSteel"},{"floor":11,"key":"SteroidPotion"},{"floor":14,"key":"Energy Potion"},{"floor":18,"key":"DuplicationPotion"},{"floor":28,"key":"LiquidMemories"},{"floor":30,"key":"EssenceOfSteel"}],"is_trial":false,"path_per_floor":["M","?","M","?","M","R","M","E","T","R","E","R","M","E","R","B",null,"M","?","M","$","?","R","E","?","T","M","M","R","E","?","R","B"],"character_chosen":"THE_SILENT","items_purchased":["Crippling Poison","Noxious Fumes"],"campfire_rested":2,"item_purchase_floors":[21,21],"current_hp_per_floor":[58,58,58,58,58,58,36,5,5,35,12,42,35,28,40,13,48,40,40,45,45,30,30,7,12,17,11,20,30,23,22,30,0,0],"gold":392,"neow_bonus":"THREE_RARE_CARDS","is_daily":false,"chose_seed":false,"campfire_upgraded":5,"win_rate":0.0,"timestamp":1609238650,"path_taken":["M","?","M","?","M","R","?","E","T","R","E","R","M","E","R","BOSS","M","?","M","$","?","R","E","?","T","M","M","R","E","?","R","BOSS"],"items_purchased_type":["Card","Card"],"build_version":"2020-12-18","purchased_purges":1,"victory":false,"max_hp_per_floor":[66,60,60,60,60,60,60,60,60,60,60,60,60,60,60,60,60,60,60,60,60,30,30,30,30,30,30,30,30,30,30,30,30,30],"relic_stats":{"Lizard Tail":15,"counters":[16,88],"Mummified Hand":[9],"Bloody Idol":50,"Eternal Feather":54,"Cursed Key":0,"MawBank":108,"Smiling Mask":0,"obtain_stats":[{"Lizard Tail":14,"Golden Idol":2,"Mummified Hand":9,"Bloody Idol":19,"Eternal Feather":8,"Bag of Marbles":11,"Cursed Key":17,"MawBank":24,"Smiling Mask":30,"Ring of the Snake":0},{"Lizard Tail":8,"Golden Idol":1,"Mummified Hand":5,"Bloody Idol":10,"Eternal Feather":5,"Bag of Marbles":6,"Cursed Key":9,"MawBank":12,"Smiling Mask":15,"Ring of the Snake":0},{"Lizard Tail":41,"Golden Idol":3,"Mummified Hand":27,"Bloody Idol":54,"Eternal Feather":27,"Bag of Marbles":31,"Cursed Key":50,"MawBank":63,"Smiling Mask":79,"Ring of the Snake":0}],"Ring of the Snake":[32]},"card_choices":[{"not_picked":["Tools of the Trade","Venomology"],"picked":"Adrenaline","floor":0},{"not_picked":["Deflect","Quick Slash"],"picked":"Poisoned Stab","floor":1},{"not_picked":["Backflip","Deflect"],"picked":"Sucker Punch","floor":3},{"not_picked":["Acrobatics","Slice"],"picked":"Bouncing Flask","floor":5},{"not_picked":["Expertise","A Thousand Cuts"],"picked":"Backflip","floor":7},{"not_picked":["Night Terror","Deadly Poison"],"picked":"Dagger Spray","floor":8},{"not_picked":["Bouncing Flask","Blade Dance","Bane"],"picked":"SKIP","floor":11},{"not_picked":["Quick Slash","Sucker Punch"],"picked":"Deadly Poison","floor":13},{"not_picked":["Slice","Flying Knee"],"picked":"Corpse Explosion","floor":14},{"not_picked":["Tools of the Trade","A Thousand Cuts"],"picked":"Venomology","floor":16},{"not_picked":["Cloak And Dagger","Infinite Blades","Dagger Throw"],"picked":"SKIP","floor":18},{"not_picked":["Deflect","Finisher"],"picked":"Blur","floor":20},{"not_picked":["Cloak And Dagger","Deadly Poison"],"picked":"After Image","floor":24},{"not_picked":["Setup","Underhanded Strike","Dodge and Roll"],"picked":"SKIP","floor":27},{"not_picked":["Deadly Poison","Underhanded Strike","Skewer"],"picked":"SKIP","floor":28},{"not_picked":["Blade Dance","Phantasmal Killer"],"picked":"Backflip","floor":30}],"player_experience":1245812,"relics_obtained":[{"floor":8,"key":"Eternal Feather"},{"floor":9,"key":"Mummified Hand"},{"floor":11,"key":"Bag of Marbles"},{"floor":14,"key":"Lizard Tail"},{"floor":24,"key":"MawBank"},{"floor":30,"key":"Smiling Mask"}],"event_choices":[{"damage_healed":0,"gold_gain":0,"player_choice":"Lose Max HP","damage_taken":0,"relics_obtained":["Golden Idol"],"max_hp_gain":0,"max_hp_loss":6,"event_name":"Golden Idol","floor":2,"gold_loss":0},{"damage_healed":0,"gold_gain":0,"player_choice":"Bought 3 Potions","damage_taken":0,"max_hp_gain":0,"max_hp_loss":0,"event_name":"The Woman in Blue","floor":4,"gold_loss":0},{"damage_healed":0,"gold_gain":0,"player_choice":"Gave Idol","damage_taken":0,"relics_obtained":["Bloody Idol"],"max_hp_gain":0,"max_hp_loss":0,"event_name":"Forgotten Altar","floor":19,"relics_lost":["Golden Idol"],"gold_loss":0},{"damage_healed":0,"gold_gain":0,"player_choice":"Became a Ghost","damage_taken":0,"max_hp_gain":0,"max_hp_loss":30,"event_name":"Ghosts","floor":22,"gold_loss":0,"cards_obtained":["Ghostly","Ghostly","Ghostly"]},{"damage_healed":0,"gold_gain":0,"player_choice":"Ignored","damage_taken":0,"max_hp_gain":0,"max_hp_loss":0,"event_name":"Cursed Tome","floor":25,"gold_loss":0},{"damage_healed":0,"gold_gain":0,"player_choice":"Joined the Cult","damage_taken":6,"max_hp_gain":0,"max_hp_loss":0,"event_name":"Nest","floor":31,"gold_loss":0,"cards_obtained":["RitualDagger"]}],"is_beta":true,"boss_relics":[{"not_picked":["Sozu","Coffee Dripper"],"picked":"Cursed Key"}],"items_purged_floors":[21],"is_endless":false,"potions_floor_spawned":[7,8,11,14,18,28,30],"killed_by":"Collector","ascension_level":20}}