{"host":"6o1vh5lr98s0jjq7","time":1609220376,"event":{"mods":["2.2 Compatiblity","Act Like it!","Aspiration","BaseMod","Better Altar","Better Match","Better Note","Better Third Choice","Conspire","Downfall","Gensokyo","Hallownest","Infinite Spire","Marisa????????","Minty Spire (QoL Compilation)","Replay The Spire","StSLib","The Alterego","WarShipGirlsR/????R mod"],"gold_per_floor":[99,99,116,116,116,134,134,165,185,110,181,106,106,106,126,238,238,238,254,329,329,329,353,378,414,339,356,356,370,396,16,40,152,152,152,21,49,49,49,61,86,86,111,133,133,151,174,174,174,192,219,315,315,315,315,315,315],"floor_reached":55,"playtime":4366,"items_purged":["Replay:Hysterical Blindness","Hallucinations","Injury"],"score":839,"play_id":"6a19b210-ce9c-434d-b5c7-8d8cbdb37acb","local_time":"20201228233936","is_ascension_mode":false,"campfire_choices":[{"floor":1.0,"key":"DIG"},{"floor":10.0,"key":"RECALL"},{"data":"hexamod:Sear","floor":12.0,"key":"SMITH"},{"floor":18.0,"key":"DIG"},{"data":"hexamod:TimeOfNeed","floor":26.0,"key":"SMITH"},{"data":"hexamod:GhostLash","floor":28.0,"key":"SMITH"},{"floor":35.0,"key":"DIG"},{"floor":42.0,"key":"REST"},{"floor":45.0,"key":"REST"},{"floor":49,"key":"REST"},{"floor":54,"key":"DIG"}],"circlet_count":0,"master_deck":["hexamod:Strike","hexamod:Strike","hexamod:Strike+1","hexamod:Defend","hexamod:Defend+1","hexamod:Defend","hexamod:Defend+1","hexamod:Sear+1","hexamod:Float","hexamod:GhostLash+1","hexamod:RainOfEmbers+1","hexamod:SpectersWail+1","hexamod:FirstSeal","hexamod:SecondSeal","hexamod:TimeOfNeed+1","hexamod:SwordOfDarkness+1","hexamod:FourthSeal","hexamod:GhostShield","hexamod:PhantomFireball+1","hexamod:NightmareStrike+1","hexamod:Rewind","hexamod:HexaLevel","hexamod:AdvancingGuard","hexamod:DynamicBlow+1","hexamod:WildfireWeapon","hexamod:RainOfEmbers+1","hexamod:Firestarter+1","hexamod:RainOfEmbers+1","hexamod:SpectersWail+1","hexamod:ThermalTransfer+1","hexamod:ShieldOfDarkness+1","hexamod:BurningTouch+1","hexamod:Haunt+1","hexamod:NightmareStrike+1","hexamod:SpectersWail+1","UltimateShortwave"],"relics":["hexamod:SpiritBrand","Lizard Tail","Molten Egg 2","Ice Cream","Omamori","downfall:HeartBlessingBlue","Blue Candle","downfall:HeartBlessingRed","Replay:Ancient Bell","MealTicket","conspire:DecoderRing","Calipers","infinitespire:PuzzleCube","Pet Ghost","Nunchaku","downfall:HeartBlessingGreen","Pen Nib","Lee\u0027s Waffle","Fusion Hammer","infinitespire:Eraser","aspiration:Lifesprig","infinitespire:Satchel","aspiration:Nostalgia","rmod:firstchargereward","aspiration:MarisaSkillbook","hexamod:IceCube","ReplayTheSpireMod:Lightbulb"],"acts_visited":["Exordium","TheCity","TheBeyond","Exordium"],"potions_floor_usage":[52,52,52,52],"damage_taken":[{"damage":0.0,"enemies":"Small Slimes","floor":3.0,"turns":3.0},{"damage":0.0,"enemies":"2 Louse","floor":6.0,"turns":1.0},{"damage":0.0,"enemies":"Gremlin Nob","floor":8.0,"turns":3.0},{"damage":1.0,"enemies":"Jaw Worm","floor":9.0,"turns":3.0},{"damage":4.0,"enemies":"Red Slaver","floor":15.0,"turns":3.0},{"damage":34.0,"enemies":"downfall:Watcher","floor":16.0,"turns":9.0},{"damage":5.0,"enemies":"3 Byrds","floor":19.0,"turns":4.0},{"damage":10.0,"enemies":"Chosen","floor":23.0,"turns":7.0},{"damage":18.0,"enemies":"Nightmare","floor":25.0,"turns":10.0},{"damage":5.0,"enemies":"Shelled Parasite and Fungi","floor":27.0,"turns":2.0},{"damage":2.0,"enemies":"Centurion and Healer","floor":29.0,"turns":6.0},{"damage":4.0,"enemies":"conspire:HollyBat","floor":30.0,"turns":8.0},{"damage":6.0,"enemies":"downfall:FleeingMerchant","floor":31.0,"turns":4.0},{"damage":6.0,"enemies":"Shelled Parasite and Fungi","floor":32.0,"turns":5.0},{"damage":26.0,"enemies":"downfall:Ironclad","floor":33.0,"turns":8.0},{"damage":1.0,"enemies":"downfall:FleeingMerchant","floor":36.0,"turns":4.0},{"damage":10.0,"enemies":"3 Shapes","floor":37.0,"turns":3.0},{"damage":3.0,"enemies":"Orb Walker","floor":40.0,"turns":3.0},{"damage":14.0,"enemies":"downfall:FleeingMerchant","floor":41.0,"turns":3.0},{"damage":26.0,"enemies":"3 Darklings","floor":44.0,"turns":3.0},{"damage":33.0,"enemies":"Sphere and 2 Shapes","floor":46.0,"turns":5.0},{"damage":42.0,"enemies":"4 Shapes","floor":47.0,"turns":6.0},{"damage":0,"enemies":"Transient","floor":50,"turns":5},{"damage":42,"enemies":"Writhing Mass","floor":51,"turns":5},{"damage":22,"enemies":"downfall:Silent","floor":52,"turns":4},{"damage":0,"enemies":"2 Louse","floor":55,"turns":1}],"seed_played":"-4850319655975129290","potions_obtained":[{"floor":0.0,"key":"Flashbang"},{"floor":0.0,"key":"Explosive Potion"},{"floor":0.0,"key":"SteroidPotion"},{"floor":3.0,"key":"FearPotion"},{"floor":6.0,"key":"Languid Potion"},{"floor":8.0,"key":"BlessingOfTheForge"},{"floor":9.0,"key":"Weak Potion"},{"floor":19.0,"key":"ColorlessPotion"},{"floor":20.0,"key":"downfall:CursedFountainPotion"},{"floor":23.0,"key":"SteroidPotion"},{"floor":23.0,"key":"DuplicationPotion"},{"floor":27.0,"key":"SteroidPotion"},{"floor":29.0,"key":"AttackPotion"},{"floor":29.0,"key":"EssenceOfSteel"},{"floor":30.0,"key":"Dexterity Potion"},{"floor":31.0,"key":"Ancient Potion"},{"floor":32.0,"key":"Guardian:BlockOnCardUsePotion"},{"floor":32.0,"key":"Adrenaline Potion"},{"floor":33.0,"key":"Venom Potion"},{"floor":36.0,"key":"Fruit Juice"},{"floor":37.0,"key":"hexamod:EctoCoolerPotion"},{"floor":40.0,"key":"hexamod:InfernoChargePotion"},{"floor":46.0,"key":"ColorlessPotion"},{"floor":50,"key":"PowerPotion"},{"floor":51,"key":"GamblersBrew"},{"floor":51,"key":"champ:CounterPotion"},{"floor":52,"key":"GamblersBrew"}],"is_trial":false,"path_per_floor":["R","?","M","?","T","M","T","E","M","R","T","R","?","?","M","B",null,"R","M","?","?","?","M","T","NM","R","M","R","M","M","$","M","B",null,"R","$","M","PTL","PTL","M","$","R","T","M","R","M","M","AVR","R","M","M","B",null,"R","M"],"character_chosen":"THE_SPIRIT","items_purchased":["Pen Nib","Lee\u0027s Waffle","hexamod:Firestarter+1","aspiration:Lifesprig","hexamod:ShieldOfDarkness+1"],"campfire_rested":3,"item_purchase_floors":[31,31,36,41,41],"current_hp_per_floor":[70,70,70,70,70,70,70,70,69,79,79,79,79,79,80,53,80,80,80,80,80,80,77,77,66,66,61,61,66,69,87,87,68,87,87,87,82,82,82,86,78,92,92,66,92,66,31,31,58,65,30,8,92,92,92,92,92],"gold":315,"neow_bonus":"THREE_SMALL_POTIONS","is_daily":false,"chose_seed":false,"campfire_upgraded":3,"win_rate":0.0,"timestamp":1609220376,"path_taken":["R","?","M","?","?","?","T","E","M","R","?","R","?","?","M","BOSS","R","M","?","?","?","M","T","NM","R","M","R","M","M","$","M","BOSS","R","$","M","PTL","PTL","M","$","R","T","M","R","M","M","AVR","R","M","M","BOSS","R","M"],"items_purchased_type":["Relic","Relic","Card","Relic","Card"],"build_version":"2020-12-22","purchased_purges":3,"victory":false,"max_hp_per_floor":[70,70,70,70,70,70,70,70,70,80,80,80,80,80,80,80,80,80,80,80,80,80,80,80,80,80,80,80,80,80,87,87,87,87,87,87,92,92,92,92,92,92,92,92,92,92,92,92,92,92,92,92,92,92,92,92,92],"card_choices":[{"not_picked":["hexamod:GhostShield","hexamod:EtherealExpedition"],"picked":"hexamod:GhostLash","floor":3.0},{"not_picked":["hexamod:HauntingEcho+1","hexamod:SearingWound"],"picked":"hexamod:RainOfEmbers+1","floor":6.0},{"not_picked":["hexamod:RadiantFlame","hexamod:BurningTouch"],"picked":"hexamod:SpectersWail+1","floor":8.0},{"not_picked":["hexamod:NightmareGuise","hexamod:ChargedBarrage"],"picked":"hexamod:FirstSeal","floor":9.0},{"not_picked":["hexamod:SkipABeat","hexamod:ThermalTransfer+1"],"picked":"hexamod:SecondSeal","floor":15.0},{"not_picked":["hexamod:TimeWarp+1","hexamod:GiftsFromTheDead"],"picked":"hexamod:TimeOfNeed","floor":16.0},{"not_picked":["Amnesia","Hallownest:curseDreamersLament"],"picked":"Replay:Hysterical Blindness","floor":17.0},{"not_picked":["ReplayTheSpireMod:Doomed","Doubt"],"picked":"Replay:Hysterical Blindness","floor":17.0},{"not_picked":["ReplayTheSpireMod:Doomed","Decay"],"picked":"Hallucinations","floor":17.0},{"not_picked":["hexamod:GhostOfSpireFuture+1","hexamod:GhostShield"],"picked":"hexamod:SwordOfDarkness+1","floor":19.0},{"not_picked":["hexamod:InspiringFlames+1","hexamod:Again"],"picked":"hexamod:GhostShield","floor":23.0},{"not_picked":["hexamod:NightmareStrike+1","hexamod:RetreatToShadows"],"picked":"hexamod:PhantomFireball+1","floor":25.0},{"not_picked":["hexamod:Firestarter+1","hexamod:NightmareGuise"],"picked":"hexamod:NightmareStrike+1","floor":27.0},{"not_picked":["hexamod:Firestarter+1","hexamod:ShieldOfDarkness+1"],"picked":"hexamod:Rewind","floor":29.0},{"not_picked":["hexamod:ShieldOfDarkness","hexamod:NightmareGuise"],"picked":"hexamod:HexaLevel","floor":30.0},{"not_picked":["hexamod:SpectersWail+1","hexamod:SecondSeal"],"picked":"hexamod:AdvancingGuard","floor":31.0},{"not_picked":["hexamod:NightmareStrike+1","hexamod:NightmareGuise"],"picked":"hexamod:DynamicBlow+1","floor":32.0},{"not_picked":["hexamod:GiftsFromTheDead","hexamod:VolcanoVisage"],"picked":"hexamod:WildfireWeapon","floor":33.0},{"not_picked":["hexamod:DynamicBlow+1","hexamod:FourthSeal"],"picked":"hexamod:RainOfEmbers+1","floor":36.0},{"not_picked":["hexamod:FastForward","hexamod:HeatCrush+1"],"picked":"hexamod:RainOfEmbers+1","floor":37.0},{"not_picked":["hexamod:RadiantFlame+1","hexamod:GhostOfSpirePast"],"picked":"hexamod:SpectersWail+1","floor":40.0},{"not_picked":["hexamod:GhostShield","hexamod:GhostOfSpireFuture"],"picked":"hexamod:ThermalTransfer+1","floor":41.0},{"not_picked":["hexamod:ThermalTransfer+1","hexamod:NightmareStrike+1"],"picked":"hexamod:BurningTouch+1","floor":44.0},{"not_picked":["hexamod:SwordOfDarkness+1","hexamod:GhostLash+1"],"picked":"hexamod:Haunt+1","floor":46.0},{"not_picked":["hexamod:BacktrackSmack+1","hexamod:RainOfEmbers+1"],"picked":"hexamod:NightmareStrike+1","floor":47.0},{"not_picked":["StarBarrage+1","JA+1","WitchOfGreed+1"],"picked":"hexamod:SpectersWail+1","floor":50},{"not_picked":["Robbery+1","hexamod:FourthSeal","hexamod:ShieldOfDarkness+1","ShootingEcho+1"],"picked":"SKIP","floor":51},{"not_picked":["AbsoluteMagnitude+1","hexamod:HexaLevel","hexamod:TimeWarp+1"],"picked":"UltimateShortwave","floor":52}],"player_experience":297644,"relics_obtained":[{"floor":1.0,"key":"Lizard Tail"},{"floor":5.0,"key":"Ice Cream"},{"floor":8.0,"key":"Omamori"},{"floor":11.0,"key":"Blue Candle"},{"floor":18.0,"key":"infinitespire:PuzzleCube"},{"floor":24.0,"key":"Pet Ghost"},{"floor":25.0,"key":"Nunchaku"},{"floor":35.0,"key":"infinitespire:Eraser"},{"floor":43.0,"key":"infinitespire:Satchel"},{"floor":54,"key":"ReplayTheSpireMod:Lightbulb"}],"event_choices":[{"cards_removed":["hexamod:TimeOfNeed"],"damage_healed":0.0,"max_hp_gain":0.0,"max_hp_loss":0.0,"gold_gain":0.0,"event_name":"betterNote:BetterNote","player_choice":"Give","floor":21.0,"gold_loss":0.0,"damage_taken":0.0,"cards_obtained":["sneckomod:Unknown"]}],"is_beta":false,"boss_relics":[{"not_picked":["Sozu","ReplayTheSpireMod:DimensionalGlitch"],"picked":"Replay:Ancient Bell"},{"not_picked":["aspiration:HiddenCompartment","Centennial Puzzle"],"picked":"MealTicket"},{"not_picked":["Eternal Feather","conspire:Flyswatter"],"picked":"conspire:DecoderRing"},{"not_picked":["Du-Vu Doll","Replay:Kaleidoscope"],"picked":"Calipers"},{"not_picked":["aspiration:WatcherSkillbook","Calling Bell"],"picked":"Fusion Hammer"},{"not_picked":["Empty Cage","aspiration:PoetsPen_weak"],"picked":"hexamod:IceCube"}],"items_purged_floors":[31,36,41],"is_endless":true,"potions_floor_spawned":[3,6,8,9,19,23,27,29,32,37,40,46,51,52],"killed_by":"2 Louse","ascension_level":0}}