{"host":"ky7z67tg8zpdk0g7","time":1609222966,"event":{"mods":["BaseMod","Better Third Choice","CapriCore","Displayed Cursed Tome","Energized Spire","Halation","Hubris","Minty Spire (QoL Compilation)","Replay The Spire","Shop Mod","StSLib"],"gold_per_floor":[365,23,23,41,94,94,112,145,145,145,157,157,169,180,180,285,285,299,374,392,410,509,509,509],"floor_reached":23,"playtime":946,"items_purged":[],"score":251,"play_id":"d9bb3e61-7d25-4a0b-9737-b4ab43dd5a6f","local_time":"20201229132246","is_ascension_mode":true,"campfire_choices":[{"data":"hubris:ReadiedAction","floor":6.0,"key":"SMITH"},{"data":"Armaments","floor":10.0,"key":"SMITH"},{"data":"Fire Breathing","floor":12.0,"key":"SMITH"},{"data":"Rampage","floor":15.0,"key":"SMITH"}],"circlet_count":0,"master_deck":["Strike_R","Strike_R","Strike_R","Strike_R","Defend_R","Defend_R","Defend_R","Defend_R","Bash","Headbutt","Anger","hubris:ReadiedAction+1","Armaments+1","Fire Breathing+1","Infernal Blade","Rampage+1","Berserk","Battle Trance","ReplayTheSpireMod:Muscle Training","Cleave"],"relics":["Burning Blood","Mango","hubris:SlimyHat","Replay:Kaleidoscope","Gremlin Horn","Painkiller Herb"],"acts_visited":["Exordium","TheCity"],"potions_floor_usage":[20,20,21,23],"damage_taken":[{"damage":5.0,"enemies":"Small Slimes","floor":1.0,"turns":3.0},{"damage":1.0,"enemies":"Cultist","floor":4.0,"turns":3.0},{"damage":6.0,"enemies":"2 Louse","floor":7.0,"turns":3.0},{"damage":30.0,"enemies":"Lagavulin","floor":8.0,"turns":5.0},{"damage":15.0,"enemies":"Large Slime","floor":11.0,"turns":4.0},{"damage":15.0,"enemies":"Lots of Slimes","floor":13.0,"turns":3.0},{"damage":9.0,"enemies":"Red Slaver","floor":14.0,"turns":2.0},{"damage":12.0,"enemies":"Fading Forest","floor":16.0,"turns":11.0},{"damage":30.0,"enemies":"Shell Parasite","floor":18.0,"turns":6.0},{"damage":13,"enemies":"2 Thieves","floor":20,"turns":3},{"damage":34,"enemies":"3 Cultists","floor":21,"turns":6},{"damage":23,"enemies":"Gremlin Leader","floor":23,"turns":2}],"seed_played":"-4258428856992425562","potions_obtained":[{"floor":1.0,"key":"DuplicationPotion"},{"floor":4.0,"key":"SpeedPotion"},{"floor":5.0,"key":"Reflective Coating"},{"floor":5.0,"key":"AttackPotion"},{"floor":16.0,"key":"ColorlessPotion"},{"floor":20,"key":"LiquidMemories"},{"floor":21,"key":"PowerPotion"}],"is_trial":false,"path_per_floor":["M","$","?","M","?","R","M","E","T","R","M","R","M","M","R","B",null,"?","?","?","?","?","E"],"character_chosen":"IRONCLAD","items_purchased":["Mango","Anger"],"campfire_rested":0,"item_purchase_floors":[2,2],"current_hp_per_floor":[52,66,66,71,71,71,71,47,47,47,38,38,29,26,26,32,79,55,46,39,11,11,0,0],"gold":509,"neow_bonus":"TWO_FIFTY_GOLD","is_daily":false,"chose_seed":false,"campfire_upgraded":4,"win_rate":0.0,"timestamp":1609222966,"path_taken":["M","$","?","M","?","R","M","E","T","R","M","R","?","M","R","BOSS","?","?","?","?","?","E"],"items_purchased_type":["Relic","Card"],"build_version":"2020-12-22","purchased_purges":0,"victory":false,"max_hp_per_floor":[80,94,94,94,94,94,94,94,94,94,94,94,94,94,94,94,94,94,94,94,94,94,94,94],"card_choices":[{"not_picked":["Second Wind","True Grit"],"picked":"Headbutt","floor":1.0},{"not_picked":["Sentinel","Bloodletting","True Grit"],"picked":"SKIP","floor":4.0},{"not_picked":["Exhume","Flame Barrier"],"picked":"hubris:ReadiedAction","floor":5.0},{"not_picked":["Clash","Reckless Charge"],"picked":"Armaments","floor":7.0},{"not_picked":["ReplayReversal","Cleave"],"picked":"Fire Breathing","floor":8.0},{"not_picked":["Wild Strike","Clothesline"],"picked":"Infernal Blade","floor":11.0},{"not_picked":["Shockwave","Corruption"],"picked":"Rampage","floor":13.0},{"not_picked":["Clothesline","Body Slam","Abandon"],"picked":"SKIP","floor":14.0},{"not_picked":["Bludgeon","Exhume"],"picked":"Berserk","floor":16.0},{"not_picked":["Shockwave","Clash"],"picked":"Battle Trance","floor":18.0},{"not_picked":["Clash","Replay:Undeath\u0027s Touch+1"],"picked":"ReplayTheSpireMod:Muscle Training","floor":20},{"not_picked":["Warcry","Heavy Blade"],"picked":"Cleave","floor":21}],"player_experience":44146,"relics_obtained":[{"floor":5.0,"key":"hubris:SlimyHat"},{"floor":8.0,"key":"Replay:Kaleidoscope"},{"floor":9.0,"key":"Gremlin Horn"}],"event_choices":[{"damage_healed":0,"gold_gain":75,"player_choice":"Touch","damage_taken":9,"max_hp_gain":0,"max_hp_loss":0,"event_name":"FaceTrader","floor":19,"gold_loss":0},{"damage_healed":0,"gold_gain":99,"player_choice":"Steal","damage_taken":0,"max_hp_gain":0,"max_hp_loss":0,"event_name":"betterThird:BetterNest","floor":22,"gold_loss":0}],"is_beta":false,"boss_relics":[{"not_picked":["Ring of Chaos","Honey Jar"],"picked":"Painkiller Herb"}],"items_purged_floors":[],"is_endless":false,"potions_floor_spawned":[1,4,16,20,21],"killed_by":"Gremlin Leader","ascension_level":6}}