{"host":"nmjik3bzoelmmajy","time":1609259659,"event":{"mods":["BaseMod","Better Third Choice","Colored Map","DeckTracker","Minty Spire (QoL Compilation)","Quick Restart","Say the Spire","StSLib","SuperFastMode"],"gold_per_floor":[116,17,29,29,45,78,78,104,149,182,195,210,46,59,59,136,136,150,150,164,164,23,23,42,42,42,42,56,56,67,87,87,166,166,177,177,177,196,196,196,196,196],"floor_reached":41,"playtime":1627,"items_purged":["Pain","Strike_G"],"score":779,"play_id":"ad9b7d03-4402-42a6-a236-d7c1a9d496bd","local_time":"20201230013419","is_ascension_mode":true,"campfire_choices":[{"data":"Dagger Spray","floor":7,"key":"SMITH"},{"floor":15,"key":"REST"},{"data":"Bouncing Flask","floor":23,"key":"SMITH"},{"data":"Catalyst","floor":27,"key":"SMITH"},{"floor":32,"key":"REST"},{"data":"Backflip","floor":40,"key":"SMITH"}],"circlet_count":0,"master_deck":["AscendersBane","Strike_G+1","Strike_G+1","Defend_G","Defend_G","Defend_G","Defend_G","Defend_G","Survivor","Neutralize","Dagger Throw","Accuracy","Backflip+1","Blade Dance","Dagger Spray+1","Reflex","Bouncing Flask+1","Heel Hook","Infinite Blades","Cloak And Dagger","Catalyst+1","Prepared","Adrenaline","Escape Plan","Decay","Footwork","Acrobatics","Terror","After Image","Blur+1"],"relics":["Ring of the Serpent","Akabeko","WarpedTongs","Letter Opener","Potion Belt","Whetstone","Art of War","Empty Cage","HornCleat","Ornamental Fan"],"acts_visited":["Exordium","TheCity","TheBeyond"],"potions_floor_usage":[6,10,12,14,16,16,16,18,20,25,31,33,33],"damage_taken":[{"damage":0,"enemies":"Cultist","floor":1,"turns":4},{"damage":0,"enemies":"2 Louse","floor":3,"turns":3},{"damage":0,"enemies":"Small Slimes","floor":5,"turns":5},{"damage":18,"enemies":"Lagavulin","floor":6,"turns":8},{"damage":14,"enemies":"3 Sentries","floor":8,"turns":5},{"damage":7,"enemies":"Gremlin Nob","floor":10,"turns":3},{"damage":4,"enemies":"Red Slaver","floor":11,"turns":4},{"damage":9,"enemies":"Exordium Wildlife","floor":12,"turns":4},{"damage":0,"enemies":"Gremlin Gang","floor":14,"turns":1},{"damage":13,"enemies":"Hexaghost","floor":16,"turns":6},{"damage":7,"enemies":"Shell Parasite","floor":18,"turns":5},{"damage":3,"enemies":"Spheric Guardian","floor":20,"turns":3},{"damage":9,"enemies":"Centurion and Healer","floor":24,"turns":6},{"damage":0,"enemies":"Slavers","floor":25,"turns":1},{"damage":19,"enemies":"Snecko","floor":28,"turns":4},{"damage":0,"enemies":"Snake Plant","floor":30,"turns":3},{"damage":0,"enemies":"Sentry and Sphere","floor":31,"turns":3},{"damage":73,"enemies":"Automaton","floor":33,"turns":10},{"damage":22,"enemies":"3 Darklings","floor":35,"turns":8},{"damage":5,"enemies":"Orb Walker","floor":38,"turns":4},{"damage":49,"enemies":"Transient","floor":41,"turns":3}],"seed_played":"4886345796510971178","potions_obtained":[{"floor":3,"key":"ColorlessPotion"},{"floor":5,"key":"Swift Potion"},{"floor":10,"key":"Weak Potion"},{"floor":11,"key":"SteroidPotion"},{"floor":14,"key":"EntropicBrew"},{"floor":16,"key":"EntropicBrew"},{"floor":30,"key":"BlessingOfTheForge"}],"is_trial":false,"path_per_floor":["M","$","M","?","M","E","R","E","T","E","M","M","$","M","R","B",null,"M","?","M","?","$","R","M","E","T","R","M","$","M","M","R","B",null,"M","T","?","M","?","R","M"],"character_chosen":"THE_SILENT","items_purchased":["Accuracy","Backflip","Catalyst","Footwork"],"campfire_rested":2,"item_purchase_floors":[2,2,13,22],"current_hp_per_floor":[59,59,59,59,59,41,41,27,27,20,16,7,7,7,26,13,53,46,46,43,43,43,43,34,34,34,34,15,15,15,15,34,5,51,29,29,29,24,24,24,0,0],"gold":196,"neow_bonus":"RANDOM_COMMON_RELIC","is_daily":false,"chose_seed":false,"campfire_upgraded":4,"win_rate":0.0,"timestamp":1609259659,"path_taken":["M","$","M","?","M","E","R","E","T","E","?","M","?","M","R","BOSS","M","?","M","?","$","R","M","E","T","R","M","$","M","M","R","BOSS","M","?","?","?","?","R","?"],"items_purchased_type":["Card","Card","Card","Card"],"build_version":"2020-12-22","purchased_purges":2,"victory":false,"max_hp_per_floor":[66,66,66,66,66,66,66,66,66,66,66,66,66,66,66,66,66,66,66,66,66,66,66,66,66,66,66,66,66,66,66,66,66,66,66,66,66,66,66,66,66,66],"card_choices":[{"not_picked":["Setup","Slice"],"picked":"Dagger Throw","floor":1},{"not_picked":["Expertise","Underhanded Strike"],"picked":"Blade Dance","floor":3},{"not_picked":["Poisoned Stab","Dodge and Roll"],"picked":"Dagger Spray","floor":5},{"not_picked":["Predator","Deflect"],"picked":"Reflex","floor":6},{"not_picked":["Slice","Crippling Poison"],"picked":"Bouncing Flask","floor":8},{"not_picked":["Blade Dance","Sucker Punch"],"picked":"Heel Hook","floor":10},{"not_picked":["Cloak And Dagger","Envenom"],"picked":"Infinite Blades","floor":11},{"not_picked":["Crippling Poison","Dash"],"picked":"Cloak And Dagger","floor":12},{"not_picked":["Sucker Punch","Poisoned Stab"],"picked":"Prepared","floor":14},{"not_picked":["Envenom","Glass Knife"],"picked":"Adrenaline","floor":16},{"not_picked":["Setup","Backstab"],"picked":"Escape Plan","floor":18},{"not_picked":["Dagger Throw","Outmaneuver","Cloak And Dagger"],"picked":"SKIP","floor":20},{"not_picked":["Backflip","Prepared"],"picked":"Acrobatics","floor":24},{"not_picked":["Cloak And Dagger","Poisoned Stab","Deflect"],"picked":"SKIP","floor":28},{"not_picked":["Eviscerate+1","Blade Dance"],"picked":"Terror","floor":30},{"not_picked":["Dagger Spray","Flying Knee","Prepared+1"],"picked":"SKIP","floor":31},{"not_picked":["Glass Knife","Unload"],"picked":"After Image","floor":33},{"not_picked":["Leg Sweep","Accuracy"],"picked":"Blur+1","floor":35},{"not_picked":["Poisoned Stab","Dagger Spray+1","Deflect"],"picked":"SKIP","floor":38}],"player_experience":827849,"relics_obtained":[{"floor":6,"key":"Letter Opener"},{"floor":8,"key":"Potion Belt"},{"floor":9,"key":"Whetstone"},{"floor":10,"key":"Art of War"},{"floor":26,"key":"HornCleat"},{"floor":36,"key":"Ornamental Fan"}],"event_choices":[{"damage_healed":0,"gold_gain":0,"player_choice":"Rummage","damage_taken":0,"relics_obtained":["WarpedTongs"],"max_hp_gain":0,"max_hp_loss":0,"event_name":"Accursed Blacksmith","floor":4,"gold_loss":0,"cards_obtained":["Pain"]},{"damage_healed":0,"gold_gain":0,"player_choice":"Smashed Altar","damage_taken":0,"max_hp_gain":0,"max_hp_loss":0,"event_name":"Forgotten Altar","floor":19,"gold_loss":0,"cards_obtained":["Decay"]},{"damage_healed":0,"gold_gain":0,"player_choice":"Got Potions","damage_taken":0,"max_hp_gain":0,"max_hp_loss":0,"event_name":"Lab","floor":21,"gold_loss":0},{"damage_healed":0,"gold_gain":0,"player_choice":"0 cards matched","damage_taken":0,"max_hp_gain":0,"max_hp_loss":0,"event_name":"Match and Keep!","floor":37,"gold_loss":0,"cards_obtained":[]},{"damage_healed":0,"gold_gain":0,"player_choice":"Ignored","damage_taken":0,"max_hp_gain":0,"max_hp_loss":0,"event_name":"betterThird:BetterPortal","floor":39,"gold_loss":0}],"is_beta":false,"boss_relics":[{"not_picked":["Tiny House","Sozu"],"picked":"Empty Cage"},{"not_picked":["Runic Pyramid","HoveringKite"],"picked":"Ring of the Serpent"}],"items_purged_floors":[13,22],"is_endless":false,"potions_floor_spawned":[3,5,10,11,14,16,20,25,30],"killed_by":"Transient","ascension_level":16}}