{"host":"nptej036rrbiurf5","time":1609207677,"event":{"mods":["BaseMod","Colored Map","Colored Powertips","DeckTracker","Minty Spire (QoL Compilation)","StSLib","SuperFastMode"],"gold_per_floor":[110,110,260,270,270,289,289,309,309,47,60,75,75,95,95,95,95],"floor_reached":16,"playtime":334,"items_purged":[],"score":179,"play_id":"e867cc75-b38c-4650-9167-88fc179456e2","local_time":"20201229110757","is_ascension_mode":true,"campfire_choices":[{"data":"Coolheaded","floor":7,"key":"SMITH"},{"data":"Consume","floor":13,"key":"SMITH"},{"data":"Coolheaded","floor":15,"key":"SMITH"}],"circlet_count":0,"master_deck":["AscendersBane","Strike_B","Strike_B","Strike_B","Strike_B","Defend_B","Defend_B","Defend_B","Defend_B","Zap","Dualcast","Coolheaded","Coolheaded+1","Leap","Sweeping Beam","Consume+1","Coolheaded+1","Consume"],"relics":["Cracked Core","NeowsBlessing","Cables","White Beast Statue"],"acts_visited":["Exordium"],"potions_floor_usage":[12,14,16,16],"damage_taken":[{"damage":0,"enemies":"Jaw Worm","floor":1,"turns":1},{"damage":0,"enemies":"Small Slimes","floor":4,"turns":1},{"damage":0,"enemies":"2 Louse","floor":6,"turns":1},{"damage":8,"enemies":"Looter","floor":8,"turns":3},{"damage":9,"enemies":"Blue Slaver","floor":11,"turns":4},{"damage":7,"enemies":"Red Slaver","floor":12,"turns":6},{"damage":15,"enemies":"Gremlin Gang","floor":14,"turns":3},{"damage":38,"enemies":"Slime Boss","floor":16,"turns":11}],"seed_played":"9056376773255752102","potions_obtained":[{"floor":6,"key":"LiquidMemories"},{"floor":11,"key":"Regen Potion"},{"floor":12,"key":"LiquidBronze"},{"floor":14,"key":"LiquidMemories"}],"is_trial":false,"path_per_floor":["M","?","?","M","?","M","R","M","T","$","M","M","R","M","R","B"],"character_chosen":"DEFECT","items_purchased":["White Beast Statue"],"campfire_rested":0,"item_purchase_floors":[10],"current_hp_per_floor":[64,69,69,69,62,62,62,54,54,54,45,53,53,38,38,0,0],"gold":95,"neow_bonus":"THREE_ENEMY_KILL","is_daily":false,"chose_seed":false,"campfire_upgraded":3,"win_rate":0.0,"timestamp":1609207677,"path_taken":["M","?","?","M","?","M","R","M","T","?","M","M","R","M","R","BOSS"],"items_purchased_type":["Relic"],"build_version":"2020-12-22","purchased_purges":0,"victory":false,"max_hp_per_floor":[71,76,76,76,76,76,76,76,76,76,76,76,76,76,76,76,76],"card_choices":[{"not_picked":["Turbo","Beam Cell"],"picked":"Coolheaded","floor":1},{"not_picked":["Beam Cell","Storm"],"picked":"Coolheaded","floor":4},{"not_picked":["Rebound","Beam Cell"],"picked":"Leap","floor":6},{"not_picked":["Coolheaded","Beam Cell"],"picked":"Sweeping Beam","floor":8},{"not_picked":["Hologram","Stack"],"picked":"Consume","floor":11},{"not_picked":["Sweeping Beam","Steam"],"picked":"Coolheaded","floor":12},{"not_picked":["Conserve Battery","Rebound"],"picked":"Consume","floor":14}],"player_experience":866388,"relics_obtained":[{"floor":9,"key":"Cables"}],"event_choices":[{"damage_healed":0,"gold_gain":0,"player_choice":"Donut","damage_taken":0,"max_hp_gain":5,"max_hp_loss":0,"event_name":"Big Fish","floor":2,"gold_loss":0},{"damage_healed":0,"gold_gain":150,"player_choice":"AGREE","damage_taken":0,"max_hp_gain":0,"max_hp_loss":0,"event_name":"Liars Game","floor":3,"gold_loss":0,"cards_obtained":["Doubt"]},{"cards_removed":["Doubt"],"damage_healed":0,"gold_gain":0,"player_choice":"Card Removal","damage_taken":7,"max_hp_gain":0,"max_hp_loss":0,"event_name":"Golden Wing","floor":5,"gold_loss":0}],"is_beta":false,"boss_relics":[],"items_purged_floors":[],"is_endless":false,"potions_floor_spawned":[6,11,12,14],"killed_by":"Slime Boss","ascension_level":18}}