{"host":"14s6l0jal5czqon2","time":1609285869,"event":{"mods":["AchievementEnabler","BaseMod","Downfall","Hermit","Minty Spire (QoL Compilation)","Quick Restart","Replay The Spire","StSLib"],"gold_per_floor":[99,115,115,115,131,49,149,179,204,224,244,244,263,278,278,112,125,226,226,226,241,257,47,60,70,70,70,55,55,55],"floor_reached":28,"playtime":1438,"items_purged":["champ:Strike"],"score":247,"play_id":"87192b91-c07b-495a-a9a2-d3f9b5bd371e","local_time":"20201229185109","is_ascension_mode":false,"campfire_choices":[{"floor":1,"key":"DIG"},{"data":"champ:Taunt","floor":12,"key":"SMITH"},{"data":"champ:Execute","floor":15,"key":"SMITH"},{"data":"champ:PerfectForm","floor":20,"key":"SMITH"},{"data":"champ:IronFortress","floor":27,"key":"SMITH"}],"circlet_count":0,"master_deck":["champ:Strike","champ:Strike","champ:Strike","champ:Defend","champ:Defend","champ:Defend","champ:Defend","champ:Execute+1","champ:Taunt+1","champ:DefensiveStyle","champ:FanOfKnives","champ:IronFortress","champ:ArenaPreparation","champ:BringItOn","champ:RisingSlash","champ:FanOfKnives","champ:Encircle","champ:PerfectForm+1","champ:CalledShot","champ:Backstep","champ:IronFortress","champ:AdrenalArmor","champ:StanceDance","champ:Shatter+1","champ:PerfectedStrike","champ:IronFortress+1","champ:RisingSlash","champ:FlashCut"],"relics":["champ:ChampionCrown","Du-Vu Doll","Lantern","Vajra","Lee\u0027s Waffle","Velvet Choker","BargainBundle","Eternal Feather"],"acts_visited":["Exordium","TheCity"],"potions_floor_usage":[8,11,13,23,25],"damage_taken":[{"damage":22,"enemies":"Cultist","floor":2,"turns":5},{"damage":17,"enemies":"2 Louse","floor":5,"turns":3},{"damage":10,"enemies":"downfall:FleeingMerchant","floor":6,"turns":4},{"damage":42,"enemies":"3 Sentries","floor":8,"turns":10},{"damage":25,"enemies":"Jaw Worm","floor":10,"turns":3},{"damage":5,"enemies":"Exordium Thugs","floor":11,"turns":7},{"damage":6,"enemies":"3 Louse","floor":13,"turns":3},{"damage":8,"enemies":"2 Fungi Beasts","floor":14,"turns":3},{"damage":11,"enemies":"downfall:FleeingMerchant","floor":16,"turns":4},{"damage":13,"enemies":"Exordium Wildlife","floor":17,"turns":3},{"damage":91,"enemies":"downfall:Defect","floor":18,"turns":7},{"damage":20,"enemies":"Chosen","floor":21,"turns":4},{"damage":45,"enemies":"Snake Plant","floor":22,"turns":4},{"damage":54,"enemies":"downfall:FleeingMerchant","floor":23,"turns":4},{"damage":34,"enemies":"Snecko","floor":24,"turns":4},{"damage":47,"enemies":"Centurion and Healer","floor":25,"turns":8},{"damage":42,"enemies":"downfall:FleeingMerchant","floor":28,"turns":4}],"seed_played":"-2350472517801821622","potions_obtained":[{"floor":2,"key":"Guardian:BlockOnCardUsePotion"},{"floor":5,"key":"Swift Potion"},{"floor":11,"key":"AttackPotion"},{"floor":18,"key":"Guardian:BlockOnCardUsePotion"},{"floor":22,"key":"Languid Potion"}],"is_trial":false,"path_per_floor":["R","M","PTL","PTL","M","$","?","E","T","M","M","R","M","M","R","$","M","B",null,"R","M","M","$","M","M","T","R","$"],"character_chosen":"THE_CHAMP","items_purchased":["champ:IronFortress","Lee\u0027s Waffle","BargainBundle","champ:IronFortress","champ:AdrenalArmor","champ:StanceDance","champ:Shatter+1","champ:PerfectedStrike"],"campfire_rested":0,"item_purchase_floors":[6,16,23,23,23,23,23,23],"current_hp_per_floor":[99,87,87,87,75,75,75,46,46,46,44,44,44,44,44,106,106,50,106,106,106,85,85,70,55,55,70,56,56,56],"gold":55,"neow_bonus":"TEN_PERCENT_HP_BONUS","is_daily":false,"chose_seed":false,"campfire_upgraded":4,"win_rate":0.0,"timestamp":1609285869,"path_taken":["R","M","PTL","PTL","M","?","?","E","T","M","M","R","?","M","R","$","M","BOSS","R","M","M","$","M","M","T","R","$"],"items_purchased_type":["Card","Relic","Relic","Card","Card","Card","Card","Card"],"build_version":"2020-12-22","purchased_purges":1,"victory":false,"max_hp_per_floor":[99,99,99,99,99,99,99,99,99,99,99,99,99,99,99,106,106,106,106,106,106,106,106,106,106,106,106,106,106,106],"card_choices":[{"not_picked":["champ:Haymaker","champ:DefensiveShout"],"picked":"champ:DefensiveStyle","floor":2},{"not_picked":["champ:Backstep","champ:GutPunch"],"picked":"champ:FanOfKnives","floor":5},{"not_picked":["champ:FocusedDefense","champ:GladiatorsShout","champ:Lariat"],"picked":"SKIP","floor":6},{"not_picked":["champ:SwordThrow","champ:FocusedGladiator"],"picked":"champ:ArenaPreparation","floor":8},{"not_picked":["champ:Circumvent","champ:GutPunch"],"picked":"champ:BringItOn","floor":10},{"not_picked":["champ:FightOn","champ:IronFortress"],"picked":"champ:RisingSlash","floor":11},{"not_picked":["champ:DefensiveShout","champ:AdrenalArmor"],"picked":"champ:FanOfKnives","floor":13},{"not_picked":["champ:FocusedDefense","champ:ArenaPreparation","champ:FocusedGladiator"],"picked":"SKIP","floor":14},{"not_picked":["champ:EnragedBash","champ:FaceSlap"],"picked":"champ:Encircle","floor":16},{"not_picked":["champ:RisingSlash","champ:Haymaker","champ:EnGarde"],"picked":"SKIP","floor":17},{"not_picked":["champ:IgnorePain","champ:StrikeOfGenius"],"picked":"champ:PerfectForm","floor":18},{"not_picked":["champ:CrookedStrike","champ:FlashCut"],"picked":"champ:CalledShot","floor":21},{"not_picked":["champ:BerserkersShout","champ:EnGarde","champ:Encircle"],"picked":"SKIP","floor":22},{"not_picked":["champ:StanceDance","champ:VampiricStrike"],"picked":"champ:Backstep","floor":23},{"not_picked":["champ:BladeFlurry","champ:Backstep"],"picked":"champ:IronFortress","floor":24},{"not_picked":["champ:DefensiveStyle+1","champ:GladiatorsShout"],"picked":"champ:RisingSlash","floor":25},{"not_picked":["champ:Circumvent","champ:StanceDance+1"],"picked":"champ:FlashCut","floor":28}],"player_experience":533227,"relics_obtained":[{"floor":1,"key":"Du-Vu Doll"},{"floor":8,"key":"Lantern"},{"floor":9,"key":"Vajra"},{"floor":26,"key":"Eternal Feather"}],"event_choices":[],"is_beta":false,"boss_relics":[{"not_picked":["Fusion Hammer","ReplayTheSpireMod:DimensionalGlitch"],"picked":"Velvet Choker"}],"items_purged_floors":[23],"is_endless":false,"potions_floor_spawned":[2,5,11,18,22],"ascension_level":0}}