{"host":"qie07cxbi2v0we72","time":1609246297,"event":{"mods":["BaseMod","Minty Spire (QoL Compilation)","Relic Stats","StSLib","SuperFastMode","Waifu the Spire","thorton"],"gold_per_floor":[123,177,224,18,36,36,85,85,111,111,146,146,146],"floor_reached":11,"playtime":694,"items_purged":[],"score":72,"play_id":"2220b8b1-63da-493f-9a95-d6e7054491ad","local_time":"20201229135137","is_ascension_mode":true,"campfire_choices":[{"floor":6,"key":"REST"},{"floor":10,"key":"REST"}],"circlet_count":0,"master_deck":["thethorton:Strike","thethorton:Strike","thethorton:Strike","thethorton:Strike","thethorton:Defend","thethorton:Defend","thethorton:Defend","thethorton:Defend","thethorton:Heckle","thethorton:CreditCard","Normality","thethorton:ROI","thethorton:BusinessCard","thethorton:Investment","thethorton:HedgeFund","Sadistic Nature","thethorton:BusinessCard","thethorton:OddChange"],"relics":["thethorton:CouragePotion","Smiling Mask","Pen Nib"],"acts_visited":["Exordium"],"potions_floor_usage":[1,1,1,2],"damage_taken":[{"damage":21,"enemies":"Jaw Worm","floor":1,"turns":9},{"damage":28,"enemies":"Small Slimes","floor":2,"turns":6},{"damage":4,"enemies":"2 Louse","floor":3,"turns":7},{"damage":6,"enemies":"2 Fungi Beasts","floor":5,"turns":4},{"damage":31,"enemies":"3 Louse","floor":7,"turns":7},{"damage":34,"enemies":"3 Sentries","floor":11,"turns":4}],"seed_played":"6711743197475553829","potions_obtained":[{"floor":0,"key":"EssenceOfSteel"},{"floor":0,"key":"EssenceOfSteel"},{"floor":0,"key":"EssenceOfSteel"},{"floor":1,"key":"Regen Potion"},{"floor":5,"key":"Strength Potion"}],"is_trial":false,"path_per_floor":["M","M","M","$","M","R","M","?","T","R","E"],"character_chosen":"THE_THORT","items_purchased":["thethorton:HedgeFund","Sadistic Nature"],"campfire_rested":2,"item_purchase_floors":[4,4],"current_hp_per_floor":[47,34,30,30,24,44,13,13,13,33,0,0,0],"gold":146,"neow_bonus":"THREE_SMALL_POTIONS","is_daily":false,"chose_seed":false,"campfire_upgraded":0,"win_rate":0.0,"timestamp":1609246297,"path_taken":["M","M","M","$","M","R","M","?","T","R","E"],"items_purchased_type":["Card","Card"],"build_version":"2020-12-22","purchased_purges":0,"victory":false,"max_hp_per_floor":[68,68,68,68,68,68,68,68,68,68,68,68,68],"relic_stats":{"counters":[6,37],"Pen Nib":[0],"Smiling Mask":0,"obtain_stats":[{"Pen Nib":9,"thethorton:CouragePotion":0,"Smiling Mask":8},{"Pen Nib":5,"thethorton:CouragePotion":0,"Smiling Mask":5},{"Pen Nib":33,"thethorton:CouragePotion":0,"Smiling Mask":33}]},"card_choices":[{"not_picked":["thethorton:SicklyRun","thethorton:PocketChange"],"picked":"thethorton:ROI","floor":1},{"not_picked":["thethorton:SicklyRun","thethorton:Hindsight"],"picked":"thethorton:BusinessCard","floor":2},{"not_picked":["thethorton:BookBash","thethorton:PocketChange"],"picked":"thethorton:Investment","floor":3},{"not_picked":["thethorton:CowardiceForm","thethorton:HitAhead"],"picked":"thethorton:BusinessCard","floor":5},{"not_picked":["thethorton:DownPayment","thethorton:ElbowSmash"],"picked":"thethorton:OddChange","floor":7}],"player_experience":896105,"relics_obtained":[{"floor":9,"key":"Pen Nib"}],"event_choices":[{"damage_healed":0,"gold_gain":0,"player_choice":"Searched \u00271\u0027 times","damage_taken":0,"relics_obtained":["Smiling Mask"],"max_hp_gain":0,"max_hp_loss":0,"event_name":"Dead Adventurer","floor":8,"gold_loss":0}],"is_beta":false,"boss_relics":[],"items_purged_floors":[],"is_endless":false,"potions_floor_spawned":[1,5],"killed_by":"3 Sentries","ascension_level":2}}