{"host":"xy5qih4nvxccm4rc","time":1609279634,"event":{"mods":["AchievementEnabler","BaseMod","Minty Spire (QoL Compilation)","StSLib"],"gold_per_floor":[118,128,128,26,101,127,146,179,229,257,207,241,241,260,260,260,260],"floor_reached":16,"playtime":1176,"items_purged":[],"score":168,"play_id":"6855d1b6-9a47-4b3f-983f-417ff768e997","local_time":"20201229160714","is_ascension_mode":true,"campfire_choices":[{"data":"Venomology","floor":13,"key":"SMITH"},{"data":"Dash","floor":15,"key":"SMITH"}],"circlet_count":0,"master_deck":["Strike_G","Strike_G","Strike_G","Strike_G","Defend_G","Defend_G","Defend_G","Defend_G","Survivor","Neutralize","Dagger Spray","Backflip","Dash+1","Venomology+1","Flying Knee","Distraction","Poisoned Stab","Dodge and Roll"],"relics":["Ring of the Snake","NeowsBlessing","StrikeDummy","Art of War","Smiling Mask","Gambling Chip","CeramicFish"],"acts_visited":["Exordium"],"potions_floor_usage":[4,8,10,10,12,14,16,16,16,16],"damage_taken":[{"damage":0,"enemies":"Cultist","floor":1,"turns":1},{"damage":0,"enemies":"Small Slimes","floor":2,"turns":1},{"damage":0,"enemies":"Lagavulin","floor":6,"turns":1},{"damage":4,"enemies":"Jaw Worm","floor":7,"turns":2},{"damage":14,"enemies":"Gremlin Nob","floor":8,"turns":5},{"damage":22,"enemies":"Lagavulin","floor":10,"turns":7},{"damage":13,"enemies":"3 Sentries","floor":12,"turns":8},{"damage":1,"enemies":"Lots of Slimes","floor":14,"turns":3},{"damage":10,"enemies":"Hexaghost","floor":16,"turns":9}],"seed_played":"-1022230101645711840","potions_obtained":[{"floor":7,"key":"SpeedPotion"},{"floor":8,"key":"Energy Potion"},{"floor":10,"key":"CunningPotion"},{"floor":14,"key":"Energy Potion"}],"is_trial":false,"path_per_floor":["M","M","?","$","?","E","M","E","T","E","?","E","R","M","R","B"],"character_chosen":"THE_SILENT","items_purchased":["Fruit Juice"],"campfire_rested":0,"item_purchase_floors":[4],"current_hp_per_floor":[70,70,63,68,61,61,57,43,43,21,21,8,8,7,7,0,0],"gold":260,"neow_bonus":"THREE_ENEMY_KILL","is_daily":false,"chose_seed":false,"campfire_upgraded":2,"win_rate":0.0,"timestamp":1609279634,"path_taken":["M","?","?","$","?","E","?","E","T","E","?","E","R","M","R","BOSS"],"items_purchased_type":["Potion"],"build_version":"2020-12-22","purchased_purges":0,"victory":false,"max_hp_per_floor":[70,70,70,75,75,75,75,75,75,75,75,75,75,75,75,75,75],"card_choices":[{"not_picked":["Dagger Throw","Backflip"],"picked":"Dagger Spray","floor":1},{"not_picked":["Blade Dance","Cloak And Dagger"],"picked":"Backflip","floor":2},{"not_picked":["Choke","Outmaneuver"],"picked":"Dash","floor":6},{"not_picked":["Underhanded Strike","Cloak And Dagger"],"picked":"Venomology","floor":7},{"not_picked":["Prepared","Quick Slash"],"picked":"Flying Knee","floor":8},{"not_picked":["Underhanded Strike","Accuracy"],"picked":"Distraction","floor":10},{"not_picked":["Underhanded Strike","Unload"],"picked":"Poisoned Stab","floor":12},{"not_picked":["Reflex","Dagger Throw"],"picked":"Dodge and Roll","floor":14}],"player_experience":316547,"relics_obtained":[{"floor":6,"key":"StrikeDummy"},{"floor":8,"key":"Art of War"},{"floor":9,"key":"Smiling Mask"},{"floor":10,"key":"Gambling Chip"},{"floor":12,"key":"CeramicFish"}],"event_choices":[{"cards_removed":["Defend_G"],"damage_healed":0,"gold_gain":0,"player_choice":"Card Removal","damage_taken":7,"max_hp_gain":0,"max_hp_loss":0,"event_name":"Golden Wing","floor":3,"gold_loss":0},{"damage_healed":0,"gold_gain":75,"player_choice":"Touch","damage_taken":7,"max_hp_gain":0,"max_hp_loss":0,"event_name":"FaceTrader","floor":5,"gold_loss":0},{"cards_removed":["Strike_G"],"damage_healed":0,"gold_gain":0,"player_choice":"Card Removal","damage_taken":0,"max_hp_gain":0,"max_hp_loss":0,"event_name":"The Cleric","floor":11,"gold_loss":50}],"is_beta":false,"boss_relics":[],"items_purged_floors":[],"is_endless":false,"potions_floor_spawned":[7,8,10,14],"killed_by":"Hexaghost","ascension_level":2}}