{"host":"bq4pt811tk9yrmjl","time":1609280497,"event":{"mods":["AchievementEnabler","BaseMod","Colored Map","Colored Powertips","Defuse TimeMaze Blight","Hermit","Minty Spire (QoL Compilation)","StSLib","SuperFastMode"],"gold_per_floor":[113,288,58,58,77,77,112,112,157,182,218,241,58,98,98,219,219,234,247,247,247,267,307,307,345,368,411,411,427,467,467,467,595,595,615,673,379,399,246,246,246,246,271,286,311,330,330,351,351,351,351],"floor_reached":50,"playtime":1389,"items_purged":["Doubt"],"score":618,"play_id":"db06e971-03f0-4f2b-ad57-73aeb938efa1","local_time":"20201229202137","is_ascension_mode":true,"campfire_choices":[{"data":"Melter","floor":6.0,"key":"SMITH"},{"data":"Reinforced Body","floor":8.0,"key":"SMITH"},{"floor":15.0,"key":"REST"},{"floor":24.0,"key":"REST"},{"data":"Dualcast","floor":28.0,"key":"SMITH"},{"data":"Static Discharge","floor":32.0,"key":"SMITH"},{"floor":40,"key":"REST"},{"floor":42,"key":"RECALL"},{"data":"Core Surge","floor":49,"key":"SMITH"}],"circlet_count":0,"master_deck":["Strike_B","Strike_B","Defend_B","Defend_B","Defend_B+1","Defend_B","Zap+1","Dualcast+1","Auto Shields","Melter+1","Reinforced Body+1","Self Repair","Core Surge+1","Ball Lightning","Panacea+1","Go for the Eyes+1","Hologram+1","White Noise+1","Force Field+1","Beam Cell+1","Ball Lightning+1","Conserve Battery","Streamline+1"],"relics":["Cracked Core","NeowsBlessing","War Paint","Golden Idol","PreservedInsect","White Beast Statue","Toy Ornithopter","FossilizedHelix","SlaversCollar","Art of War","Bottled Flame","Anchor","Ice Cream","Peace Pipe","Empty Cage","Mango","ClockworkSouvenir","Oddly Smooth Stone","Nunchaku","Pen Nib"],"acts_visited":["Exordium","TheCity","TheBeyond"],"potions_floor_usage":[33,33,36,36,36,38,44,45,47,47,50],"damage_taken":[{"damage":0.0,"enemies":"Cultist","floor":1.0,"turns":1.0},{"damage":0.0,"enemies":"Small Slimes","floor":5.0,"turns":1.0},{"damage":0.0,"enemies":"3 Sentries","floor":7.0,"turns":1.0},{"damage":0.0,"enemies":"Jaw Worm","floor":10.0,"turns":3.0},{"damage":14.0,"enemies":"Gremlin Nob","floor":11.0,"turns":3.0},{"damage":1.0,"enemies":"Exordium Thugs","floor":12.0,"turns":4.0},{"damage":15.0,"enemies":"3 Sentries","floor":14.0,"turns":5.0},{"damage":5.0,"enemies":"The Guardian","floor":16.0,"turns":14.0},{"damage":26.0,"enemies":"2 Thieves","floor":18.0,"turns":4.0},{"damage":0.0,"enemies":"Shell Parasite","floor":19.0,"turns":5.0},{"damage":29.0,"enemies":"3 Cultists","floor":22.0,"turns":6.0},{"damage":21.0,"enemies":"Slavers","floor":23.0,"turns":4.0},{"damage":14.0,"enemies":"Book of Stabbing","floor":25.0,"turns":5.0},{"damage":16.0,"enemies":"Slavers","floor":27.0,"turns":5.0},{"damage":0.0,"enemies":"Centurion and Healer","floor":29.0,"turns":11.0},{"damage":6.0,"enemies":"Gremlin Leader","floor":30.0,"turns":8.0},{"damage":45,"enemies":"Champ","floor":33,"turns":15},{"damage":0,"enemies":"Orb Walker","floor":35,"turns":4},{"damage":67,"enemies":"2 Orb Walkers","floor":36,"turns":5},{"damage":5,"enemies":"3 Darklings","floor":38,"turns":8},{"damage":0,"enemies":"Sphere and 2 Shapes","floor":44,"turns":6},{"damage":0,"enemies":"Transient","floor":45,"turns":5},{"damage":0,"enemies":"4 Shapes","floor":46,"turns":9},{"damage":0,"enemies":"Jaw Worm Horde","floor":47,"turns":2},{"damage":10,"enemies":"Spire Growth","floor":48,"turns":5},{"damage":89,"enemies":"Awakened One","floor":50,"turns":14}],"seed_played":"8774434710441812856","potions_obtained":[{"floor":1.0,"key":"EntropicBrew"},{"floor":7.0,"key":"Ancient Potion"},{"floor":11.0,"key":"Strength Potion"},{"floor":12.0,"key":"Block Potion"},{"floor":14.0,"key":"SteroidPotion"},{"floor":18.0,"key":"Swift Potion"},{"floor":22.0,"key":"SteroidPotion"},{"floor":23.0,"key":"PowerPotion"},{"floor":25.0,"key":"BlessingOfTheForge"},{"floor":27.0,"key":"DuplicationPotion"},{"floor":29.0,"key":"Explosive Potion"},{"floor":30.0,"key":"LiquidMemories"},{"floor":33,"key":"Explosive Potion"},{"floor":35,"key":"EntropicBrew"},{"floor":38,"key":"SmokeBomb"},{"floor":44,"key":"Block Potion"},{"floor":45,"key":"Strength Potion"},{"floor":46,"key":"PowerPotion"},{"floor":48,"key":"Fire Potion"}],"is_trial":false,"path_per_floor":["M","?","$","?","M","R","E","R","T","M","E","M","$","E","R","B",null,"M","M","?","?","M","E","R","E","T","E","R","M","E","?","R","B",null,"M","?","$","M","$","R","?","R","T","M","M","M","M","M","R","B"],"character_chosen":"DEFECT","items_purchased":["War Paint","Toy Ornithopter","Self Repair","ClockworkSouvenir","Oddly Smooth Stone","Nunchaku"],"campfire_rested":3,"item_purchase_floors":[3,13,13,37,37,39],"current_hp_per_floor":[75,75,75,57,57,57,57,57,57,57,43,42,42,39,61,63,75,56,63,63,63,56,47,69,67,67,58,58,65,71,71,71,37,75,75,29,29,36,36,62,62,62,62,74,86,89,89,86,86,0,0],"gold":351,"neow_bonus":"THREE_ENEMY_KILL","is_daily":false,"chose_seed":false,"campfire_upgraded":5,"win_rate":0.0,"timestamp":1609280497,"path_taken":["M","?","$","?","M","R","E","R","T","M","E","M","?","E","R","BOSS","M","M","?","?","M","E","R","E","T","E","R","?","E","?","R","BOSS","M","?","$","M","$","R","?","R","T","M","M","M","M","M","R","BOSS"],"items_purchased_type":["Relic","Relic","Card","Relic","Relic","Relic"],"build_version":"2020-12-22","purchased_purges":1,"victory":false,"max_hp_per_floor":[75,75,75,75,75,75,75,75,75,75,75,75,75,75,75,75,75,75,75,75,75,75,75,75,75,75,75,75,75,75,75,75,75,75,75,89,89,89,89,89,89,89,89,89,89,89,89,89,89,89,89],"card_choices":[{"not_picked":["Redo","Consume"],"picked":"Auto Shields","floor":1.0},{"not_picked":["Sunder","Recycle"],"picked":"Melter","floor":5.0},{"not_picked":["Fusion","Barrage"],"picked":"Reinforced Body","floor":7.0},{"not_picked":["Turbo","Stack","Gash"],"picked":"SKIP","floor":10.0},{"not_picked":["Skim","Machine Learning"],"picked":"Static Discharge","floor":11.0},{"not_picked":["Auto Shields","Genetic Algorithm","Steam"],"picked":"SKIP","floor":12.0},{"not_picked":["Genetic Algorithm","Leap","FTL"],"picked":"SKIP","floor":14.0},{"not_picked":["Fission","All For One"],"picked":"Core Surge","floor":16.0},{"not_picked":["Reinforced Body","Steam"],"picked":"Ball Lightning","floor":18.0},{"not_picked":["Capacitor","Darkness"],"picked":"Beam Cell","floor":19.0},{"not_picked":["White Noise","Rebound"],"picked":"Go for the Eyes+1","floor":22.0},{"not_picked":["Turbo","Steam","Ball Lightning"],"picked":"SKIP","floor":23.0},{"not_picked":["Machine Learning","Biased Cognition"],"picked":"Hologram+1","floor":25.0},{"not_picked":["Double Energy","Cold Snap+1","Steam"],"picked":"SKIP","floor":27.0},{"not_picked":["FTL","Rebound"],"picked":"White Noise+1","floor":29.0},{"not_picked":["Seek","Barrage+1"],"picked":"Force Field+1","floor":30.0},{"not_picked":["Coolheaded","Double Energy+1"],"picked":"Beam Cell+1","floor":35},{"not_picked":["Hologram","Steam"],"picked":"Ball Lightning+1","floor":36},{"not_picked":["Barrage+1","Rebound+1"],"picked":"Conserve Battery","floor":38},{"not_picked":["Chill","Chaos"],"picked":"Streamline+1","floor":44},{"not_picked":["Compile Driver+1","Chill+1","Gash+1"],"picked":"SKIP","floor":45},{"not_picked":["Sweeping Beam+1","Compile Driver","Aggregate"],"picked":"SKIP","floor":46},{"not_picked":["Seek","Ball Lightning+1","Genetic Algorithm"],"picked":"SKIP","floor":48}],"player_experience":138933,"relics_obtained":[{"floor":7.0,"key":"PreservedInsect"},{"floor":11.0,"key":"White Beast Statue"},{"floor":14.0,"key":"FossilizedHelix"},{"floor":23.0,"key":"Art of War"},{"floor":25.0,"key":"Bottled Flame"},{"floor":26.0,"key":"Anchor"},{"floor":27.0,"key":"Ice Cream"},{"floor":30.0,"key":"Peace Pipe"},{"floor":36,"key":"Mango"},{"floor":43,"key":"Pen Nib"}],"event_choices":[{"damage_healed":0.0,"max_hp_gain":0.0,"max_hp_loss":0.0,"gold_gain":175.0,"event_name":"Liars Game","player_choice":"AGREE","floor":2.0,"gold_loss":0.0,"damage_taken":0.0,"cards_obtained":["Doubt"]},{"damage_healed":0.0,"max_hp_gain":0.0,"max_hp_loss":0.0,"gold_gain":0.0,"event_name":"Golden Idol","player_choice":"Take Damage","floor":4.0,"gold_loss":0.0,"damage_taken":18.0,"relics_obtained":["Golden Idol"]},{"damage_healed":0.0,"max_hp_gain":0.0,"max_hp_loss":0.0,"gold_gain":0.0,"event_name":"Beggar","player_choice":"Ignored","floor":20.0,"gold_loss":0.0,"damage_taken":0.0},{"cards_removed":["Beam Cell"],"damage_healed":0.0,"max_hp_gain":0.0,"max_hp_loss":0.0,"gold_gain":0.0,"event_name":"NoteForYourself","player_choice":"Took Card","floor":21.0,"gold_loss":0.0,"damage_taken":0.0,"cards_obtained":["Panacea"]},{"damage_healed":0.0,"max_hp_gain":0.0,"max_hp_loss":0.0,"gold_gain":0.0,"event_name":"Cursed Tome","player_choice":"Ignored","floor":31.0,"gold_loss":0.0,"damage_taken":0.0},{"damage_healed":0,"gold_gain":0,"player_choice":"Fight","damage_taken":0,"max_hp_gain":0,"max_hp_loss":0,"event_name":"Mysterious Sphere","floor":36,"gold_loss":0},{"cards_removed":["Static Discharge"],"damage_healed":0,"gold_gain":0,"player_choice":"Removed Power","damage_taken":0,"max_hp_gain":0,"max_hp_loss":0,"event_name":"Falling","floor":41,"gold_loss":0}],"is_beta":false,"boss_relics":[{"not_picked":["Velvet Choker","Runic Dome"],"picked":"SlaversCollar"},{"not_picked":["FrozenCore","Tiny House"],"picked":"Empty Cage"}],"items_purged_floors":[3],"is_endless":false,"potions_floor_spawned":[1,7,11,12,14,16,18,19,22,23,25,27,29,30,33,35,36,38,44,45,46,47,48],"killed_by":"Awakened One","ascension_level":1}}