{"host":"kmq7aw60w430zvtx","time":1609260925,"event":{"mods":["BaseMod","Downfall","GifTheSpireLib","Hermit","Hubris","Minty Spire (QoL Compilation)","Replay The Spire","StSLib","The Construct","The Cursed","The Hierophant","The Jungle","The Necromancer","The Runesmith"],"gold_per_floor":[116,131,131,146,221,256,256,288,288,288,320,333,10,40,40,135,135,153,153,153,103,103,132,151,165,189,88,101,101,101,111,111,212,212,226,226,276,295,171,203,253,253,253,263,263,263,283,283,283,283,283],"floor_reached":50,"playtime":2622,"items_purged":["Strike_R","Writhe","Defend_R","Strike_R"],"score":674,"play_id":"498f9cc6-8444-4dcc-a58f-d9e1076823cc","local_time":"20201229175525","is_ascension_mode":true,"campfire_choices":[{"data":"Combust","floor":7,"key":"SMITH"},{"floor":15,"key":"RECALL"},{"floor":29,"key":"REST"},{"floor":32,"key":"REST"},{"floor":42,"key":"REST"},{"floor":46,"key":"REST"},{"data":"Rupture","floor":49,"key":"SMITH"}],"circlet_count":0,"master_deck":["Strike_R","Strike_R","Defend_R","Defend_R","Bash","Clash","Second Wind+1","Clothesline","Combust+1","Run Through","Carnage","Anger","Rupture+1","Heavy Blade","Corruption","Sword Boomerang+1","ReplayTheSpireMod:LeadingStrike+1","Run Through+1","Feel No Pain+1","Dropkick+1","Rampage","Feed","Wild Strike+1","Pommel Strike+1","Anger","Infernal Blade","Intimidate","Intimidate","Iron Wave","ReplayTheSpireMod:Splinters","Twin Strike+1","Combust+1","Reckless Charge","Uppercut","Replay:Bootleg Shield Generator"],"relics":["Burning Blood","Smiling Mask","Blue Doll","hubris:Towel","Happy Flower","ClockworkSouvenir","HornCleat","Philosopher\u0027s Stone","Shovel","Pantograph","Omamori","Boot","Replay:Ancient Bell","Juzu Bracelet","hubris:MysteriousPyramids","Counterbalance","Incense Burner","Anchor","Iron Hammer","hubris:Reverence"],"acts_visited":["Exordium","theJungle:Jungle","TheBeyond"],"potions_floor_usage":[8,8,14,23,23,24,28,44,47,50],"damage_taken":[{"damage":14,"enemies":"Jaw Worm","floor":1,"turns":5},{"damage":2,"enemies":"Small Slimes","floor":2,"turns":3},{"damage":0,"enemies":"2 Louse","floor":4,"turns":3},{"damage":29,"enemies":"3 Sentries","floor":6,"turns":10},{"damage":2,"enemies":"Gremlin Nob","floor":8,"turns":4},{"damage":27,"enemies":"Lagavulin","floor":11,"turns":4},{"damage":8,"enemies":"Large Slime","floor":12,"turns":4},{"damage":16,"enemies":"3 Sentries","floor":14,"turns":4},{"damage":12,"enemies":"Slime Boss","floor":16,"turns":7},{"damage":32,"enemies":"theJungle:5_Spyders","floor":18,"turns":7},{"damage":47,"enemies":"theJungle:MamaSnecko","floor":23,"turns":5},{"damage":21,"enemies":"theJungle:MUSHROOMGANG","floor":24,"turns":3},{"damage":25,"enemies":"theJungle:Snecko_Cultist_And_Trap","floor":25,"turns":5},{"damage":3,"enemies":"theJungle:Lyon","floor":28,"turns":3},{"damage":9,"enemies":"theJungle:2_Snecko_Cultists","floor":31,"turns":4},{"damage":52,"enemies":"theJungle:FunGuy","floor":33,"turns":8},{"damage":16,"enemies":"Orb Walker","floor":35,"turns":4},{"damage":10,"enemies":"Mind Bloom Boss Battle","floor":37,"turns":5},{"damage":37,"enemies":"3 Shapes","floor":38,"turns":6},{"damage":9,"enemies":"R_Hoarder","floor":40,"turns":7},{"damage":59,"enemies":"Maw","floor":44,"turns":8},{"damage":9,"enemies":"3 Darklings","floor":47,"turns":3},{"damage":99,"enemies":"Awakened One","floor":50,"turns":7}],"seed_played":"3739630084263186819","potions_obtained":[{"floor":1,"key":"BloodPotion"},{"floor":4,"key":"Flashbang"},{"floor":6,"key":"ColorlessPotion"},{"floor":11,"key":"Energy Potion"},{"floor":16,"key":"construct:ShiftPotion"},{"floor":18,"key":"Block Potion"},{"floor":24,"key":"Swift Potion"},{"floor":28,"key":"champ:CounterPotion"},{"floor":35,"key":"Venom Potion"},{"floor":38,"key":"Regen Potion"},{"floor":41,"key":"Explosive Potion"},{"floor":47,"key":"AttackPotion"}],"is_trial":false,"path_per_floor":["M","M","?","M","?","E","R","E","T","?","E","M","$","E","R","B",null,"M","?","?","$","?","E","M","M","T","$","M","R","T","M","R","B",null,"M","?","?","M","$","E","?","R","T","M","?","R","M","?","R","B"],"character_chosen":"IRONCLAD","items_purchased":["Rupture","ClockworkSouvenir","Regen Potion","Feel No Pain+1","Infernal Blade","Intimidate"],"campfire_rested":4,"item_purchase_floors":[13,13,13,27,39,39],"current_hp_per_floor":[80,84,84,88,88,65,65,69,69,69,48,46,46,48,48,42,88,62,62,52,52,88,47,49,30,30,30,33,59,59,56,82,42,88,78,78,84,56,56,53,53,80,80,41,41,68,65,65,65,0,0],"gold":283,"neow_bonus":"TEN_PERCENT_HP_BONUS","is_daily":false,"chose_seed":false,"campfire_upgraded":2,"win_rate":0.0,"timestamp":1609260925,"path_taken":["M","M","?","M","?","E","R","E","T","?","E","M","$","E","R","BOSS","M","?","?","$","?","E","M","?","T","$","M","R","?","M","R","BOSS","M","?","?","M","$","E","?","R","T","M","?","R","M","?","R","BOSS"],"items_purchased_type":["Card","Relic","Potion","Card","Card","Card"],"build_version":"2020-12-22","purchased_purges":4,"victory":false,"max_hp_per_floor":[88,88,88,88,88,88,88,88,88,88,88,88,88,88,88,88,88,88,88,88,88,88,88,88,88,88,88,88,88,88,88,88,88,88,88,88,88,91,91,91,91,91,91,91,91,91,91,91,91,94,94],"card_choices":[{"not_picked":["Dark Embrace","Clothesline"],"picked":"Clash","floor":1},{"not_picked":["True Grit","Dual Wield"],"picked":"Second Wind","floor":2},{"not_picked":["Headbutt","Disarm"],"picked":"Clothesline","floor":4},{"not_picked":["Whirlwind","True Grit"],"picked":"Combust","floor":6},{"not_picked":["Sword Boomerang","Dual Wield"],"picked":"Run Through","floor":8},{"not_picked":["Body Slam","Warcry"],"picked":"Carnage","floor":11},{"not_picked":["Warcry","ReplayReversal"],"picked":"Anger","floor":12},{"not_picked":["Defy Death","Warcry"],"picked":"Heavy Blade","floor":14},{"not_picked":["Barricade","Exhume"],"picked":"Corruption","floor":16},{"not_picked":["Abandon+1","Flex"],"picked":"Sword Boomerang+1","floor":18},{"not_picked":["Pommel Strike","Heavy Blade+1"],"picked":"ReplayTheSpireMod:LeadingStrike+1","floor":23},{"not_picked":["Whirlwind","Anger"],"picked":"Run Through+1","floor":24},{"not_picked":["hubris:ReadiedAction","Battle Trance","Wild Strike"],"picked":"SKIP","floor":25},{"not_picked":["Headbutt","Abandon"],"picked":"Dropkick+1","floor":28},{"not_picked":["Body Slam","Replay:Undeath\u0027s Touch"],"picked":"Rampage","floor":31},{"not_picked":["Immolate","Juggernaut"],"picked":"Feed","floor":33},{"not_picked":["Delirium","Decay"],"picked":"TheCursedMod:Dregs","floor":34},{"not_picked":["hubris:Lust","hubris:Despair"],"picked":"Clumsy","floor":34},{"not_picked":["ReplayTheSpireMod:Faulty Equipment","hubris:Sloth"],"picked":"sneckomod:Bewildered","floor":34},{"not_picked":["Headbutt+1","Twin Strike"],"picked":"Wild Strike+1","floor":35},{"not_picked":["Thunderclap","Flex"],"picked":"Pommel Strike+1","floor":37},{"not_picked":["Warcry","Exhume"],"picked":"Anger","floor":38},{"not_picked":["Reckless Charge","Whirlwind"],"picked":"Iron Wave","floor":40},{"not_picked":["ReplayTheSpireMod:Muscle Training","Replay:Undeath\u0027s Touch"],"picked":"Twin Strike+1","floor":41},{"not_picked":["Flex","Bloodletting"],"picked":"Combust+1","floor":44},{"not_picked":["Havoc+1","Warcry+1"],"picked":"Uppercut","floor":47},{"not_picked":["Secret Technique","Master of Strategy"],"picked":"Replay:Bootleg Shield Generator","floor":48}],"player_experience":259704,"relics_obtained":[{"floor":6,"key":"Smiling Mask"},{"floor":8,"key":"Blue Doll"},{"floor":11,"key":"Happy Flower"},{"floor":14,"key":"HornCleat"},{"floor":23,"key":"Pantograph"},{"floor":26,"key":"Omamori"},{"floor":30,"key":"Boot"},{"floor":37,"key":"Incense Burner"},{"floor":40,"key":"Anchor"},{"floor":41,"key":"Iron Hammer"},{"floor":43,"key":"hubris:Reverence"}],"event_choices":[{"damage_healed":0,"gold_gain":75,"player_choice":"Gained Gold","damage_taken":0,"max_hp_gain":0,"max_hp_loss":0,"event_name":"Golden Wing","floor":5,"gold_loss":0},{"cards_removed":["Rupture"],"damage_healed":36,"gold_gain":0,"player_choice":"Offered Uncommon","damage_taken":0,"max_hp_gain":0,"max_hp_loss":0,"event_name":"Bonfire Elementals","floor":22,"gold_loss":0},{"cards_removed":["sneckomod:Bewildered"],"damage_healed":0,"gold_gain":0,"player_choice":"Card Removal","damage_taken":0,"max_hp_gain":0,"max_hp_loss":0,"event_name":"Wheel of Change","floor":36,"gold_loss":0},{"damage_healed":0,"gold_gain":0,"player_choice":"Fight","damage_taken":0,"max_hp_gain":0,"max_hp_loss":0,"event_name":"MindBloom","floor":37,"gold_loss":0},{"damage_healed":0,"gold_gain":0,"cards_transformed":["Defend_R"],"player_choice":"Transformed","damage_taken":0,"max_hp_gain":0,"max_hp_loss":0,"event_name":"Transmorgrifier","floor":45,"gold_loss":0,"cards_obtained":["Reckless Charge"]},{"damage_healed":0,"gold_gain":0,"player_choice":"Memory 1","damage_taken":0,"max_hp_gain":0,"max_hp_loss":0,"event_name":"SensoryStone","floor":48,"gold_loss":0}],"is_beta":false,"boss_relics":[{"not_picked":["Astrolabe","Mark of Pain"],"picked":"Philosopher\u0027s Stone"},{"not_picked":["ChewingGum","hubris:ScarierMask"],"picked":"Replay:Ancient Bell"},{"not_picked":["ReplayFunnel","Regal Pillow"],"picked":"Juzu Bracelet"},{"not_picked":["Darkstone Periapt","Sundial"],"picked":"hubris:MysteriousPyramids"},{"not_picked":["Replay:Towering Pillar of Hats","Replay:Kaleidoscope"],"picked":"Counterbalance"}],"items_purged_floors":[13,21,27,39],"is_endless":false,"potions_floor_spawned":[1,4,6,11,16,18,24,28,35,38,47],"killed_by":"Awakened One","ascension_level":4}}