{"host":"2lo6hma6kymb0g9i","time":1609227700,"event":{"mods":["BaseMod","Colored Map","DeckTracker","Minty Spire (QoL Compilation)"],"gold_per_floor":[365,382,398,146,164,164,89,89,116,116,116,148,173,185,197,314,326,354,281,293,318,350,373,285,285,285,304,304,304,314,330,330,427,427,445,459,459,473,485,324,324,337,364,414,119,133,133,150,150,150],"floor_reached":51,"playtime":4862,"items_purged":["Strike_B","Strike_B","Strike_B","Defend_B"],"score":718,"play_id":"4e1a2098-ccf2-4d86-9019-fbe85ca408f3","local_time":"20201229164140","is_ascension_mode":true,"campfire_choices":[{"data":"Redo","floor":6,"key":"SMITH"},{"data":"Dualcast","floor":8,"key":"SMITH"},{"data":"Zap","floor":11,"key":"SMITH"},{"data":"Sunder","floor":15,"key":"SMITH"},{"floor":29,"key":"REST"},{"data":"Redo","floor":32,"key":"SMITH"},{"data":"Multi-Cast","floor":41,"key":"SMITH"},{"data":"Chaos","floor":47,"key":"SMITH"},{"data":"Defend_B","floor":49,"key":"SMITH"}],"circlet_count":0,"master_deck":["Defend_B","Defend_B","Defend_B+1","Zap+1","Dualcast+1","Self Repair","Genetic Algorithm","Redo+1","Sunder+1","Hologram","Auto Shields+1","All For One","Melter","RitualDagger","Go for the Eyes+1","Hologram+1","Chaos+1","Turbo+1","Glacier+1","Redo+1","Multi-Cast+1","Conserve Battery+1","Rebound+1","Seek","Redo+1","Loop","Turbo+1","Stack+1"],"relics":["Cracked Core","Symbiotic Virus","Dream Catcher","MawBank","Runic Pyramid","DataDisk","Shuriken","War Paint","Nilry\u0027s Codex","Nuclear Battery","Whetstone","CaptainsWheel","ClockworkSouvenir"],"acts_visited":["Exordium","TheCity","TheBeyond"],"potions_floor_usage":[16,50,50,50],"damage_taken":[{"damage":2,"enemies":"Jaw Worm","floor":1,"turns":3},{"damage":6,"enemies":"Cultist","floor":2,"turns":3},{"damage":0,"enemies":"Small Slimes","floor":3,"turns":3},{"damage":9,"enemies":"3 Louse","floor":5,"turns":4},{"damage":30,"enemies":"3 Sentries","floor":12,"turns":6},{"damage":6,"enemies":"Red Slaver","floor":13,"turns":3},{"damage":29,"enemies":"Hexaghost","floor":16,"turns":8},{"damage":0,"enemies":"Spheric Guardian","floor":18,"turns":3},{"damage":23,"enemies":"2 Thieves","floor":21,"turns":3},{"damage":9,"enemies":"Centurion and Healer","floor":22,"turns":4},{"damage":20,"enemies":"Snake Plant","floor":23,"turns":3},{"damage":0,"enemies":"Snecko","floor":27,"turns":4},{"damage":0,"enemies":"Centurion and Healer","floor":30,"turns":3},{"damage":0,"enemies":"Cultist and Chosen","floor":31,"turns":5},{"damage":6,"enemies":"Champ","floor":33,"turns":10},{"damage":0,"enemies":"Orb Walker","floor":35,"turns":3},{"damage":8,"enemies":"3 Shapes","floor":36,"turns":4},{"damage":0,"enemies":"Spire Growth","floor":38,"turns":3},{"damage":28,"enemies":"Transient","floor":39,"turns":5},{"damage":9,"enemies":"Jaw Worm Horde","floor":42,"turns":4},{"damage":0,"enemies":"Mind Bloom Boss Battle","floor":44,"turns":5},{"damage":3,"enemies":"4 Shapes","floor":46,"turns":8},{"damage":0,"enemies":"Transient","floor":48,"turns":5},{"damage":22,"enemies":"Awakened One","floor":50,"turns":12}],"seed_played":"126294034117379569","potions_obtained":[{"floor":1,"key":"SpeedPotion"},{"floor":2,"key":"Block Potion"},{"floor":16,"key":"SmokeBomb"},{"floor":22,"key":"Strength Potion"},{"floor":23,"key":"SpeedPotion"},{"floor":42,"key":"PowerPotion"},{"floor":46,"key":"LiquidMemories"}],"is_trial":false,"path_per_floor":["M","M","M","$","M","R","$","R","T","?","R","E","M","$","R","B",null,"M","?","?","M","M","M","$","T","T","M","?","R","M","M","R","B",null,"M","M","?","M","M","$","R","M","T","?","$","M","R","M","R","B",null],"character_chosen":"DEFECT","items_purchased":["Symbiotic Virus","Loop","ClockworkSouvenir"],"campfire_rested":1,"item_purchase_floors":[4,40,45],"current_hp_per_floor":[52,53,60,60,58,58,58,58,58,58,58,35,36,36,36,14,75,75,75,69,46,44,31,31,31,31,38,22,44,51,58,58,59,75,75,74,74,74,53,53,53,51,51,58,58,62,62,69,69,54],"gold":150,"neow_bonus":"TWO_FIFTY_GOLD","is_daily":false,"chose_seed":false,"campfire_upgraded":8,"win_rate":0.0,"timestamp":1609227700,"path_taken":["M","M","M","$","M","R","$","R","T","?","R","E","?","?","R","BOSS","M","?","?","M","M","M","$","?","T","M","?","R","M","M","R","BOSS","M","M","?","?","M","$","R","M","T","?","$","M","R","M","R","BOSS"],"items_purchased_type":["Relic","Card","Relic"],"build_version":"2020-12-22","purchased_purges":4,"victory":true,"max_hp_per_floor":[75,75,75,75,75,75,75,75,75,75,75,75,75,75,75,75,75,75,75,75,75,75,75,75,75,75,75,75,75,75,75,75,75,75,75,75,75,75,75,75,75,75,75,75,75,75,75,75,75,75],"card_choices":[{"not_picked":["Rip and Tear","Steam"],"picked":"Self Repair","floor":1},{"not_picked":["Steam","Beam Cell"],"picked":"Genetic Algorithm","floor":2},{"not_picked":["Leap","Lockon"],"picked":"Redo","floor":3},{"not_picked":["Barrage","Rebound"],"picked":"Sunder","floor":5},{"not_picked":["Barrage","Compile Driver"],"picked":"Hologram","floor":12},{"not_picked":["Coolheaded","Force Field"],"picked":"Auto Shields","floor":13},{"not_picked":["Amplify","Creative AI"],"picked":"All For One","floor":16},{"not_picked":["Genetic Algorithm","Coolheaded"],"picked":"Melter","floor":18},{"not_picked":["Gash","White Noise"],"picked":"Go for the Eyes","floor":21},{"not_picked":["Self Repair","Reboot"],"picked":"Hologram","floor":22},{"not_picked":["Cold Snap","Undo+1","Steam+1"],"picked":"SKIP","floor":23},{"not_picked":["Beam Cell+1","Ball Lightning"],"picked":"Chaos","floor":27},{"not_picked":["Chill+1","Storm+1"],"picked":"Turbo+1","floor":29},{"not_picked":["Lockon","Coolheaded+1"],"picked":"Glacier+1","floor":30},{"not_picked":["Streamline","Ball Lightning"],"picked":"Redo","floor":31},{"not_picked":["Rainbow","Amplify"],"picked":"Multi-Cast","floor":33},{"not_picked":["Leap","Hello World"],"picked":"Conserve Battery+1","floor":35},{"not_picked":["Coolheaded+1","Compile Driver"],"picked":"Rebound","floor":36},{"not_picked":["Melter+1","Compile Driver"],"picked":"Seek","floor":38},{"not_picked":["Conserve Battery","Compile Driver"],"picked":"Redo+1","floor":39},{"not_picked":["White Noise","Beam Cell+1"],"picked":"Turbo+1","floor":42},{"not_picked":["Fission","Capacitor"],"picked":"Stack+1","floor":44},{"not_picked":["Turbo+1","Gash","Redo+1"],"picked":"SKIP","floor":46},{"not_picked":["Reprogram","Redo","Cold Snap"],"picked":"SKIP","floor":48}],"player_experience":910384,"relics_obtained":[{"floor":9,"key":"Dream Catcher"},{"floor":12,"key":"MawBank"},{"floor":25,"key":"Shuriken"},{"floor":26,"key":"War Paint"},{"floor":28,"key":"Nilry\u0027s Codex"},{"floor":43,"key":"Whetstone"},{"floor":44,"key":"CaptainsWheel"}],"event_choices":[{"damage_healed":0,"gold_gain":0,"player_choice":"Bought 0 Potions","damage_taken":0,"max_hp_gain":0,"max_hp_loss":0,"event_name":"The Woman in Blue","floor":10,"gold_loss":0},{"damage_healed":0,"gold_gain":0,"player_choice":"Obtained Relic","damage_taken":0,"relics_obtained":["DataDisk"],"max_hp_gain":0,"max_hp_loss":0,"event_name":"Addict","floor":19,"gold_loss":85},{"damage_healed":0,"gold_gain":0,"player_choice":"Joined the Cult","damage_taken":6,"max_hp_gain":0,"max_hp_loss":0,"event_name":"Nest","floor":20,"gold_loss":0,"cards_obtained":["RitualDagger"]},{"damage_healed":0,"gold_gain":0,"player_choice":"Obtained Book","damage_taken":16,"max_hp_gain":0,"max_hp_loss":0,"event_name":"Cursed Tome","floor":28,"gold_loss":0},{"cards_removed":["Strike_B"],"damage_healed":0,"gold_gain":0,"player_choice":"Offered Basic","damage_taken":0,"max_hp_gain":0,"max_hp_loss":0,"event_name":"Bonfire Elementals","floor":37,"gold_loss":0},{"damage_healed":0,"gold_gain":0,"player_choice":"Fight","damage_taken":0,"max_hp_gain":0,"max_hp_loss":0,"event_name":"MindBloom","floor":44,"gold_loss":0}],"is_beta":false,"boss_relics":[{"not_picked":["Runic Dome","Velvet Choker"],"picked":"Runic Pyramid"},{"not_picked":["SlaversCollar","Philosopher\u0027s Stone"],"picked":"Nuclear Battery"}],"items_purged_floors":[7,24,40,45],"is_endless":false,"potions_floor_spawned":[1,2,16,22,23,31,33,35,36,42,46],"ascension_level":3}}