{"host":"56ghxnzsglgdq727","time":1609277555,"event":{"mods":["AchievementEnabler","BaseMod","Minty Spire (QoL Compilation)"],"gold_per_floor":[110,110,110,110,129,158,158,158,213,213,282,282,296,312,312,411,411,429,445,465,465,498,498,498],"floor_reached":23,"playtime":552,"items_purged":[],"score":261,"play_id":"927a03df-10e9-4ef4-81c7-908b0cdbd755","local_time":"20201229163235","is_ascension_mode":true,"campfire_choices":[{"data":"Demon Form","floor":7.0,"key":"SMITH"},{"data":"Flame Barrier","floor":10.0,"key":"SMITH"},{"floor":12.0,"key":"REST"},{"data":"Heavy Blade","floor":15.0,"key":"SMITH"}],"circlet_count":0,"master_deck":["Strike_R","Strike_R","Defend_R","Defend_R","Defend_R","Defend_R","Bash","Impervious","Flame Barrier+1","Demon Form+1","Heavy Blade+1","Body Slam","Limit Break","Metallicize","Bloodletting","Reckless Charge","Entrench"],"relics":["Burning Blood","NeowsBlessing","Pen Nib","Self Forming Clay","Anchor","Omamori","Bag of Marbles","SlaversCollar","Red Mask"],"acts_visited":["Exordium","TheCity"],"potions_floor_usage":[],"damage_taken":[{"damage":0.0,"enemies":"2 Louse","floor":1.0,"turns":1.0},{"damage":0.0,"enemies":"Jaw Worm","floor":5.0,"turns":1.0},{"damage":0.0,"enemies":"Gremlin Nob","floor":6.0,"turns":1.0},{"damage":10.0,"enemies":"3 Sentries","floor":11.0,"turns":7.0},{"damage":0.0,"enemies":"Small Slimes","floor":13.0,"turns":2.0},{"damage":0.0,"enemies":"Exordium Wildlife","floor":14.0,"turns":3.0},{"damage":34.0,"enemies":"The Guardian","floor":16.0,"turns":6.0},{"damage":30.0,"enemies":"2 Thieves","floor":18.0,"turns":5.0},{"damage":0.0,"enemies":"3 Byrds","floor":19.0,"turns":2.0},{"damage":17.0,"enemies":"Snecko","floor":20.0,"turns":6.0},{"damage":33.0,"enemies":"Masked Bandits","floor":22.0,"turns":5.0},{"damage":4,"enemies":"Gremlin Leader","floor":23,"turns":5}],"seed_played":"7495866280566627269","potions_obtained":[{"floor":5.0,"key":"ColorlessPotion"},{"floor":6.0,"key":"Dexterity Potion"},{"floor":13.0,"key":"Explosive Potion"},{"floor":18.0,"key":"Explosive Potion"}],"is_trial":false,"path_per_floor":["M","?","?","?","M","E","R","?","T","R","E","R","M","M","R","B",null,"M","M","M","?","?","E"],"character_chosen":"IRONCLAD","items_purchased":[],"campfire_rested":1,"item_purchase_floors":[],"current_hp_per_floor":[80,80,80,77,80,80,80,80,80,80,76,80,80,80,80,52,80,56,62,51,51,24,20,20],"gold":498,"neow_bonus":"THREE_ENEMY_KILL","is_daily":false,"chose_seed":false,"campfire_upgraded":3,"win_rate":0.0,"timestamp":1609277555,"path_taken":["M","?","?","?","?","E","R","?","T","R","E","R","M","M","R","BOSS","M","M","M","?","?","E"],"items_purchased_type":[],"build_version":"2020-12-22","purchased_purges":0,"victory":false,"max_hp_per_floor":[80,80,80,80,80,80,80,80,80,80,80,80,80,80,80,80,80,80,80,80,80,80,80,80],"card_choices":[{"not_picked":["Havoc","Ghostly Armor","Reckless Charge"],"picked":"SKIP","floor":1.0},{"not_picked":["Clothesline","Whirlwind"],"picked":"Flame Barrier","floor":5.0},{"not_picked":["Armaments","Dual Wield"],"picked":"Demon Form","floor":6.0},{"not_picked":["Sever Soul","Sword Boomerang","Flex"],"picked":"SKIP","floor":11.0},{"not_picked":["Carnage","Pommel Strike"],"picked":"Heavy Blade","floor":13.0},{"not_picked":["Infernal Blade","Second Wind"],"picked":"Body Slam","floor":14.0},{"not_picked":["Juggernaut","Brutality"],"picked":"Limit Break","floor":16.0},{"not_picked":["Uppercut","Flex+1","Disarm"],"picked":"SKIP","floor":18.0},{"not_picked":["Anger","Havoc+1","Iron Wave"],"picked":"SKIP","floor":19.0},{"not_picked":["Pommel Strike","Sword Boomerang"],"picked":"Metallicize","floor":20.0},{"not_picked":["Rupture+1","Havoc"],"picked":"Entrench","floor":22.0}],"player_experience":51182,"relics_obtained":[{"floor":6.0,"key":"Self Forming Clay"},{"floor":9.0,"key":"Omamori"},{"floor":11.0,"key":"Bag of Marbles"},{"floor":22.0,"key":"Red Mask"}],"event_choices":[{"damage_healed":0.0,"max_hp_gain":0.0,"max_hp_loss":0.0,"gold_gain":0.0,"event_name":"The Cleric","player_choice":"Leave","floor":2.0,"gold_loss":0.0,"damage_taken":0.0},{"damage_healed":0.0,"max_hp_gain":0.0,"max_hp_loss":0.0,"gold_gain":0.0,"cards_transformed":["Strike_R"],"event_name":"Living Wall","player_choice":"Change","floor":3.0,"gold_loss":0.0,"damage_taken":0.0,"cards_obtained":["Impervious"]},{"damage_healed":0.0,"max_hp_gain":0.0,"max_hp_loss":0.0,"gold_gain":0.0,"event_name":"Scrap Ooze","player_choice":"Success","floor":4.0,"gold_loss":0.0,"damage_taken":3.0,"relics_obtained":["Pen Nib"]},{"damage_healed":0.0,"max_hp_gain":0.0,"max_hp_loss":0.0,"gold_gain":0.0,"event_name":"Dead Adventurer","player_choice":"Searched \u00271\u0027 times","floor":8.0,"gold_loss":0.0,"damage_taken":0.0,"relics_obtained":["Anchor"]},{"damage_healed":0.0,"max_hp_gain":0.0,"max_hp_loss":0.0,"gold_gain":0.0,"cards_transformed":["Strike_R","Strike_R"],"event_name":"Drug Dealer","player_choice":"Became Test Subject","floor":21.0,"gold_loss":0.0,"damage_taken":0.0,"cards_obtained":["Bloodletting","Reckless Charge"]},{"damage_healed":0.0,"max_hp_gain":0.0,"max_hp_loss":0.0,"gold_gain":0.0,"event_name":"Masked Bandits","player_choice":"Fought Bandits","floor":22.0,"gold_loss":0.0,"damage_taken":0.0}],"is_beta":false,"boss_relics":[{"not_picked":["Cursed Key","SacredBark"],"picked":"SlaversCollar"}],"items_purged_floors":[],"is_endless":false,"potions_floor_spawned":[5,6,13,18],"killed_by":"Gremlin Leader","ascension_level":1}}