{"host":"h7xtspmc2x3i8s2i","time":1609283385,"event":{"mods":["2.2 Compatiblity","AchievementEnabler","Act Like it!","AlwaysNeverKeys","Aspiration","Astrologer","BaseMod","Beaked The Cultist","Bestiary","Better Altar","Better Match","Better Note","Better Sensory Stone","Better Skull","Better Third Choice","Better Vampires","Better-Laid Plans","BetterRewards","Challenge The Spire","Colored Map","Colored Powertips","Colorless Booster Pack","Curses Come First","Defuse TimeMaze Blight","Dio Mod","Disable Question Mark Monsters","Dota2Spire","Downfall","Duelist Mod","EXCEPTION","Emptier Cage","Energized Spire","Evolution","Friendly Minions","GifTheSpireLib","Gold Saver","Gremlin Skip","Halation","Hubris","Ironclad Rager","Jedi Mod","Key Reminder","Marked Mod","Minty Spire (QoL Compilation)","Permanent Neow","Potion Indicator Mod","Quick Restart","Random Character Button","Random Character Mod","Rare Cards Sparkle","Relic Filter","Relic Stats","Replay The Spire","SacredBarkPlus","Shop Mod","Somnambulant","Spicy Shops","Spikes Relics","Spire Birthday Party","StSLib","Steal the Spire","Stuff the Spire","SuperFastMode","The Awakened One except there are too many feathers","The Blue Laboratory","The Cursed","The Death Knight","The Dragon Tamer","The Edgeheg","The Hierophant","The Problem Sleuth","The Runesmith","The Wild Card","TheVelvet","Transform Curses","Uncapped","Unceasing Turn Reminder","Virulent Crown","everything is the same but u backflip on backflip","slay the spire mod where everything is the same but ironclad has a cowboy hat","vexMod"],"gold_per_floor":[1074,1049,1059,1069,1069,1069,1094,1094,1094,1109,1124,1139,1139,1149,1149,1251,1251,1267,1267,1267,1267,1267,1267,1283,60,60,87,19,29,39,39,39],"floor_reached":31,"playtime":1155,"items_purged":["Defend_G"],"score":310,"play_id":"7a5eb357-dc50-4f0a-a6c0-620c00f4ccbb","local_time":"20201229180945","is_ascension_mode":true,"campfire_choices":[{"floor":6,"key":"RECALL"},{"floor":13,"key":"REST"},{"floor":15,"key":"REST"},{"floor":23,"key":"REST"}],"circlet_count":0,"master_deck":["Strike_G","Strike_G","Strike_G","Strike_G","Strike_G","Defend_G","Defend_G","Defend_G","Defend_G","Survivor","Neutralize","expansioncontent:DecasProtection","Quick Slash","Heel Hook","Caltrops","Backflip","Escape Plan","Die Die Die","Infinite Blades+1","Quick Slash","After Image","Backflip","Noxious Fumes","PiercingWail"],"relics":["EVO:Axolotl","keyreminder:keyreminder","Sizzling Blood","Dota2Spire:Satanic","Bloody Idol","Lee\u0027s Waffle","SpikesRelics:DaevaFist","jedi:arcanewood","Replay:PocketPolymizer","ReplayTheSpireMod:Lightbulb","Dota2Spire:OrchidMalevolence","Replay:Wax Seal"],"acts_visited":["Exordium","TheCity"],"potions_floor_usage":[7,16,19,24,27,29],"damage_taken":[{"damage":0,"enemies":"Small Slimes","floor":1,"turns":5},{"damage":8,"enemies":"2 Louse","floor":3,"turns":3},{"damage":1,"enemies":"Cultist","floor":4,"turns":4},{"damage":24,"enemies":"Lagavulin","floor":7,"turns":9},{"damage":32,"enemies":"Gremlin Gang","floor":10,"turns":8},{"damage":14,"enemies":"Exordium Wildlife","floor":11,"turns":6},{"damage":0,"enemies":"Blue Slaver","floor":12,"turns":5},{"damage":7,"enemies":"Large Slime","floor":14,"turns":6},{"damage":40,"enemies":"Hexaghost","floor":16,"turns":14},{"damage":10,"enemies":"Shell Parasite","floor":18,"turns":14},{"damage":0,"enemies":"2 Thieves","floor":19,"turns":1},{"damage":16,"enemies":"Chosen and Byrds","floor":24,"turns":6},{"damage":54,"enemies":"Book of Stabbing","floor":27,"turns":6},{"damage":7,"enemies":"Snecko","floor":29,"turns":4},{"damage":35,"enemies":"Snake Plant","floor":30,"turns":4},{"damage":23,"enemies":"Gremlin Leader","floor":31,"turns":2}],"seed_played":"-3654324759488130341","potions_obtained":[{"floor":3,"key":"LiquidMemories"},{"floor":14,"key":"blueLaboratory:SuffocatingSmog"},{"floor":16,"key":"SmokeBomb"},{"floor":18,"key":"Elixir"},{"floor":24,"key":"EssenceOfSteel"},{"floor":27,"key":"Explosive Potion"}],"is_trial":false,"path_per_floor":["M","?","M","M","?","R","E","?","T","M","M","M","R","M","R","B",null,"M","M","?","?","?","R","M","$","T","E","$","M","M","E"],"character_chosen":"THE_SILENT","items_purchased":["After Image","Lee\u0027s Waffle","SpikesRelics:DaevaFist","jedi:arcanewood","Replay:PocketPolymizer","ReplayTheSpireMod:Lightbulb","Noxious Fumes"],"campfire_rested":3,"item_purchase_floors":[25,25,25,25,25,25,28],"current_hp_per_floor":[70,70,62,61,66,66,42,46,46,20,14,18,41,38,61,28,79,73,77,77,77,37,60,53,86,86,41,41,43,17,0,0],"gold":39,"neow_bonus":"RANDOM_COLORLESS","is_daily":false,"chose_seed":false,"campfire_upgraded":0,"win_rate":0.0,"timestamp":1609283385,"path_taken":["M","?","M","M","?","R","E","?","T","?","M","?","R","?","R","BOSS","M","M","?","?","?","R","M","?","T","E","$","M","?","E"],"items_purchased_type":["Card","Relic","Relic","Relic","Relic","Relic","Card"],"build_version":"2020-12-22","purchased_purges":1,"victory":false,"max_hp_per_floor":[70,70,70,70,75,75,75,79,79,79,79,79,79,79,79,79,79,79,79,79,79,79,79,79,86,86,86,86,86,86,86,86],"relic_stats":{"Lee\u0027s Waffle":33,"counters":[16,97],"Bloody Idol":20,"obtain_stats":[{"Lee\u0027s Waffle":25,"Replay:PocketPolymizer":25,"Dota2Spire:OrchidMalevolence":26,"Sizzling Blood":8,"EVO:Axolotl":0,"keyreminder:keyreminder":6,"Dota2Spire:Satanic":9,"Bloody Idol":22,"SpikesRelics:DaevaFist":25,"Replay:Wax Seal":27,"jedi:arcanewood":25,"ReplayTheSpireMod:Lightbulb":25,"Ring of the Snake":0},{"Lee\u0027s Waffle":12,"Replay:PocketPolymizer":12,"Dota2Spire:OrchidMalevolence":12,"Sizzling Blood":4,"EVO:Axolotl":0,"keyreminder:keyreminder":3,"Dota2Spire:Satanic":4,"Bloody Idol":11,"SpikesRelics:DaevaFist":12,"Replay:Wax Seal":13,"jedi:arcanewood":12,"ReplayTheSpireMod:Lightbulb":12,"Ring of the Snake":0},{"Lee\u0027s Waffle":81,"Replay:PocketPolymizer":81,"Dota2Spire:OrchidMalevolence":81,"Sizzling Blood":21,"EVO:Axolotl":0,"keyreminder:keyreminder":12,"Dota2Spire:Satanic":21,"Bloody Idol":75,"SpikesRelics:DaevaFist":81,"Replay:Wax Seal":87,"jedi:arcanewood":81,"ReplayTheSpireMod:Lightbulb":81,"Ring of the Snake":0}]},"card_choices":[{"not_picked":["Discovery","Finesse"],"picked":"expansioncontent:DecasProtection","floor":0},{"not_picked":["Underhanded Strike","StuffTheSpire:BumpUp"],"picked":"Quick Slash","floor":1},{"not_picked":["Quick Slash","StuffTheSpire:ClusterCrunch"],"picked":"Heel Hook","floor":3},{"not_picked":["Masterful Stab","PiercingWail","Dagger Spray"],"picked":"SKIP","floor":4},{"not_picked":["Poisoned Stab","Poison Darts","jedi:collectorvenom"],"picked":"SKIP","floor":7},{"not_picked":["Slice","Terror","Underhanded Strike"],"picked":"SKIP","floor":10},{"not_picked":["StuffTheSpire:BrimstoneBlast","hubris:Counter"],"picked":"Caltrops","floor":11},{"not_picked":["Crippling Poison","ReplayTheSpireMod:Scrap Shanks"],"picked":"Backflip","floor":12},{"not_picked":["Leg Sweep","PiercingWail"],"picked":"Escape Plan","floor":14},{"not_picked":["Doppelganger","Night Terror"],"picked":"Die Die Die","floor":16},{"not_picked":["PiercingWail","Blade Dance"],"picked":"Infinite Blades+1","floor":18},{"not_picked":["Expertise+1","StuffTheSpire:BumpUp+1"],"picked":"Quick Slash","floor":24},{"not_picked":["Underhanded Strike","Outmaneuver+1"],"picked":"Backflip","floor":27},{"not_picked":["Poisoned Stab","Cloak And Dagger"],"picked":"PiercingWail","floor":29},{"not_picked":["Deadly Poison","StuffTheSpire:ClusterCrunch","hubris:Counter"],"picked":"SKIP","floor":30}],"player_experience":622114,"relics_obtained":[{"floor":9,"key":"Dota2Spire:Satanic"},{"floor":26,"key":"Dota2Spire:OrchidMalevolence"},{"floor":27,"key":"Replay:Wax Seal"}],"event_choices":[{"damage_healed":0,"gold_gain":0,"player_choice":"Donut","damage_taken":0,"max_hp_gain":5,"max_hp_loss":0,"event_name":"Big Fish","floor":5,"gold_loss":0},{"damage_healed":0,"gold_gain":0,"player_choice":" Idol ","damage_taken":40,"relics_obtained":["Bloody Idol"],"max_hp_gain":77,"max_hp_loss":37,"event_name":"betterAltar:BetterAltar","floor":22,"potions_obtained":[],"relics_lost":[],"gold_loss":0}],"is_beta":false,"boss_relics":[{"not_picked":["energizedSpire:CursedPentagram","vexMod:FluxCapacitor","aspiration:RitualDagger"]}],"items_purged_floors":[25],"is_endless":false,"potions_floor_spawned":[3,14,16,18,24,27],"killed_by":"Gremlin Leader","ascension_level":2}}