{"host":"3q8x5nua6nulvkr6","time":1609214715,"event":{"mods":["Aspiration","BaseMod","Better Note","BetterRewards","Colored Map","Colored Powertips","Conspire","GifTheSpireLib","Hubris","Infinite Spire","Minty Spire (QoL Compilation)","Rare Cards Sparkle","Replay The Spire","StSLib","Stuff the Spire","Wandering Minibosses"],"gold_per_floor":[109,144,154,79,97,129,145,173,173,173,191,191,207,227,227,328,328,343,343,9,9,19,45,60,60,87,87,87,113,135,178,190,298,310,341,353,365,389,452,464,504,529,541,553,578,590,602,627,639,651],"floor_reached":51,"playtime":3150,"items_purged":["Cleave"],"score":941,"play_id":"4183ba54-dce3-4c8d-9be3-1e09a3b8903a","local_time":"20201228230515","daily_mods":["SealedDeck","Red Cards","Green Cards","Blue Cards","Purple Cards","Colorless Cards"],"is_ascension_mode":true,"campfire_choices":[{"data":"Whirlwind","floor":10.0,"key":"SMITH"},{"data":"StuffTheSpire:Incineration","floor":15.0,"key":"SMITH"},{"data":"Feel No Pain","floor":25.0,"key":"SMITH"},{"data":"Master of Strategy","floor":27.0,"key":"SMITH"},{"floor":32.0,"key":"DIG"},{"data":"Seek","floor":40,"key":"SMITH"},{"data":"Prostrate","floor":46,"key":"SMITH"}],"circlet_count":0,"master_deck":["Replay:Sssssssssshield","StuffTheSpire:Incineration+1","StuffTheSpire:Incineration+1","Feel No Pain+1","Prostrate+1","Prostrate+1","Whirlwind+1","Conserve Battery","Replay:Undeath\u0027s Touch","Master of Strategy+1","Seek+1","Alpha"],"relics":["Burning Blood","aspiration:TomeofQuesting","hubris:ChampionShield","hubris:Teleporter","Black Star","Lantern","aspiration:Stabinomicon","Akabeko","Blue Doll","Bottled Lightning","Mercury Hourglass","MawBank","hubris:MedicalManual","Replay:Kaleidoscope","hubris:ToyBattleship","aspiration:FutureDiary","Boot","aspiration:Lifesprig","wanderingMiniBosses:CarrionFlame","Pantograph","hubris:Backtick","Ice Cream"],"acts_visited":["Exordium","TheCity","TheBeyond"],"potions_floor_usage":[50],"damage_taken":[{"damage":0.0,"enemies":"Small Slimes","floor":1.0,"turns":3.0},{"damage":0.0,"enemies":"conspire:MimicChest","floor":2.0,"turns":5.0},{"damage":0.0,"enemies":"2 Louse","floor":3.0,"turns":1.0},{"damage":0.0,"enemies":"Jaw Worm","floor":5.0,"turns":3.0},{"damage":0.0,"enemies":"Gremlin Nob","floor":6.0,"turns":4.0},{"damage":0.0,"enemies":"Exordium Wildlife","floor":7.0,"turns":2.0},{"damage":5.0,"enemies":"3 Sentries","floor":8.0,"turns":4.0},{"damage":0.0,"enemies":"Blue Slaver","floor":11.0,"turns":3.0},{"damage":0.0,"enemies":"Exordium Thugs","floor":13.0,"turns":3.0},{"damage":0.0,"enemies":"2 Fungi Beasts","floor":14.0,"turns":2.0},{"damage":2.0,"enemies":"Hexaghost","floor":16.0,"turns":5.0},{"damage":23.0,"enemies":"Spheric Guardian","floor":18.0,"turns":6.0},{"damage":0.0,"enemies":"3 Byrds","floor":22.0,"turns":3.0},{"damage":0.0,"enemies":"Book of Stabbing","floor":23.0,"turns":3.0},{"damage":0.0,"enemies":"Snake Plant","floor":24.0,"turns":3.0},{"damage":0.0,"enemies":"Slavers","floor":29.0,"turns":1.0},{"damage":0.0,"enemies":"Shelled Parasite and Fungi","floor":30.0,"turns":1.0},{"damage":0.0,"enemies":"Book of Stabbing","floor":31.0,"turns":3.0},{"damage":0.0,"enemies":"conspire:MysteriousRune","floor":33.0,"turns":6.0},{"damage":0.0,"enemies":"Orb Walker","floor":35.0,"turns":2.0},{"damage":0.0,"enemies":"3 Shapes","floor":38.0,"turns":3.0},{"damage":0,"enemies":"Giant Head","floor":41,"turns":6},{"damage":0,"enemies":"Transient","floor":42,"turns":5},{"damage":0,"enemies":"3 Darklings","floor":45,"turns":1},{"damage":0,"enemies":"Jaw Worm Horde","floor":48,"turns":1},{"damage":35,"enemies":"infinitespire:MassOfShapes","floor":50,"turns":4}],"seed_played":"5586179280814256346","potions_obtained":[{"floor":1.0,"key":"Energy Potion"},{"floor":3.0,"key":"Weak Potion"},{"floor":5.0,"key":"DuplicationPotion"},{"floor":8.0,"key":"SteroidPotion"},{"floor":13.0,"key":"EntropicBrew"},{"floor":22.0,"key":"Reflective Coating"},{"floor":23.0,"key":"Toxic Potion"},{"floor":41,"key":"Energy Potion"}],"is_trial":true,"path_per_floor":["M","?","M","$","M","E","M","E","T","R","M","?","M","M","R","B",null,"M","?","$","?","M","E","M","R","T","R","T","E","M","E","R_BF","B",null,"M","?","?","M","T","R","E","M","T","?","M","R","AVR","M","R_BF","B",null],"character_chosen":"IRONCLAD","items_purchased":["Lantern","Master of Strategy"],"campfire_rested":0,"item_purchase_floors":[20,20],"current_hp_per_floor":[80,80,80,80,80,80,80,80,80,80,80,73,79,80,80,80,80,63,63,63,63,69,75,80,80,80,80,80,80,80,80,80,80,80,80,80,76,76,76,76,76,76,76,76,76,76,76,76,76,47],"gold":663,"neow_bonus":"","is_daily":false,"chose_seed":false,"campfire_upgraded":6,"win_rate":0.0,"timestamp":1609214715,"path_taken":["M","?","M","$","M","E","M","E","T","R","M","?","M","M","R","BOSS","M","?","$","?","M","E","M","R","T","R","?","E","M","E","R_BF","BOSS","M","?","?","M","?","R","E","?","T","?","M","R","AVR","M","R_BF","BOSS"],"items_purchased_type":["Relic","Card"],"build_version":"2020-12-22","purchased_purges":1,"victory":true,"max_hp_per_floor":[80,80,80,80,80,80,80,80,80,80,80,80,80,80,80,80,80,80,80,80,80,80,80,80,80,80,80,80,80,80,80,80,80,80,80,80,76,76,76,76,76,76,76,76,76,76,76,76,76,76],"card_choices":[{"not_picked":["Flying Knee","Forethought","Combust"],"picked":"SKIP","floor":1.0},{"not_picked":["Twin Strike","Replay:BluntJabs","Sword Boomerang"],"picked":"SKIP","floor":3.0},{"not_picked":["Halt","Replay:AtTheReady","Sweeping Beam"],"picked":"SKIP","floor":5.0},{"not_picked":["Pummel","Crescendo","Consecrate"],"picked":"SKIP","floor":6.0},{"not_picked":["hubris:TrickCloak","Headbutt"],"picked":"Conserve Battery","floor":7.0},{"not_picked":["Backflip","Whirlwind","Cloak And Dagger"],"picked":"SKIP","floor":8.0},{"not_picked":["Fusion","Dagger Throw","EmptyFist"],"picked":"SKIP","floor":11.0},{"not_picked":["Deep Breath","Sever Soul","Replay:ManipulateFuture"],"picked":"SKIP","floor":13.0},{"not_picked":["Pommel Strike","StuffTheSpire:Repulse","InnerPeace"],"picked":"SKIP","floor":14.0},{"not_picked":["Pommel Strike","StuffTheSpire:Repulse","InnerPeace"],"picked":"SKIP","floor":14.0},{"not_picked":["Sneak Up","StuffTheSpire:RockThrow"],"picked":"Replay:Undeath\u0027s Touch","floor":18.0},{"not_picked":["Clash","Streamline","Second Wind+1"],"picked":"SKIP","floor":22.0},{"not_picked":["Leap+1","Ball Lightning"],"picked":"Seek","floor":23.0},{"not_picked":["ReplayTheSpireMod:Strike From Hell+1","Poisoned Stab","Escape Plan"],"picked":"SKIP","floor":24.0},{"not_picked":["Uppercut","Redo","CrushJoints"],"picked":"SKIP","floor":29.0},{"not_picked":["Sweeping Beam+1","ReplayTheSpireMod:Limb From Limb","ReplayTheSpireMod:Strike From Hell"],"picked":"SKIP","floor":30.0},{"not_picked":["Leap","Underhanded Strike"],"picked":"Alpha","floor":31.0},{"not_picked":["Jack Of All Trades","Hologram","Blur+1"],"picked":"SKIP","floor":35.0},{"not_picked":["Fasting2","Trip+1","Consecrate+1"],"picked":"SKIP","floor":38.0},{"not_picked":["Panic Button+1","Turbo","StuffTheSpire:RockThrow+1"],"picked":"SKIP","floor":41},{"not_picked":["Evaluate+1","Heavy Blade","conspire:SharedLibrary+1"],"picked":"SKIP","floor":42},{"not_picked":["FlurryOfBlows+1","Beam Cell","Hidden Blade"],"picked":"SKIP","floor":45},{"not_picked":["StuffTheSpire:PlasmaPunch+1","ReplayTheSpireMod:Limb From Limb","Turbo+1"],"picked":"SKIP","floor":48}],"player_experience":1025184,"relics_obtained":[{"floor":6.0,"key":"aspiration:TomeofQuesting"},{"floor":8.0,"key":"hubris:ChampionShield"},{"floor":9.0,"key":"hubris:Teleporter"},{"floor":23.0,"key":"aspiration:Stabinomicon"},{"floor":23.0,"key":"Akabeko"},{"floor":26.0,"key":"Blue Doll"},{"floor":28.0,"key":"Bottled Lightning"},{"floor":29.0,"key":"Mercury Hourglass"},{"floor":29.0,"key":"MawBank"},{"floor":31.0,"key":"hubris:MedicalManual"},{"floor":31.0,"key":"Replay:Kaleidoscope"},{"floor":32.0,"key":"hubris:ToyBattleship"},{"floor":39.0,"key":"Boot"},{"floor":41,"key":"aspiration:Lifesprig"},{"floor":42,"key":"wanderingMiniBosses:CarrionFlame"},{"floor":43,"key":"Pantograph"}],"event_choices":[{"cards_removed":["Endless Agony"],"damage_healed":0.0,"max_hp_gain":0.0,"max_hp_loss":0.0,"gold_gain":0.0,"event_name":"Golden Wing","player_choice":"Card Removal","floor":12.0,"gold_loss":0.0,"damage_taken":7.0},{"cards_removed":["Cleave"],"damage_healed":0.0,"max_hp_gain":0.0,"max_hp_loss":0.0,"gold_gain":0.0,"event_name":"Purifier","player_choice":"Purged","floor":19.0,"gold_loss":0.0,"damage_taken":0.0},{"damage_healed":0.0,"max_hp_gain":0.0,"max_hp_loss":0.0,"gold_gain":0.0,"event_name":"betterNote:BetterNote","player_choice":"Ignored","floor":21.0,"gold_loss":0.0,"damage_taken":0.0,"cards_obtained":["StuffTheSpire:ShieldGenerator"]},{"damage_healed":0.0,"max_hp_gain":0.0,"max_hp_loss":4.0,"gold_gain":0.0,"event_name":"Winding Halls","player_choice":"Max HP","floor":37.0,"gold_loss":0.0,"damage_taken":0.0},{"damage_healed":0,"gold_gain":0,"player_choice":"Upgraded","damage_taken":0,"max_hp_gain":0,"max_hp_loss":0,"event_name":"Upgrade Shrine","floor":44,"gold_loss":0,"cards_upgraded":["StuffTheSpire:Incineration"]},{"damage_healed":0,"gold_gain":0,"player_choice":"Forge","damage_taken":0,"max_hp_gain":0,"max_hp_loss":0,"event_name":"Accursed Blacksmith","floor":49,"gold_loss":0,"cards_upgraded":["Prostrate"]}],"is_beta":false,"boss_relics":[{"not_picked":["Replay:Bronze Core","Sozu"],"picked":"Black Star"},{"not_picked":["Honey Jar","infinitespire:Cupcake"],"picked":"aspiration:FutureDiary"}],"items_purged_floors":[4],"is_endless":false,"potions_floor_spawned":[1,3,5,8,13,14,22,23,41,45],"ascension_level":1}}