{"host":"s1vy8rtdj748rey3","time":1609219641,"event":{"mods":["Aspiration","BaseMod","Beaked The Cultist","BetterRewards","Block Reminder","Conspire","Downfall","Friendly Minions","GifTheSpireLib","Halation","Hermit","Hubris","Infinite Spire","Jorbs\u0027s Wanderer Trilogy","Lobotomy","LobotomyExtend","Minty Spire (QoL Compilation)","Rare Cards Sparkle","Replay The Spire","Small Relic Pack","StSLib","Stuff the Spire","Transform Curses","Waifu the Spire","vexMod"],"gold_per_floor":[117,127,127,302,8,8,8,8,89,106,106,125,136,171,171,272,272,284,284,284,284,59,59,59],"floor_reached":23,"playtime":1493,"items_purged":[],"score":206,"play_id":"d1e317ef-cf95-4fe5-a6e9-a4448a1e8a84","local_time":"20201229092721","is_ascension_mode":true,"campfire_choices":[{"data":"hubris:EnhanceAbility","floor":6,"key":"SMITH"},{"data":"hermit:EternalForm","floor":11,"key":"SMITH"},{"floor":15,"key":"REST"}],"circlet_count":0,"master_deck":["hermit:Strike_Hermit","hermit:Strike_Hermit","hermit:Defend_Hermit","hermit:Defend_Hermit","hubris:EnhanceAbility+1","hermit:Dissolve","hermit:Grudge","hermit:Brawl","hermit:Brawl","hermit:Ricochet","hermit:Quickdraw","hermit:Vantage","relicPack:TruthCard","Pinks","beaked:DarkTribute","Doubt","hermit:Roughhouse","hermit:EternalForm+1","hermit:Manifest","hermit:WideOpen","hermit:Desperado","hermit:BlackWind","hermit:Enervate","hermit:Cheat","hermit:Quickdraw","hermit:Adapt","hermit:WideOpen","hermit:Quickdraw","Parasite","Apotheosis","hermit:Misfire"],"relics":["hermit:Momento","Prayer Wheel","relicPack:WeightedSword","LetterFromLob","relicPack:EdsArm","infinitespire:Lucky Rock","Bird Faced Urn","Mirror","StuffTheSpire:HeavyRock","Empty Cage","ShedSkin_r"],"acts_visited":["Exordium","TheCity"],"potions_floor_usage":[14,16],"damage_taken":[{"damage":6,"enemies":"Cultist","floor":1,"turns":3},{"damage":9,"enemies":"Jaw Worm","floor":2,"turns":2},{"damage":9,"enemies":"Small Slimes","floor":10,"turns":3},{"damage":4,"enemies":"3 Louse","floor":12,"turns":2},{"damage":0,"enemies":"2 Fungi Beasts","floor":13,"turns":2},{"damage":45,"enemies":"Lagavulin","floor":14,"turns":7},{"damage":24,"enemies":"Slime Boss","floor":16,"turns":7},{"damage":22,"enemies":"3 Byrds","floor":18,"turns":6},{"damage":23,"enemies":"Shell Parasite","floor":23,"turns":3}],"seed_played":"8493065705589541305","potions_obtained":[{"floor":1,"key":"Energy Potion"},{"floor":13,"key":"Adrenaline Potion"},{"floor":14,"key":"Explosive Potion"},{"floor":18,"key":"Block Potion"}],"is_trial":false,"path_per_floor":["M","M","?","?","$","R","?","?","T","M","R","M","M","E","R","B",null,"M","?","PTL","PTL","$","M"],"character_chosen":"HERMIT","items_purchased":["hubris:EnhanceAbility","hermit:Dissolve","hermit:Grudge","relicPack:WeightedSword","hermit:Brawl","infinitespire:Lucky Rock","hermit:Roughhouse","Apotheosis","hermit:Misfire"],"campfire_rested":1,"item_purchase_floors":[0,0,0,0,0,5,5,22,22],"current_hp_per_floor":[69,60,60,60,60,60,60,60,60,69,69,65,65,45,66,67,70,54,24,24,24,24,5,5],"gold":59,"neow_bonus":"","is_daily":false,"chose_seed":false,"campfire_upgraded":2,"win_rate":0.0,"timestamp":1609219641,"path_taken":["M","?","?","?","$","R","?","?","T","M","R","M","?","E","R","BOSS","M","?","PTL","PTL","$","M"],"items_purchased_type":["Card","Card","Card","Relic","Card","Relic","Card","Card","Card"],"build_version":"2020-12-22","purchased_purges":0,"victory":false,"max_hp_per_floor":[75,75,70,70,70,70,70,70,70,70,70,70,70,70,70,70,70,70,70,70,70,70,70,70],"card_choices":[{"not_picked":["hermit:Snipe","hermit:BodyArmor"],"picked":"hermit:Ricochet","floor":1},{"not_picked":["hermit:Glare","hermit:BodyArmor"],"picked":"hermit:Quickdraw","floor":1},{"not_picked":["hermit:Snipe","hermit:Quickdraw"],"picked":"hermit:HighCaliber","floor":2},{"not_picked":["hermit:BodyArmor","hermit:Ricochet"],"picked":"hermit:Vantage","floor":2},{"not_picked":["hermit:Gestalt","hermit:Grudge"],"picked":"hermit:Manifest","floor":10},{"not_picked":["hermit:Glare","hermit:Snipe"],"picked":"hermit:WideOpen","floor":10},{"not_picked":["hermit:FlashPowder","hermit:Horror"],"picked":"hermit:Desperado","floor":12},{"not_picked":["hermit:Desperado","hermit:Midnight"],"picked":"hermit:BlackWind","floor":12},{"not_picked":["hermit:Vantage","hermit:Manifest"],"picked":"hermit:Enervate","floor":13},{"not_picked":["hermit:HighCaliber","hermit:Combo"],"picked":"hermit:Cheat","floor":13},{"not_picked":["hermit:Midnight","hermit:WideOpen"],"picked":"hermit:Quickdraw","floor":14},{"not_picked":["hermit:HighNoon","hermit:Roughhouse"],"picked":"hermit:Adapt","floor":16},{"not_picked":["hermit:LuckOfTheDraw","hermit:Maintenance"],"picked":"hermit:WideOpen","floor":18},{"not_picked":["hermit:Scavenge","hermit:Snipe"],"picked":"hermit:Quickdraw","floor":18}],"player_experience":201112,"relics_obtained":[{"floor":1,"key":"LetterFromLob"},{"floor":9,"key":"Mirror"},{"floor":14,"key":"StuffTheSpire:HeavyRock"}],"event_choices":[{"damage_healed":0,"gold_gain":175,"player_choice":"AGREE","damage_taken":0,"max_hp_gain":0,"max_hp_loss":0,"event_name":"Liars Game","floor":4,"gold_loss":0,"cards_obtained":["Doubt"]},{"damage_healed":0,"gold_gain":0,"player_choice":"Gave Potion","damage_taken":0,"relics_obtained":["Bird Faced Urn"],"max_hp_gain":0,"max_hp_loss":0,"event_name":"WeMeetAgain","floor":8,"gold_loss":0}],"is_beta":false,"boss_relics":[{"not_picked":["vexMod:FluxCapacitor","Kintsugi"],"picked":"Empty Cage"}],"items_purged_floors":[],"is_endless":false,"potions_floor_spawned":[1,13,14,18],"killed_by":"Shell Parasite","ascension_level":2}}