{"host":"7rmsgc3rayi00cdt","time":1609236419,"event":{"mods":["BaseMod","Minty Spire (QoL Compilation)"],"gold_per_floor":[117,135,152,152,164,177,177,192,267,337,366,380,411,422,422,499,499,517,529,545,372,372,372],"floor_reached":22,"playtime":1471,"items_purged":["Regret"],"score":374,"play_id":"1fb19781-c923-46ff-a4e3-d107fcc4a3ea","local_time":"20201229100659","is_ascension_mode":true,"campfire_choices":[{"floor":7,"key":"REST"},{"floor":15,"key":"REST"}],"circlet_count":0,"master_deck":["AscendersBane","Strike_G","Strike_G","Strike_G","Strike_G","Strike_G","Defend_G","Defend_G","Defend_G","Defend_G","Defend_G","Survivor","Neutralize","Adrenaline","Blade Dance","Prepared","Acrobatics","Underhanded Strike","Dagger Throw","Die Die Die","Infinite Blades","Prepared","Backflip","Finesse"],"relics":["Ring of the Snake","Regal Pillow","Gremlin Horn","Eternal Feather","Dead Branch","Blood Vial","SlaversCollar"],"acts_visited":["Exordium","TheCity"],"potions_floor_usage":[6,11,11,18,20],"damage_taken":[{"damage":2.0,"enemies":"Cultist","floor":1.0,"turns":5.0},{"damage":0.0,"enemies":"Small Slimes","floor":2.0,"turns":4.0},{"damage":12.0,"enemies":"Jaw Worm","floor":3.0,"turns":7.0},{"damage":20,"enemies":"Red Slaver","floor":5,"turns":5},{"damage":7,"enemies":"Exordium Thugs","floor":6,"turns":5},{"damage":8,"enemies":"Blue Slaver","floor":8,"turns":5},{"damage":26,"enemies":"Gremlin Nob","floor":11,"turns":4},{"damage":0,"enemies":"Exordium Wildlife","floor":12,"turns":2},{"damage":9,"enemies":"3 Sentries","floor":13,"turns":4},{"damage":0,"enemies":"2 Fungi Beasts","floor":14,"turns":2},{"damage":18,"enemies":"The Guardian","floor":16,"turns":12},{"damage":9,"enemies":"3 Byrds","floor":18,"turns":4},{"damage":1,"enemies":"Spheric Guardian","floor":19,"turns":3},{"damage":27,"enemies":"Shelled Parasite and Fungi","floor":20,"turns":6},{"damage":40,"enemies":"Centurion and Healer","floor":22,"turns":4}],"seed_played":"7143947283974685720","potions_obtained":[{"floor":1.0,"key":"Fire Potion"},{"floor":3,"key":"BlessingOfTheForge"},{"floor":8,"key":"CunningPotion"},{"floor":12,"key":"SteroidPotion"},{"floor":14,"key":"Block Potion"},{"floor":20,"key":"Strength Potion"}],"is_trial":false,"path_per_floor":["M","M","M","?","M","M","R","M","T","T","E","M","E","M","R","B",null,"M","M","M","$","M"],"character_chosen":"THE_SILENT","items_purchased":["Finesse"],"campfire_rested":2,"item_purchase_floors":[21],"current_hp_per_floor":[63,63,51,51,31,24,60,52,52,52,26,26,17,19,67,51,67,60,61,36,36,0,0],"gold":372,"neow_bonus":"TEN_PERCENT_HP_BONUS","is_daily":false,"chose_seed":false,"campfire_upgraded":0,"win_rate":0.0,"timestamp":1609236419,"path_taken":["M","M","?","?","M","M","R","M","T","?","E","?","E","M","R","BOSS","M","M","M","$","M"],"items_purchased_type":["Card"],"build_version":"2020-12-22","purchased_purges":1,"victory":false,"max_hp_per_floor":[72,72,72,72,72,72,72,72,72,72,72,72,72,72,72,72,72,72,72,72,72,72,72],"card_choices":[{"not_picked":["Distraction","Dodge and Roll","Choke"],"picked":"SKIP","floor":1.0},{"not_picked":["Sucker Punch","Flying Knee"],"picked":"Adrenaline","floor":2.0},{"not_picked":["Outmaneuver","Cloak And Dagger"],"picked":"Blade Dance","floor":3},{"not_picked":["Sucker Punch","Dodge and Roll"],"picked":"Prepared","floor":5},{"not_picked":["Concentrate","Dodge and Roll"],"picked":"Acrobatics","floor":6},{"not_picked":["Flechettes","Flying Knee"],"picked":"Underhanded Strike","floor":8},{"not_picked":["Sucker Punch","Setup"],"picked":"Dagger Throw","floor":11},{"not_picked":["Dodge and Roll","Dagger Throw"],"picked":"Die Die Die","floor":12},{"not_picked":["Poisoned Stab","Dodge and Roll","Flying Knee"],"picked":"SKIP","floor":13},{"not_picked":["Blur","Prepared"],"picked":"Infinite Blades","floor":14},{"not_picked":["Dagger Spray","Flechettes"],"picked":"Prepared","floor":18},{"not_picked":["Footwork","Cloak And Dagger"],"picked":"Backflip","floor":19},{"not_picked":["Flying Knee","Dagger Spray","Choke"],"picked":"SKIP","floor":20}],"player_experience":728694,"relics_obtained":[{"floor":9,"key":"Gremlin Horn"},{"floor":10,"key":"Eternal Feather"},{"floor":11,"key":"Dead Branch"},{"floor":13,"key":"Blood Vial"}],"event_choices":[{"damage_healed":0,"gold_gain":0,"player_choice":"Box","damage_taken":0,"relics_obtained":["Regal Pillow"],"max_hp_gain":0,"max_hp_loss":0,"event_name":"Big Fish","floor":4,"gold_loss":0,"cards_obtained":["Regret"]}],"is_beta":false,"boss_relics":[{"not_picked":["Astrolabe","SacredBark"],"picked":"SlaversCollar"}],"items_purged_floors":[21],"is_endless":false,"potions_floor_spawned":[1,3,8,12,14,16,20],"killed_by":"Centurion and Healer","ascension_level":17}}