{"host":"qwv9nni2x0umspiu","time":1609231634,"event":{"mods":["BaseMod","Downfall","Minty Spire (QoL Compilation)","Replay The Spire","StSLib","The Hierophant","Wandering Minibosses"],"gold_per_floor":[116,116,116,266,108,143,43,126,126,200,200,200,266,339,339,339,339],"floor_reached":16,"playtime":247,"items_purged":["Doubt","hierophant:Strike_Hierophant"],"score":316,"play_id":"7f066298-81ae-4b9f-8a9e-7b1b99a5a978","local_time":"20201229004714","is_ascension_mode":true,"campfire_choices":[{"data":"hierophant:Punish","floor":12,"key":"SMITH"},{"data":"hierophant:Exaltation","floor":15,"key":"SMITH"}],"circlet_count":0,"master_deck":["AscendersBane","hierophant:Strike_Hierophant","hierophant:Strike_Hierophant","hierophant:Strike_Hierophant","hierophant:Punish+1","hierophant:Defend_Hierophant","hierophant:Defend_Hierophant","hierophant:Defend_Hierophant","hierophant:Defend_Hierophant","hierophant:ChurchCoffers+1","hierophant:Zeal","hierophant:Exaltation+1","hierophant:BulkyChest"],"relics":["hierophant:PropheticMaskRelic","NeowsBlessing","Golden Idol","Frozen Egg 2","ReplayTheSpireMod:Lightbulb"],"acts_visited":["Exordium"],"potions_floor_usage":[16,16],"damage_taken":[{"damage":0,"enemies":"Jaw Worm","floor":1,"turns":1},{"damage":0,"enemies":"3 Sentries","floor":6,"turns":1},{"damage":0,"enemies":"Replay:BlueRogue","floor":8,"turns":1},{"damage":0,"enemies":"2 Louse","floor":10,"turns":1},{"damage":7,"enemies":"Cultist","floor":13,"turns":4},{"damage":0,"enemies":"3 Louse","floor":14,"turns":1},{"damage":4,"enemies":"Hexaghost","floor":16,"turns":3}],"seed_played":"-2535727250609891022","potions_obtained":[{"floor":6,"key":"PowerPotion"},{"floor":13,"key":"Dexterity Potion"}],"is_trial":false,"path_per_floor":["M","?","?","?","$","E","$","E","T","M","?","R","M","M","R","B"],"character_chosen":"HIEROPHANT","items_purchased":["hierophant:Exaltation"],"campfire_rested":0,"item_purchase_floors":[5],"current_hp_per_floor":[68,68,42,42,42,42,42,42,42,42,42,42,35,35,35,31,31],"gold":339,"neow_bonus":"THREE_ENEMY_KILL","is_daily":false,"chose_seed":false,"campfire_upgraded":2,"win_rate":0.0,"timestamp":1609231634,"path_taken":["M","?","?","?","$","E","$","E","T","M","?","R","?","M","R","BOSS"],"items_purchased_type":["Card"],"build_version":"2020-12-22","purchased_purges":2,"victory":false,"max_hp_per_floor":[75,75,75,75,75,75,75,75,75,75,75,75,75,75,75,75,75],"card_choices":[{"not_picked":["hierophant:Remorse","hierophant:DisplayOfPower"],"picked":"hierophant:Zeal","floor":1},{"not_picked":["hierophant:PristineSoul","hierophant:HolyVerse"],"picked":"hierophant:BulkyChest","floor":6},{"not_picked":["hierophant:RustyCrate","hierophant:RepressedViolence","hierophant:DisplayOfPower"],"picked":"SKIP","floor":8},{"not_picked":["hierophant:BulkyChest","hierophant:FlamingChariot","hierophant:RustyCrate"],"picked":"SKIP","floor":10},{"not_picked":["hierophant:ThreeLashes","hierophant:Empathy","hierophant:Remorse"],"picked":"SKIP","floor":13},{"not_picked":["hierophant:FlamingChariot","hierophant:OrnateBuckler","hierophant:Patience"],"picked":"SKIP","floor":14}],"player_experience":1330395,"relics_obtained":[{"floor":6,"key":"Frozen Egg 2"},{"floor":8,"key":"ReplayTheSpireMod:Lightbulb"}],"event_choices":[{"damage_healed":0,"gold_gain":0,"player_choice":"Leave","damage_taken":0,"max_hp_gain":0,"max_hp_loss":0,"event_name":"The Cleric","floor":2,"gold_loss":0},{"damage_healed":0,"gold_gain":0,"player_choice":"Take Damage","damage_taken":26,"relics_obtained":["Golden Idol"],"max_hp_gain":0,"max_hp_loss":0,"event_name":"Golden Idol","floor":3,"gold_loss":0},{"damage_healed":0,"gold_gain":150,"player_choice":"AGREE","damage_taken":0,"max_hp_gain":0,"max_hp_loss":0,"event_name":"Liars Game","floor":4,"gold_loss":0,"cards_obtained":["Doubt"]},{"damage_healed":0,"gold_gain":0,"player_choice":"Upgraded","damage_taken":0,"max_hp_gain":0,"max_hp_loss":0,"event_name":"Upgrade Shrine","floor":11,"gold_loss":0,"cards_upgraded":["hierophant:ChurchCoffers"]}],"is_beta":false,"boss_relics":[],"items_purged_floors":[5,7],"is_endless":false,"potions_floor_spawned":[6,13],"killed_by":"Hexaghost","ascension_level":20}}