{"host":"qxeepl7ydvsgmfdb","time":1609254192,"event":{"mods":["AchievementEnabler","BaseMod","Colored Powertips","Minty Spire (QoL Compilation)","Quick Restart","slay the spire mod where everything is the same but ironclad has a cowboy hat"],"gold_per_floor":[118,193,42,42,57,57,57,57,57,75,75,108,128,35,35,135,135,151,151,151,74,92,92,124,135,135,135,135],"floor_reached":27,"playtime":573,"items_purged":[],"score":330,"play_id":"8e924c8d-3516-4e4c-892f-1e8071ea1977","local_time":"20201229100312","is_ascension_mode":true,"campfire_choices":[{"data":"Footwork","floor":6.0,"key":"SMITH"},{"floor":8.0,"key":"REST"},{"data":"All Out Attack","floor":11.0,"key":"SMITH"},{"data":"Noxious Fumes","floor":15.0,"key":"SMITH"},{"data":"Backstab","floor":23,"key":"SMITH"}],"circlet_count":0,"master_deck":["Strike_G","Strike_G","Strike_G","Strike_G","Strike_G","Defend_G","Defend_G","Defend_G","Defend_G","Defend_G","Survivor","Neutralize","All Out Attack+1","Footwork+1","Dagger Spray","Noxious Fumes+1","Slice","CurseOfTheBell","PiercingWail+1","Decay","Backstab+1","Sucker Punch","Poisoned Stab","Quick Slash+1"],"relics":["Ring of the Snake","NeowsBlessing","TwistedFunnel","Lantern","Gremlin Horn","MealTicket","Calling Bell","Nunchaku","Question Card","Dead Branch","Blue Candle","White Beast Statue"],"acts_visited":["Exordium","TheCity"],"potions_floor_usage":[16,24,27,27,27],"damage_taken":[{"damage":0.0,"enemies":"Small Slimes","floor":1.0,"turns":1.0},{"damage":0.0,"enemies":"Jaw Worm","floor":5.0,"turns":1.0},{"damage":0.0,"enemies":"Cultist","floor":10.0,"turns":1.0},{"damage":0.0,"enemies":"Gremlin Nob","floor":12.0,"turns":2.0},{"damage":0.0,"enemies":"3 Louse","floor":13.0,"turns":1.0},{"damage":41,"enemies":"Slime Boss","floor":16,"turns":9},{"damage":9,"enemies":"2 Thieves","floor":18,"turns":4},{"damage":11,"enemies":"Spheric Guardian","floor":22,"turns":3},{"damage":14,"enemies":"Gremlin Leader","floor":24,"turns":6},{"damage":16,"enemies":"Cultist and Chosen","floor":25,"turns":5},{"damage":52,"enemies":"Slavers","floor":27,"turns":5}],"seed_played":"-3630830872217854466","potions_obtained":[{"floor":1.0,"key":"Fire Potion"},{"floor":4.0,"key":"Explosive Potion"},{"floor":4.0,"key":"CunningPotion"},{"floor":13.0,"key":"LiquidBronze"},{"floor":16,"key":"Regen Potion"},{"floor":22,"key":"LiquidBronze"},{"floor":24,"key":"PowerPotion"},{"floor":25,"key":"EssenceOfSteel"}],"is_trial":false,"path_per_floor":["M","?","$","?","M","R","?","R","T","M","R","E","M","$","R","B",null,"M","?","?","$","M","R","E","M","T","E"],"character_chosen":"THE_SILENT","items_purchased":["TwistedFunnel","Noxious Fumes","Slice","Backstab"],"campfire_rested":1,"item_purchase_floors":[3,14,14,21],"current_hp_per_floor":[63,52,52,52,52,52,34,55,55,55,55,55,55,70,70,29,60,51,51,51,66,55,55,41,25,25,0,0],"gold":135,"neow_bonus":"THREE_ENEMY_KILL","is_daily":false,"chose_seed":false,"campfire_upgraded":4,"win_rate":0.0,"timestamp":1609254192,"path_taken":["M","?","$","?","?","R","?","R","T","M","R","E","M","$","R","BOSS","M","?","?","$","?","R","E","M","T","E"],"items_purchased_type":["Relic","Card","Card","Card"],"build_version":"2020-12-22","purchased_purges":0,"victory":false,"max_hp_per_floor":[70,70,70,70,70,70,70,70,70,70,70,70,70,70,70,70,70,70,70,70,70,70,70,70,70,70,70,70],"card_choices":[{"not_picked":["Terror","Setup"],"picked":"All Out Attack","floor":1.0},{"not_picked":["Flying Knee","Eviscerate"],"picked":"Footwork","floor":5.0},{"not_picked":["Flying Knee","Dash","Well Laid Plans"],"picked":"SKIP","floor":10.0},{"not_picked":["Deflect","Tools of the Trade"],"picked":"Dagger Spray","floor":12.0},{"not_picked":["Underhanded Strike","Heel Hook","Deflect"],"picked":"SKIP","floor":13.0},{"not_picked":["Dagger Throw","Outmaneuver","Reflex"],"picked":"PiercingWail+1","floor":18},{"not_picked":["Cloak And Dagger","Outmaneuver+1","Accuracy+1"],"picked":"Sucker Punch","floor":22},{"not_picked":["Eviscerate","PiercingWail","Bane+1"],"picked":"Poisoned Stab","floor":24},{"not_picked":["Burst","Accuracy","Poisoned Stab"],"picked":"Quick Slash+1","floor":25}],"player_experience":298829,"relics_obtained":[{"floor":9.0,"key":"Gremlin Horn"},{"floor":12.0,"key":"MealTicket"},{"floor":17,"key":"Nunchaku"},{"floor":17,"key":"Question Card"},{"floor":17,"key":"Dead Branch"},{"floor":24,"key":"Blue Candle"},{"floor":26,"key":"White Beast Statue"}],"event_choices":[{"damage_healed":0.0,"max_hp_gain":0.0,"max_hp_loss":0.0,"gold_gain":75.0,"event_name":"World of Goop","player_choice":"Gather Gold","floor":2.0,"gold_loss":0.0,"damage_taken":11.0},{"damage_healed":0.0,"max_hp_gain":0.0,"max_hp_loss":0.0,"gold_gain":0.0,"event_name":"Lab","player_choice":"Got Potions","floor":4.0,"gold_loss":0.0,"damage_taken":0.0},{"damage_healed":0.0,"max_hp_gain":0.0,"max_hp_loss":0.0,"gold_gain":0.0,"event_name":"Scrap Ooze","player_choice":"Success","floor":7.0,"gold_loss":0.0,"damage_taken":18.0,"relics_obtained":["Lantern"]},{"damage_healed":0,"gold_gain":0,"player_choice":"Ignored","damage_taken":0,"max_hp_gain":0,"max_hp_loss":0,"event_name":"Ghosts","floor":19,"gold_loss":0},{"damage_healed":0,"gold_gain":0,"player_choice":"Cursed","damage_taken":0,"max_hp_gain":0,"max_hp_loss":0,"event_name":"Wheel of Change","floor":20,"gold_loss":0,"cards_obtained":["Decay"]}],"is_beta":false,"boss_relics":[{"not_picked":["Philosopher\u0027s Stone","Snecko Eye"],"picked":"Calling Bell"}],"items_purged_floors":[],"is_endless":false,"potions_floor_spawned":[1,13,16,22,24,25],"killed_by":"Slavers","ascension_level":6}}