{"host":"w8hjdfrntrrvtiu5","time":1609217443,"event":{"mods":["AchievementEnabler","BaseMod","BetterRewards","Conspire","Hubris","Marisa????????","Minty Spire (QoL Compilation)","Shop Mod","StSLib","Td1madao Mod","The Animator","egg","everything is the same but u backflip on backflip"],"gold_per_floor":[109,122,72,72,88,88,122,135,135,154,4,31,31,31,31,31,31],"floor_reached":16,"playtime":606,"items_purged":[],"score":187,"play_id":"dafd6004-ac6d-41af-82e6-d6b1ce8e0e3d","local_time":"20201228235043","is_ascension_mode":true,"campfire_choices":[{"data":"Doom and Gloom","floor":6,"key":"SMITH"},{"data":"hubris:DoWhile","floor":15,"key":"SMITH"}],"circlet_count":0,"master_deck":["AscendersBane","Strike_B","Strike_B","Strike_B","Defend_B","Defend_B","Zap","Dualcast+1","hubris:DoWhile+1","Conserve Battery","Glacier","Doom and Gloom+1","Self Repair","Barrage","FTL","Glacier"],"relics":["Cracked Core","Bronze Scales","hubris:MysteriousPyramids","Membership Card","hubris:Spice"],"acts_visited":["Exordium"],"potions_floor_usage":[7,8],"damage_taken":[{"damage":8,"enemies":"Jaw Worm","floor":1,"turns":5},{"damage":8,"enemies":"2 Louse","floor":2,"turns":2},{"damage":0,"enemies":"Cultist","floor":5,"turns":5},{"damage":16,"enemies":"3 Sentries","floor":7,"turns":7},{"damage":6,"enemies":"Large Slime","floor":8,"turns":5},{"damage":9,"enemies":"Red Slaver","floor":10,"turns":4},{"damage":22,"enemies":"Gremlin Nob","floor":12,"turns":5},{"damage":30,"enemies":"Hexaghost","floor":16,"turns":10}],"seed_played":"7056696663580585560","potions_obtained":[{"floor":1,"key":"BlessingOfTheForge"},{"floor":5,"key":"ColorlessPotion"},{"floor":8,"key":"Ancient Potion"}],"is_trial":false,"path_per_floor":["M","M","?","?","M","R","E","M","T","M","$","E","?","$","R","B"],"character_chosen":"DEFECT","items_purchased":["Membership Card"],"campfire_rested":0,"item_purchase_floors":[11],"current_hp_per_floor":[56,48,48,48,48,48,32,33,33,31,31,24,24,24,24,0,0],"gold":31,"neow_bonus":"TRANSFORM_TWO_CARDS","is_daily":false,"chose_seed":false,"campfire_upgraded":2,"win_rate":0.0,"timestamp":1609217443,"path_taken":["M","M","?","?","M","R","E","M","T","?","$","E","?","$","R","BOSS"],"items_purchased_type":["Relic"],"build_version":"2020-12-22","purchased_purges":0,"victory":false,"max_hp_per_floor":[64,64,64,64,64,64,64,64,64,64,64,72,72,72,72,72,72],"card_choices":[{"not_picked":["Fusion","Auto Shields"],"picked":"Conserve Battery","floor":1},{"not_picked":["Defragment","Beam Cell"],"picked":"Glacier","floor":2},{"not_picked":["Chill","Redo"],"picked":"Doom and Gloom","floor":5},{"not_picked":["Turbo","Rainbow"],"picked":"Self Repair","floor":7},{"not_picked":["Loop","Melter"],"picked":"Barrage","floor":8},{"not_picked":["Streamline","Heatsinks"],"picked":"FTL","floor":10},{"not_picked":["Go for the Eyes","Cold Snap"],"picked":"Glacier","floor":12}],"player_experience":2386073,"relics_obtained":[{"floor":7,"key":"Bronze Scales"},{"floor":9,"key":"hubris:MysteriousPyramids"},{"floor":12,"key":"hubris:Spice"}],"event_choices":[{"cards_removed":["conspire:Rain"],"damage_healed":0,"gold_gain":0,"player_choice":"Card Removal","damage_taken":0,"max_hp_gain":0,"max_hp_loss":0,"event_name":"The Cleric","floor":3,"gold_loss":50},{"cards_removed":["Defend_B"],"damage_healed":0,"gold_gain":0,"player_choice":"Card Removal","damage_taken":0,"max_hp_gain":0,"max_hp_loss":0,"event_name":"Wheel of Change","floor":4,"gold_loss":0},{"damage_healed":0,"gold_gain":0,"player_choice":"Forge","damage_taken":0,"max_hp_gain":0,"max_hp_loss":0,"event_name":"Accursed Blacksmith","floor":13,"gold_loss":0,"cards_upgraded":["Dualcast"]}],"is_beta":false,"boss_relics":[],"items_purged_floors":[],"is_endless":false,"potions_floor_spawned":[1,5,8],"killed_by":"Hexaghost","ascension_level":14}}