{"host":"BK","time":1609210088,"event":{"mods":["BaseMod","Highlight Path","Minty Spire (QoL Compilation)","StSLib"],"gold_per_floor":[20,30,44,60,60,60,99,99,99,99,120,120,160,176,176,275,275,275,275,34,34,34,34,34,34,34,34,34,34,34,34,34,34,34,34,34,34,34,8,8,8,8,8,8,8,8,8,8,8,8,8],"floor_reached":50,"playtime":3417,"items_purged":["Strike_B"],"score":1194,"play_id":"822549b3-1d65-4dc0-bd35-e400cb33922f","local_time":"20201228194808","is_ascension_mode":true,"campfire_choices":[{"data":"Sweeping Beam","floor":6.0,"key":"SMITH"},{"data":"Streamline","floor":8.0,"key":"SMITH"},{"data":"Zap","floor":10.0,"key":"SMITH"},{"floor":12.0,"key":"REST"},{"data":"Cold Snap","floor":15.0,"key":"SMITH"},{"data":"Loop","floor":23.0,"key":"SMITH"},{"floor":28.0,"key":"REST"},{"floor":30.0,"key":"REST"},{"floor":32.0,"key":"REST"},{"floor":41.0,"key":"RECALL"},{"data":"Blizzard","floor":42.0,"key":"SMITH"},{"data":"Leap","floor":44.0,"key":"SMITH"},{"data":"Dualcast","floor":46.0,"key":"SMITH"},{"floor":49.0,"key":"REST"}],"circlet_count":0,"master_deck":["AscendersBane","Strike_B","Strike_B","Strike_B","Defend_B","Defend_B","Defend_B","Defend_B","Zap+1","Dualcast+1","Chill","Leap+1","Sweeping Beam+1","Streamline+1","Reboot+1","Cold Snap+1","Electrodynamics","Skim+1","Coolheaded+1","Loop+1","White Noise+1","Steam+1","Glacier+1","Genetic Algorithm+1","Buffer+1","Biased Cognition+1","Blizzard+1","Fission+1","Redo+1","Darkness+1","Double Energy+1","Parasite","Loop+1"],"relics":["Cracked Core","Gambling Chip","Golden Idol","Strawberry","Orichalcum","Toxic Egg 2","Ectoplasm","Happy Flower","WingedGreaves","Frozen Egg 2","MawBank","SlaversCollar","Du-Vu Doll","Potion Belt"],"acts_visited":["Exordium","TheCity","TheBeyond"],"potions_floor_usage":[50],"damage_taken":[{"damage":0.0,"enemies":"Cultist","floor":1.0,"turns":3.0},{"damage":1.0,"enemies":"2 Louse","floor":2.0,"turns":3.0},{"damage":3.0,"enemies":"Jaw Worm","floor":3.0,"turns":4.0},{"damage":4.0,"enemies":"Looter","floor":4.0,"turns":3.0},{"damage":28.0,"enemies":"Lagavulin","floor":7.0,"turns":7.0},{"damage":0.0,"enemies":"Lots of Slimes","floor":11.0,"turns":2.0},{"damage":0.0,"enemies":"3 Sentries","floor":13.0,"turns":6.0},{"damage":4.0,"enemies":"Exordium Thugs","floor":14.0,"turns":4.0},{"damage":49.0,"enemies":"Hexaghost","floor":16.0,"turns":11.0},{"damage":6.0,"enemies":"Spheric Guardian","floor":18.0,"turns":4.0},{"damage":1.0,"enemies":"3 Byrds","floor":19.0,"turns":2.0},{"damage":4.0,"enemies":"Centurion and Healer","floor":22.0,"turns":5.0},{"damage":21.0,"enemies":"Book of Stabbing","floor":24.0,"turns":5.0},{"damage":13.0,"enemies":"Gremlin Leader","floor":27.0,"turns":6.0},{"damage":7.0,"enemies":"Shelled Parasite and Fungi","floor":29.0,"turns":6.0},{"damage":6.0,"enemies":"Sentry and Sphere","floor":31.0,"turns":4.0},{"damage":0.0,"enemies":"Champ","floor":33.0,"turns":11.0},{"damage":0.0,"enemies":"3 Shapes","floor":35.0,"turns":3.0},{"damage":10.0,"enemies":"Mind Bloom Boss Battle","floor":37.0,"turns":10.0},{"damage":0.0,"enemies":"3 Darklings","floor":38.0,"turns":5.0},{"damage":7.0,"enemies":"Reptomancer","floor":40.0,"turns":8.0},{"damage":9.0,"enemies":"4 Shapes","floor":45.0,"turns":5.0},{"damage":0.0,"enemies":"Spire Growth","floor":47.0,"turns":5.0},{"damage":0.0,"enemies":"Writhing Mass","floor":48.0,"turns":7.0},{"damage":114,"enemies":"Donu and Deca","floor":50,"turns":9}],"seed_played":"-3215746965649692639","potions_obtained":[{"floor":2.0,"key":"SpeedPotion"},{"floor":3.0,"key":"Fire Potion"},{"floor":7.0,"key":"BlessingOfTheForge"},{"floor":16.0,"key":"SkillPotion"},{"floor":18.0,"key":"PotionOfCapacity"},{"floor":27.0,"key":"PowerPotion"},{"floor":38.0,"key":"FairyPotion"},{"floor":45.0,"key":"Energy Potion"},{"floor":47.0,"key":"DuplicationPotion"},{"floor":48.0,"key":"FairyPotion"}],"is_trial":false,"path_per_floor":["M","M","M","M","?","R","E","R","T","R","M","R","E","M","R","B",null,"M","M","$","?","M","R","E","?","T","E","R","M","R","M","R","B",null,"M","$","?","M","$","E","R","R","T","R","M","R","M","M","R","B"],"character_chosen":"DEFECT","items_purchased":["Loop","White Noise+1","Redo+1"],"campfire_rested":5,"item_purchase_floors":[20,20,39],"current_hp_per_floor":[64,63,60,56,56,56,35,35,35,35,35,56,56,52,52,3,54,48,47,47,47,43,43,22,22,22,9,30,23,44,38,59,59,68,68,68,58,58,58,51,51,51,51,51,42,42,42,42,63,0,0],"gold":8,"neow_bonus":"ONE_RARE_RELIC","is_daily":false,"chose_seed":false,"campfire_upgraded":8,"win_rate":0.0,"timestamp":1609210088,"path_taken":["M","M","?","?","?","R","E","R","T","R","M","R","E","M","R","BOSS","M","M","$","?","M","R","E","?","T","E","R","M","R","M","R","BOSS","M","$","?","M","?","E","R","R","T","R","?","R","M","M","R","BOSS"],"items_purchased_type":["Card","Card","Card"],"build_version":"2020-12-18","purchased_purges":1,"victory":false,"max_hp_per_floor":[71,71,71,71,64,64,71,71,71,71,71,71,71,71,71,71,71,71,71,71,71,71,71,71,71,71,71,71,71,71,71,71,71,71,71,71,71,71,71,71,71,71,71,71,71,71,71,71,71,71,71],"card_choices":[{"not_picked":["Turbo","Reprogram"],"picked":"Chill","floor":1.0},{"not_picked":["Chaos","Redo"],"picked":"Leap","floor":2.0},{"not_picked":["Force Field","Coolheaded","Redo"],"picked":"SKIP","floor":3.0},{"not_picked":["Redo","Gash"],"picked":"Sweeping Beam","floor":4.0},{"not_picked":["Gash","Auto Shields"],"picked":"Streamline","floor":7.0},{"not_picked":["Steam","Stack","Gash"],"picked":"SKIP","floor":11.0},{"not_picked":["Steam+1","Gash"],"picked":"Reboot+1","floor":13.0},{"not_picked":["Go for the Eyes","Turbo+1"],"picked":"Cold Snap","floor":14.0},{"not_picked":["Rainbow+1","Multi-Cast+1"],"picked":"Electrodynamics","floor":16.0},{"not_picked":["Ball Lightning","Streamline"],"picked":"Skim+1","floor":18.0},{"not_picked":["Sunder","Stack+1"],"picked":"Coolheaded+1","floor":19.0},{"not_picked":["Skim+1","Sweeping Beam"],"picked":"Steam+1","floor":22.0},{"not_picked":["Streamline","Stack+1"],"picked":"Glacier+1","floor":24.0},{"not_picked":["Go for the Eyes","Sweeping Beam+1","Blizzard"],"picked":"SKIP","floor":27.0},{"not_picked":["Chill+1","Sweeping Beam"],"picked":"Genetic Algorithm+1","floor":29.0},{"not_picked":["Leap+1","Coolheaded+1"],"picked":"Buffer+1","floor":31.0},{"not_picked":["Machine Learning+1","Buffer+1"],"picked":"Biased Cognition+1","floor":33.0},{"not_picked":["Compile Driver","Barrage","Rebound"],"picked":"SKIP","floor":35.0},{"not_picked":["Undo+1","Stack+1"],"picked":"Blizzard","floor":37.0},{"not_picked":["Gash","Compile Driver"],"picked":"Fission+1","floor":38.0},{"not_picked":["Undo+1","Barrage","BootSequence+1"],"picked":"SKIP","floor":40.0},{"not_picked":["Sweeping Beam","Chill+1"],"picked":"Darkness+1","floor":45.0},{"not_picked":["Ball Lightning+1","Stack+1"],"picked":"Double Energy+1","floor":47.0},{"not_picked":["Conserve Battery+1","Fusion+1"],"picked":"Loop+1","floor":48.0}],"player_experience":2466618,"relics_obtained":[{"floor":7.0,"key":"Strawberry"},{"floor":9.0,"key":"Orichalcum"},{"floor":13.0,"key":"Toxic Egg 2"},{"floor":24.0,"key":"Happy Flower"},{"floor":26.0,"key":"Frozen Egg 2"},{"floor":27.0,"key":"MawBank"},{"floor":37.0,"key":"Du-Vu Doll"},{"floor":40.0,"key":"Potion Belt"}],"event_choices":[{"damage_healed":0.0,"max_hp_gain":0.0,"max_hp_loss":7.0,"gold_gain":0.0,"event_name":"Golden Idol","player_choice":"Lose Max HP","floor":5.0,"gold_loss":0.0,"damage_taken":0.0,"relics_obtained":["Golden Idol"]},{"damage_healed":0.0,"max_hp_gain":0.0,"max_hp_loss":0.0,"gold_gain":50.0,"event_name":"Nest","player_choice":"Stole From Cult","floor":21.0,"gold_loss":0.0,"damage_taken":0.0},{"damage_healed":0.0,"max_hp_gain":0.0,"max_hp_loss":0.0,"gold_gain":0.0,"event_name":"WeMeetAgain","player_choice":"Gave Potion","floor":25.0,"gold_loss":0.0,"damage_taken":0.0,"relics_obtained":["WingedGreaves"]},{"damage_healed":0.0,"max_hp_gain":0.0,"max_hp_loss":0.0,"gold_gain":0.0,"event_name":"MindBloom","player_choice":"Fight","floor":37.0,"gold_loss":0.0,"damage_taken":0.0}],"is_beta":true,"boss_relics":[{"not_picked":["Calling Bell","Nuclear Battery"],"picked":"Ectoplasm"},{"not_picked":["SacredBark","Velvet Choker"],"picked":"SlaversCollar"}],"items_purged_floors":[20],"is_endless":false,"potions_floor_spawned":[2,3,7,16,18,19,27,38,45,47,48],"killed_by":"Donu and Deca","ascension_level":20}}