{"host":"qm4rv4rkpk76sbxu","time":1609259067,"event":{"mods":["BaseMod","Bestiary","Block Reminder","DeckTracker","Filter the Spire","Keyboard Shortcuts","Minty Spire (QoL Compilation)","MonsterHotkey","Potion Indicator Mod","Quick Restart","Random Character Button","Relic Stats","Slay-I","StSLib","ojb\u0027s Better Paths Mod"],"gold_per_floor":[118,268,268,283,301,327,340,340,367,40,40,70,81,108,108,184,184,204,204,221,239,292,292,324,342,366,392,392,10,10,36,36,113,113,126,145,170,185,198,233,455,487,487,487,504,504,527,527,527,527,527],"floor_reached":50,"playtime":2335,"items_purged":[],"score":1191,"play_id":"31714fda-ab17-434a-8c89-9cc32c69d9dd","local_time":"20201229172427","is_ascension_mode":true,"campfire_choices":[{"floor":8.0,"key":"REST"},{"floor":15.0,"key":"REST"},{"floor":23.0,"key":"REST"},{"floor":32.0,"key":"REST"},{"floor":44.0,"key":"RECALL"},{"data":"Acrobatics","floor":46.0,"key":"SMITH"},{"data":"Neutralize","floor":49.0,"key":"SMITH"}],"circlet_count":0,"master_deck":["AscendersBane","Strike_G","Strike_G","Defend_G","Defend_G","Defend_G","Defend_G","Defend_G","Survivor","Neutralize+1","Poisoned Stab","Flying Knee","Noxious Fumes","Dodge and Roll","Noxious Fumes","After Image","Tactician+1","Skewer+1","Flying Knee+1","Dagger Spray","Tactician+1","Backstab","Acrobatics+1","Blur+1","Deadly Poison+1","Backflip+1","Prepared+1","Ghostly+1","Ghostly+1","Ghostly+1","Dodge and Roll+1","Venomology+1","Corpse Explosion+1","Dagger Throw","PiercingWail+1","Backflip+1","Prepared+1","Outmaneuver+1","Prepared+1"],"relics":["Ring of the Snake","Ancient Tea Set","Tiny Chest","Orichalcum","TwistedFunnel","Bronze Scales","TungstenRod","Astrolabe","Toxic Egg 2","Dream Catcher","Red Mask","Tough Bandages","Pocketwatch","Coffee Dripper","Art of War","Nunchaku","Tingsha","Pear","Regal Pillow","Molten Egg 2"],"acts_visited":["Exordium","TheCity","TheBeyond"],"potions_floor_usage":[50,50],"damage_taken":[{"damage":4.0,"enemies":"Small Slimes","floor":1.0,"turns":5.0},{"damage":0.0,"enemies":"Cultist","floor":4.0,"turns":3.0},{"damage":4.0,"enemies":"Jaw Worm","floor":5.0,"turns":4.0},{"damage":32.0,"enemies":"3 Sentries","floor":6.0,"turns":8.0},{"damage":5.0,"enemies":"Blue Slaver","floor":7.0,"turns":6.0},{"damage":27.0,"enemies":"Lagavulin","floor":12.0,"turns":6.0},{"damage":5.0,"enemies":"Gremlin Gang","floor":13.0,"turns":4.0},{"damage":15.0,"enemies":"3 Sentries","floor":14.0,"turns":5.0},{"damage":16.0,"enemies":"Hexaghost","floor":16.0,"turns":8.0},{"damage":3.0,"enemies":"Chosen","floor":18.0,"turns":5.0},{"damage":13.0,"enemies":"2 Thieves","floor":20.0,"turns":4.0},{"damage":10.0,"enemies":"Centurion and Healer","floor":21.0,"turns":7.0},{"damage":3.0,"enemies":"Gremlin Leader","floor":24.0,"turns":5.0},{"damage":5.0,"enemies":"3 Cultists","floor":25.0,"turns":4.0},{"damage":26.0,"enemies":"Masked Bandits","floor":27.0,"turns":4.0},{"damage":6.0,"enemies":"Book of Stabbing","floor":31.0,"turns":4.0},{"damage":3.0,"enemies":"Automaton","floor":33.0,"turns":11.0},{"damage":0.0,"enemies":"3 Shapes","floor":35.0,"turns":3.0},{"damage":0.0,"enemies":"3 Darklings","floor":36.0,"turns":2.0},{"damage":18.0,"enemies":"Maw","floor":38.0,"turns":8.0},{"damage":0.0,"enemies":"4 Shapes","floor":39.0,"turns":3.0},{"damage":4.0,"enemies":"Nemesis","floor":40.0,"turns":9.0},{"damage":3.0,"enemies":"Reptomancer","floor":42.0,"turns":8.0},{"damage":0.0,"enemies":"3 Darklings","floor":45.0,"turns":3.0},{"damage":13,"enemies":"Awakened One","floor":50,"turns":4}],"seed_played":"-4096867405606993525","potions_obtained":[{"floor":0.0,"key":"CultistPotion"},{"floor":0.0,"key":"Strength Potion"},{"floor":12.0,"key":"PowerPotion"},{"floor":14.0,"key":"Energy Potion"},{"floor":16.0,"key":"BlessingOfTheForge"},{"floor":24.0,"key":"Dexterity Potion"},{"floor":27.0,"key":"FearPotion"},{"floor":31.0,"key":"PowerPotion"},{"floor":33.0,"key":"ColorlessPotion"},{"floor":38.0,"key":"BlessingOfTheForge"},{"floor":40.0,"key":"Ancient Potion"},{"floor":42.0,"key":"Poison Potion"}],"is_trial":false,"path_per_floor":["M","?","?","M","M","E","M","R","T","$","?","E","M","E","R","B",null,"M","?","M","M","T","R","E","M","T","?","?","$","?","E","R","B",null,"M","M","T","M","M","E","?","E","T","R","M","R","T","T","R","B"],"character_chosen":"THE_SILENT","items_purchased":["Orichalcum","TwistedFunnel","Tough Bandages","Prepared+1"],"campfire_rested":4,"item_purchase_floors":[10,10,29,29],"current_hp_per_floor":[55,55,55,55,51,19,14,33,33,33,55,28,23,8,27,11,52,49,49,36,26,26,45,42,37,37,11,11,11,11,5,14,11,28,28,28,28,10,10,6,6,3,13,13,13,13,13,13,13,0,0],"gold":527,"neow_bonus":"THREE_SMALL_POTIONS","is_daily":false,"chose_seed":false,"campfire_upgraded":2,"win_rate":0.0,"timestamp":1609259067,"path_taken":["M","?","?","M","?","E","M","R","T","$","?","E","M","E","R","BOSS","M","?","M","?","?","R","E","M","T","?","?","$","?","E","R","BOSS","M","M","?","M","?","E","?","E","T","R","M","R","?","?","R","BOSS"],"items_purchased_type":["Relic","Relic","Relic","Card"],"build_version":"2020-12-22","purchased_purges":0,"victory":false,"max_hp_per_floor":[66,66,66,66,66,66,66,66,66,66,66,66,66,66,66,66,66,66,66,66,66,66,66,66,66,66,66,66,66,33,33,33,33,33,33,33,33,33,33,33,33,33,43,43,43,43,43,43,43,43,43],"relic_stats":{"Regal Pillow":0,"counters":[25,133],"Astrolabe":["Tactician","Skewer","Flying Knee"],"Tingsha":[36],"Orichalcum":[174],"Dream Catcher":1,"Tough Bandages":[198],"Nunchaku":[2],"Bronze Scales":[328],"Tiny Chest":3,"Art of War":[6],"obtain_stats":[{"TwistedFunnel":10,"Regal Pillow":47,"Pear":43,"Astrolabe":17,"Tingsha":42,"Orichalcum":10,"Ancient Tea Set":6,"Dream Catcher":26,"Tough Bandages":29,"Nunchaku":40,"Bronze Scales":12,"Tiny Chest":9,"Molten Egg 2":48,"Red Mask":27,"Coffee Dripper":34,"Art of War":37,"Toxic Egg 2":24,"TungstenRod":14,"Ring of the Snake":0,"Pocketwatch":31},{"TwistedFunnel":5,"Regal Pillow":24,"Pear":23,"Astrolabe":9,"Tingsha":23,"Orichalcum":5,"Ancient Tea Set":4,"Dream Catcher":14,"Tough Bandages":15,"Nunchaku":22,"Bronze Scales":6,"Tiny Chest":5,"Molten Egg 2":24,"Red Mask":15,"Coffee Dripper":17,"Art of War":19,"Toxic Egg 2":13,"TungstenRod":8,"Ring of the Snake":0,"Pocketwatch":16},{"TwistedFunnel":26,"Regal Pillow":129,"Pear":126,"Astrolabe":49,"Tingsha":126,"Orichalcum":26,"Ancient Tea Set":20,"Dream Catcher":74,"Tough Bandages":78,"Nunchaku":118,"Bronze Scales":32,"Tiny Chest":26,"Molten Egg 2":129,"Red Mask":78,"Coffee Dripper":93,"Art of War":98,"Toxic Egg 2":70,"TungstenRod":41,"Ring of the Snake":0,"Pocketwatch":82}],"TungstenRod":31,"Ring of the Snake":[50],"Pocketwatch":[45]},"card_choices":[{"not_picked":["Deflect","PiercingWail"],"picked":"Poisoned Stab","floor":1.0},{"not_picked":["PiercingWail","Reflex"],"picked":"Flying Knee","floor":4.0},{"not_picked":["Slice","Cloak And Dagger"],"picked":"Noxious Fumes","floor":5.0},{"not_picked":["Sucker Punch","Caltrops"],"picked":"Dodge and Roll","floor":6.0},{"not_picked":["Quick Slash","Dodge and Roll","Choke"],"picked":"SKIP","floor":7.0},{"not_picked":["Acrobatics","Tactician"],"picked":"Noxious Fumes","floor":12.0},{"not_picked":["Quick Slash","Choke","Cloak And Dagger"],"picked":"SKIP","floor":13.0},{"not_picked":["Dagger Spray","Endless Agony","Masterful Stab"],"picked":"SKIP","floor":14.0},{"not_picked":["Storm of Steel","Glass Knife"],"picked":"After Image","floor":16.0},{"not_picked":["Bane","Blade Dance"],"picked":"Dagger Spray","floor":18.0},{"not_picked":["Slice","Expertise"],"picked":"Backstab","floor":20.0},{"not_picked":["Concentrate","PiercingWail"],"picked":"Acrobatics","floor":21.0},{"not_picked":["Accuracy","Prepared+1"],"picked":"Blur+1","floor":24.0},{"not_picked":["Deflect+1","Concentrate+1"],"picked":"Deadly Poison+1","floor":25.0},{"not_picked":["Infinite Blades","Choke"],"picked":"Backflip+1","floor":27.0},{"not_picked":["Bouncing Flask+1","Skewer"],"picked":"Dodge and Roll+1","floor":31.0},{"not_picked":["Blur+1","Slice+1"],"picked":"Venomology+1","floor":32.0},{"not_picked":["Envenom","A Thousand Cuts"],"picked":"Corpse Explosion+1","floor":33.0},{"not_picked":["Choke","Underhanded Strike"],"picked":"Dagger Throw","floor":35.0},{"not_picked":["Dagger Throw+1","Bane"],"picked":"PiercingWail+1","floor":36.0},{"not_picked":["Expertise+1","Dodge and Roll+1"],"picked":"Backflip+1","floor":38.0},{"not_picked":["PiercingWail+1","A Thousand Cuts"],"picked":"Prepared+1","floor":39.0},{"not_picked":["Expertise+1","Skewer","Deadly Poison+1"],"picked":"SKIP","floor":40.0},{"not_picked":["Blade Dance+1","Eviscerate"],"picked":"Outmaneuver+1","floor":42.0},{"not_picked":["Well Laid Plans","Deflect+1"],"picked":"Prepared+1","floor":45.0}],"player_experience":1168170,"relics_obtained":[{"floor":6.0,"key":"Ancient Tea Set"},{"floor":9.0,"key":"Tiny Chest"},{"floor":12.0,"key":"Bronze Scales"},{"floor":14.0,"key":"TungstenRod"},{"floor":24.0,"key":"Toxic Egg 2"},{"floor":26.0,"key":"Dream Catcher"},{"floor":27.0,"key":"Red Mask"},{"floor":31.0,"key":"Pocketwatch"},{"floor":37.0,"key":"Art of War"},{"floor":40.0,"key":"Nunchaku"},{"floor":42.0,"key":"Tingsha"},{"floor":43.0,"key":"Pear"},{"floor":47.0,"key":"Regal Pillow"},{"floor":48.0,"key":"Molten Egg 2"}],"event_choices":[{"damage_healed":0.0,"max_hp_gain":0.0,"max_hp_loss":0.0,"gold_gain":150.0,"event_name":"Liars Game","player_choice":"AGREE","floor":2.0,"gold_loss":0.0,"damage_taken":0.0,"cards_obtained":["Doubt"]},{"cards_removed":["Doubt"],"damage_healed":0.0,"max_hp_gain":0.0,"max_hp_loss":0.0,"gold_gain":0.0,"event_name":"Fountain of Cleansing","player_choice":"Removed Curses","floor":3.0,"gold_loss":0.0,"damage_taken":0.0},{"damage_healed":22.0,"max_hp_gain":0.0,"max_hp_loss":0.0,"gold_gain":0.0,"event_name":"Big Fish","player_choice":"Banana","floor":11.0,"gold_loss":0.0,"damage_taken":0.0},{"damage_healed":0.0,"max_hp_gain":0.0,"max_hp_loss":0.0,"gold_gain":0.0,"event_name":"Duplicator","player_choice":"Copied","floor":19.0,"gold_loss":0.0,"damage_taken":0.0,"cards_obtained":["Tactician"]},{"damage_healed":0.0,"max_hp_gain":0.0,"max_hp_loss":0.0,"gold_gain":0.0,"event_name":"Masked Bandits","player_choice":"Fought Bandits","floor":27.0,"gold_loss":0.0,"damage_taken":0.0},{"damage_healed":0.0,"max_hp_gain":0.0,"max_hp_loss":0.0,"gold_gain":0.0,"event_name":"Cursed Tome","player_choice":"Ignored","floor":28.0,"gold_loss":0.0,"damage_taken":0.0},{"damage_healed":0.0,"max_hp_gain":0.0,"max_hp_loss":33.0,"gold_gain":0.0,"event_name":"Ghosts","player_choice":"Became a Ghost","floor":30.0,"gold_loss":0.0,"damage_taken":0.0,"cards_obtained":["Ghostly","Ghostly","Ghostly"]},{"damage_healed":0.0,"max_hp_gain":0.0,"max_hp_loss":0.0,"gold_gain":222.0,"event_name":"Tomb of Lord Red Mask","player_choice":"Wore Mask","floor":41.0,"gold_loss":0.0,"damage_taken":0.0}],"is_beta":false,"boss_relics":[{"not_picked":["Velvet Choker","Snecko Eye"],"picked":"Astrolabe"},{"not_picked":["Philosopher\u0027s Stone","Tiny House"],"picked":"Coffee Dripper"}],"items_purged_floors":[],"is_endless":false,"potions_floor_spawned":[4,12,14,16,24,27,31,33,38,40,42],"killed_by":"Awakened One","ascension_level":20}}