{"host":"627up2rvtmm0cf0r","time":1609260491,"event":{"mods":["ATMod(°¢èªMod)","Act Like it!","BaseMod","Better Vampires","CapriCore","Card Filter","Card Forge","Colored Powertips","DeckTracker","Dota2Spire","Friendly Minions","Highlight Path","Infinite Spire","Jedi Mod","Marked Mod","Mimic Mod","Minty Spire (QoL Compilation)","MostiFishMod","Permanent Neow","Practice Mode","Quick Restart","Relic Stats","Shop Mod","Spicy Shops","StSLib","SuperFastMode","TestMod","¡¾ÒÅÎï¿¨ÅÆ¡¿REMEMod","²ÐÁôÖ®Îï","óô»ðÖ¸ÄÏ"],"gold_per_floor":[14,30,44,54,74,101,118,118,118,128,128,145,420,446,371,449,449,469,486,506,522,532,560,194,226,226,246,261,273,293,311,311,385,385,397,417,442,442,457,332,345,373,536,568,160,179,179,194,194,194],"floor_reached":51,"playtime":1305,"items_purged":["Regret","Strike_P","Strike_P","Strike_P"],"score":1794,"play_id":"3b9c175e-58de-43f9-8ebd-5ceba099d941","local_time":"20201230004811","is_ascension_mode":true,"campfire_choices":[{"data":"AT_MachinaRedman","floor":8.0,"key":"SMITH"},{"floor":32,"key":"RECALL"},{"floor":49,"key":"REST"}],"circlet_count":0,"master_deck":["AscendersBane","Defend_P","Defend_P","Defend_P","Defend_P","AT_MachinaRedman+1","PlaceholderMod:EvolutionSpray+1"],"relics":["PureWater","Hammer of Thor","Seething Fire","Anvil of the Gods","DaveBox","testmod-TestBox","REME_ComplimentaryCards","AT_ATBox","testmod-ChristmasGift","ShadowXiaoBlade","SynthV:TestCard","AT_BladeRuinedKing","Torii","infinitespire:Eraser","HaiYi:Twilight","AT_ForceNature","AT_DeathDance","testmod-BouquetWithThorns","Black Star","Dota2Spire:OctarineCore","infinitespire:BottledMercury","Regal Pillow","Mango","PreservedInsect","testmod-Fortitude","PlaceholderMod:FlatBlood","Membership Card"],"acts_visited":["Exordium","TheCity","TheBeyond"],"potions_floor_usage":[39,39,43,43,50,50,50,50],"damage_taken":[{"damage":0.0,"enemies":"Cultist","floor":1.0,"turns":2.0},{"damage":0.0,"enemies":"2 Louse","floor":2.0,"turns":1.0},{"damage":0.0,"enemies":"infinitespire:Voidling","floor":3.0,"turns":1.0},{"damage":9.0,"enemies":"3 Louse","floor":4.0,"turns":2.0},{"damage":0.0,"enemies":"2 Fungi Beasts","floor":5.0,"turns":2.0},{"damage":5.0,"enemies":"3 Sentries","floor":6.0,"turns":3.0},{"damage":0.0,"enemies":"Large Slime","floor":7.0,"turns":2.0},{"damage":1.0,"enemies":"Looter","floor":10.0,"turns":2.0},{"damage":0.0,"enemies":"2 Fungi Beasts","floor":12.0,"turns":1.0},{"damage":0.0,"enemies":"Lagavulin","floor":14.0,"turns":3.0},{"damage":0.0,"enemies":"Slime Boss","floor":16.0,"turns":2.0},{"damage":0.0,"enemies":"Shell Parasite","floor":18.0,"turns":1.0},{"damage":8.0,"enemies":"3 Byrds","floor":19.0,"turns":3.0},{"damage":0.0,"enemies":"Snake Plant","floor":20.0,"turns":2.0},{"damage":0.0,"enemies":"Snecko","floor":21.0,"turns":2.0},{"damage":0.0,"enemies":"Centurion and Healer","floor":22.0,"turns":3.0},{"damage":0.0,"enemies":"Slavers","floor":23.0,"turns":3.0},{"damage":1.0,"enemies":"Book of Stabbing","floor":25.0,"turns":2.0},{"damage":0.0,"enemies":"Shelled Parasite and Fungi","floor":26.0,"turns":2.0},{"damage":1,"enemies":"Shelled Parasite and Fungi","floor":27,"turns":2},{"damage":0,"enemies":"Sentry and Sphere","floor":28,"turns":1},{"damage":3,"enemies":"3 Cultists","floor":29,"turns":3},{"damage":0,"enemies":"Centurion and Healer","floor":30,"turns":2},{"damage":0,"enemies":"Snecko","floor":31,"turns":2},{"damage":10,"enemies":"Champ","floor":33,"turns":4},{"damage":28,"enemies":"3 Shapes","floor":35,"turns":3},{"damage":10,"enemies":"3 Darklings","floor":36,"turns":3},{"damage":0,"enemies":"Mind Bloom Boss Battle","floor":37,"turns":2},{"damage":0,"enemies":"Maw","floor":39,"turns":1},{"damage":0,"enemies":"Jaw Worm Horde","floor":41,"turns":4},{"damage":1,"enemies":"Giant Head","floor":42,"turns":3},{"damage":2,"enemies":"Writhing Mass","floor":43,"turns":5},{"damage":61,"enemies":"Reptomancer","floor":44,"turns":3},{"damage":0,"enemies":"Writhing Mass","floor":46,"turns":1},{"damage":13,"enemies":"3 Darklings","floor":48,"turns":3},{"damage":33,"enemies":"infinitespire:MassOfShapes","floor":50,"turns":6}],"seed_played":"-6199935200730852060","potions_obtained":[{"floor":16.0,"key":"Weak Potion"},{"floor":19.0,"key":"ColorlessPotion"},{"floor":20.0,"key":"testmod-TestPotion"}],"is_trial":false,"path_per_floor":["M","M","M","M","M","E","M","R","T","M","?","M","?","E","R","B",null,"M","M","M","M","M","E","R","E","MIM","M","M","M","M","M","R","B",null,"M","M","?","?","M","R","M","E","MIM","E","R","M","?","M","R","B",null],"character_chosen":"WATCHER","items_purchased":["AT_DeathDance","PlaceholderMod:FlatBlood","Membership Card"],"campfire_rested":1,"item_purchase_floors":[24,45,45],"current_hp_per_floor":[65,67,68,64,68,67,68,68,68,68,68,68,68,68,68,68,68,68,63,66,68,68,68,68,68,68,68,68,67,68,68,68,61,66,45,41,43,43,46,46,51,57,80,28,28,30,30,22,61,56],"gold":194,"neow_bonus":"REMOVE_TWO","is_daily":false,"chose_seed":false,"campfire_upgraded":1,"win_rate":0.0,"timestamp":1609260491,"path_taken":["M","M","M","?","M","E","M","R","T","M","?","M","?","E","R","BOSS","M","M","M","M","M","E","R","E","MIM","M","M","M","M","M","R","BOSS","M","?","?","?","M","R","M","E","MIM","E","R","M","?","?","R","BOSS"],"items_purchased_type":["Relic","Relic","Relic"],"build_version":"2020-12-22","purchased_purges":4,"victory":true,"max_hp_per_floor":[68,68,68,68,68,68,68,68,68,68,68,68,68,68,68,68,68,68,68,68,68,68,68,68,68,68,68,68,68,68,68,68,68,68,68,68,68,68,68,68,68,68,82,82,82,82,82,82,82,82],"relic_stats":{"Regal Pillow":15,"Torii":13,"counters":[36,87],"PreservedInsect":0,"Black Star":2,"obtain_stats":[{"infinitespire:BottledMercury":42,"Regal Pillow":42,"AT_ATBox":0,"DaveBox":0,"Torii":9,"Mango":43,"Hammer of Thor":0,"testmod-BouquetWithThorns":25,"infinitespire:Eraser":14,"testmod-ChristmasGift":0,"AT_ForceNature":23,"testmod-TestBox":0,"ShadowXiaoBlade":0,"AT_BladeRuinedKing":6,"PreservedInsect":44,"Seething Fire":0,"testmod-Fortitude":44,"SynthV:TestCard":1,"HaiYi:Twilight":17,"Anvil of the Gods":0,"Black Star":34,"Dota2Spire:OctarineCore":37,"Membership Card":45,"PureWater":0,"AT_DeathDance":24,"REME_ComplimentaryCards":0,"PlaceholderMod:FlatBlood":45},{"infinitespire:BottledMercury":31,"Regal Pillow":31,"AT_ATBox":0,"DaveBox":0,"Torii":7,"Mango":32,"Hammer of Thor":0,"testmod-BouquetWithThorns":18,"infinitespire:Eraser":10,"testmod-ChristmasGift":0,"AT_ForceNature":17,"testmod-TestBox":0,"ShadowXiaoBlade":0,"AT_BladeRuinedKing":6,"PreservedInsect":33,"Seething Fire":0,"testmod-Fortitude":33,"SynthV:TestCard":1,"HaiYi:Twilight":11,"Anvil of the Gods":0,"Black Star":25,"Dota2Spire:OctarineCore":28,"Membership Card":33,"PureWater":0,"AT_DeathDance":17,"REME_ComplimentaryCards":0,"PlaceholderMod:FlatBlood":33},{"infinitespire:BottledMercury":69,"Regal Pillow":69,"AT_ATBox":0,"DaveBox":0,"Torii":13,"Mango":74,"Hammer of Thor":0,"testmod-BouquetWithThorns":37,"infinitespire:Eraser":19,"testmod-ChristmasGift":0,"AT_ForceNature":35,"testmod-TestBox":0,"ShadowXiaoBlade":0,"AT_BladeRuinedKing":11,"PreservedInsect":77,"Seething Fire":0,"testmod-Fortitude":77,"SynthV:TestCard":2,"HaiYi:Twilight":21,"Anvil of the Gods":0,"Black Star":53,"Dota2Spire:OctarineCore":61,"Membership Card":77,"PureWater":0,"AT_DeathDance":35,"REME_ComplimentaryCards":0,"PlaceholderMod:FlatBlood":77}]},"card_choices":[{"not_picked":["Tantrum","SashWhip","Halt"],"picked":"SKIP","floor":1.0},{"not_picked":["CrushJoints","LikeWater","Halt","CutThroughFate","Wireheading"],"picked":"SKIP","floor":2.0},{"not_picked":["EmptyFist","SashWhip","BowlingBash","ClearTheMind","DevaForm"],"picked":"SKIP","floor":3.0},{"not_picked":["REME_Repentance","BowlingBash","MarkedMod:GracefulMovements","Fasting2","Wallop"],"picked":"SKIP","floor":4.0},{"not_picked":["EmptyFist","FollowUp","MarkedMod:GracefulMovements","Weave","AT_SoftenMuscles"],"picked":"SKIP","floor":5.0},{"not_picked":["Meditate","Consecrate","MarkedMod:GracefulMovements","Crescendo","TalkToTheHand"],"picked":"SKIP","floor":6.0},{"not_picked":["FlyingSleeves","MarkedMod:Acupuncture","MarkedMod:GentlePulse","CutThroughFate","CrushJoints"],"picked":"SKIP","floor":7.0},{"not_picked":["SashWhip","FlyingSleeves","Vault","EmptyBody","FollowUp"],"picked":"SKIP","floor":10.0},{"not_picked":["Protect","ForeignInfluence","REME_Repentance","Meditate","Halt"],"picked":"SKIP","floor":12.0},{"not_picked":["MostiFishMod:StarLaLaLa","MostiFishMod:Clarity","Conclude","Protect","EmptyFist"],"picked":"SKIP","floor":14.0},{"not_picked":["PathToVictory","EmptyBody","CutThroughFate","Meditate","Wallop"],"picked":"SKIP","floor":18.0},{"not_picked":["SashWhip","Consecrate","FlurryOfBlows+1","CutThroughFate","MarkedMod:FirstStrike"],"picked":"SKIP","floor":19.0},{"not_picked":["SashWhip","MarkedMod:Acupuncture+1","EmptyBody","AT_ChampionKick","MostiFishMod:LegendTransform"],"picked":"SKIP","floor":20.0},{"not_picked":["BowlingBash","MarkedMod:FirstStrike","Crescendo","CutThroughFate","Consecrate+1"],"picked":"SKIP","floor":21.0},{"not_picked":["MostiFishMod:Nomercy","FlurryOfBlows","WaveOfTheHand","Study","JustLucky+1"],"picked":"SKIP","floor":22.0},{"not_picked":["Collect","MostiFishMod:Speedup","MostiFishMod:Nomercy","ClearTheMind","Swivel"],"picked":"SKIP","floor":23.0},{"not_picked":["MarkedMod:GentlePulse","Swivel","CrushJoints","FlurryOfBlows","MostiFishMod:FlowState"],"picked":"SKIP","floor":25.0},{"not_picked":["EmptyFist","AT_DivineConfetti","BowlingBash","JustLucky","Collect+1"],"picked":"SKIP","floor":27},{"not_picked":["FlyingSleeves+1","MostiFishMod:Unraveling","ReachHeaven","MarkedMod:Acupuncture","AT_RealFormLess"],"picked":"SKIP","floor":28},{"not_picked":["AT_ChampionStep","REME_Repentance","WaveOfTheHand","FollowUp","SashWhip+1"],"picked":"SKIP","floor":29},{"not_picked":["WaveOfTheHand","FlyingSleeves","MostiFishMod:LegendTransform","CrushJoints+1","BowlingBash"],"picked":"SKIP","floor":30},{"not_picked":["MarkedMod:Acupuncture+1","ClearTheMind","Crescendo","ThirdEye","SashWhip"],"picked":"SKIP","floor":31},{"not_picked":["CutThroughFate+1","JustLucky","LikeWater","MarkedMod:PinPointDefense","Protect"],"picked":"SKIP","floor":35},{"not_picked":["MarkedMod:Acupuncture","ClearTheMind","FlyingSleeves","FollowUp","JustLucky"],"picked":"SKIP","floor":36},{"not_picked":["CrushJoints","SandsOfTime","MostiFishMod:Clarity","TalkToTheHand","WreathOfFlame"],"picked":"SKIP","floor":39},{"not_picked":["Study","SashWhip","WaveOfTheHand","Consecrate+1","EmptyBody"],"picked":"SKIP","floor":41},{"not_picked":["MostiFishMod:FlowState","REME_MusicOfDeath","ClearTheMind","BowlingBash","SashWhip"],"picked":"SKIP","floor":42},{"not_picked":["Halt","REME_Repentance","WindmillStrike","FlyingSleeves","Alpha"],"picked":"SKIP","floor":44},{"not_picked":["Tantrum","Protect","Indignation","AT_RealFormLess","MarkedMod:Acupuncture"],"picked":"SKIP","floor":46},{"not_picked":["EmptyBody","Crescendo","Evaluate","LikeWater","BattleHymn+1"],"picked":"SKIP","floor":48}],"player_experience":63942,"relics_obtained":[{"floor":1.0,"key":"SynthV:TestCard"},{"floor":6.0,"key":"AT_BladeRuinedKing"},{"floor":9.0,"key":"Torii"},{"floor":14.0,"key":"infinitespire:Eraser"},{"floor":23.0,"key":"AT_ForceNature"},{"floor":25.0,"key":"testmod-BouquetWithThorns"},{"floor":37,"key":"Dota2Spire:OctarineCore"},{"floor":42,"key":"infinitespire:BottledMercury"},{"floor":42,"key":"Regal Pillow"},{"floor":43,"key":"Mango"},{"floor":44,"key":"PreservedInsect"},{"floor":44,"key":"testmod-Fortitude"}],"event_choices":[{"damage_healed":0.0,"max_hp_gain":0.0,"max_hp_loss":0.0,"gold_gain":0.0,"event_name":"Living Wall","player_choice":"Grow","floor":11.0,"gold_loss":0.0,"damage_taken":0.0,"cards_upgraded":["PlaceholderMod:EvolutionSpray"]},{"damage_healed":0.0,"max_hp_gain":0.0,"max_hp_loss":0.0,"gold_gain":275.0,"event_name":"Golden Shrine","player_choice":"Desecrate","floor":13.0,"gold_loss":0.0,"damage_taken":0.0,"cards_obtained":["Regret"]},{"damage_healed":0,"gold_gain":0,"player_choice":"Fight","damage_taken":0,"max_hp_gain":0,"max_hp_loss":0,"event_name":"MindBloom","floor":37,"gold_loss":0},{"cards_removed":["Strike_P"],"damage_healed":0,"gold_gain":0,"player_choice":"Removed Attack","damage_taken":0,"max_hp_gain":0,"max_hp_loss":0,"event_name":"Falling","floor":38,"gold_loss":0},{"damage_healed":0,"gold_gain":0,"player_choice":"Ignored","damage_taken":0,"max_hp_gain":0,"max_hp_loss":0,"event_name":"The Moai Head","floor":47,"gold_loss":0}],"is_beta":false,"boss_relics":[{"not_picked":["testmod-Nine","MostiFishMod:Hod"],"picked":"HaiYi:Twilight"},{"not_picked":["REME_DuelDisc","xbg"],"picked":"Black Star"}],"items_purged_floors":[15,24,40,45],"is_endless":false,"potions_floor_spawned":[3,5,7,10,16,19,20,21,25,28,29,31,36,37,44,46],"ascension_level":17}}