{"host":"b0hh64pqctf46s8m","time":1609283941,"event":{"mods":["Act Like it!","BaseMod","Bestiary","CCEM","CapriCore","ChefMod","Conspire","Curses Come First","Displayed Cursed Tome","Dota2Spire","Downfall","Ekko","Elementarium","Fireblade Mod","Hallownest","Hermit","Hubris","Infinite Spire","Jess\u0027s Bottle","JesterMod","Jorbs\u0027s Wanderer Trilogy","Lobotomy","Luminous","Menagerie","Minty Spire (QoL Compilation)","Pale of the Ancients","Permanent Neow","Relic Stats","Replay The Spire","Robot Space Explorer","Shade Mod","StSLib","The Blue Laboratory","The Dragon Tamer","The Immortal","The Marked","TheLocksmith","TheSwordswoman","TheVacant","TheWitcher","UnlockEverythingMod","Wandering Minibosses","??????REMEMod","????"],"gold_per_floor":[109,109,127,138,158,190,201,201,201,201,216,236,69,81,81,176,176,192,208,108,118,118,118,146,146,146,181,181,181,196,196,196],"floor_reached":31,"playtime":1056,"items_purged":["Shade:Strike_Shade","Doubt"],"score":327,"play_id":"614b0be7-c42a-457a-91c6-b951b10cfb19","local_time":"20201229151901","is_ascension_mode":false,"campfire_choices":[{"data":"Menagerie:BeastSpirit","floor":10,"key":"SMITH"},{"data":"Shade:Bonestorm","floor":15,"key":"SMITH"},{"data":"Shade:OminousRitual","floor":23,"key":"SMITH"},{"floor":25,"key":"REST"}],"circlet_count":0,"master_deck":["Shade:Strike_Shade+1","Shade:Strike_Shade+1","Shade:Strike_Shade+1","Shade:Defend_Shade+1","Shade:Defend_Shade+1","Shade:Defend_Shade+1","Shade:Defend_Shade+1","Shade:AnimateDead+1","Shade:CarefulCut","Shade:Premonition","Menagerie:BeastSpirit+1","Shade:CloudOfShrapnel","Shade:GraveStillness","Shade:CommandSoldier","Shade:CommandSoldier","Shade:FreshBones","Shade:SkeletonArmy","Shade:AuraOfUnlife","Shade:Bonestorm+1","Shade:OminousRitual+1","Shade:FingerOfDeath","Shade:SensePrey","Shade:Brains"],"relics":["Shade:YorickSkull","REME_ComplimentaryCards","Lantern","ReplayTheSpireMod:Ring of Collecting","Ring of Searing","Dota2Spire:EtherealBlade","conspire:SlowCooker","infinitespire:Beetle Shell","Ring of Hypnosis","Dota2Spire:Butterfly","Akabeko","hubris:BottledHeart"],"acts_visited":["Menagerie:Menagerie","TheCity"],"potions_floor_usage":[16,18,24,27],"damage_taken":[{"damage":0,"enemies":"Menagerie:StygianBoar","floor":1,"turns":3},{"damage":0,"enemies":"Menagerie:MonstrousExperiment","floor":3,"turns":5},{"damage":0,"enemies":"Menagerie:WhisperingWraith","floor":4,"turns":5},{"damage":0,"enemies":"Menagerie:Hydra","floor":6,"turns":6},{"damage":2,"enemies":"Menagerie:RedMage","floor":7,"turns":5},{"damage":15,"enemies":"Menagerie:BEAST_MAGE_AND_PROWLING_AMALGAM","floor":11,"turns":4},{"damage":0,"enemies":"Menagerie:3_RABBITS","floor":12,"turns":3},{"damage":0,"enemies":"Menagerie:MeltingSalamander","floor":14,"turns":3},{"damage":15,"enemies":"Menagerie:Suneater","floor":16,"turns":6},{"damage":16,"enemies":"2 Thieves","floor":18,"turns":4},{"damage":2,"enemies":"Spheric Guardian","floor":19,"turns":3},{"damage":14,"enemies":"Snake Plant","floor":21,"turns":4},{"damage":0,"enemies":"Book of Stabbing","floor":24,"turns":5},{"damage":15,"enemies":"Slavers","floor":27,"turns":5},{"damage":0,"enemies":"3 Cultists","floor":30,"turns":3},{"damage":1,"enemies":"Centurion and Healer","floor":31,"turns":4}],"seed_played":"4998882403427743600","potions_obtained":[{"floor":4,"key":"Dota2Spire:HealingSalve"},{"floor":6,"key":"blueLaboratory:BubblePotion"},{"floor":7,"key":"SmokeBomb"},{"floor":16,"key":"blueLaboratory:BubblePotion"},{"floor":18,"key":"Ancient Potion"}],"is_trial":false,"path_per_floor":["M","?","M","M","?","E","M","?","T","R","M","M","$","M","R","B",null,"M","M","$","M","?","R","E","R","T","E","?","?","M","M"],"character_chosen":"SHADE","items_purchased":["Shade:AuraOfUnlife","Shade:Bonestorm"],"campfire_rested":1,"item_purchase_floors":[13,13],"current_hp_per_floor":[65,62,62,62,62,62,60,60,60,60,45,45,45,45,45,42,62,46,44,44,30,19,19,19,39,39,24,1,1,1,0,0],"gold":196,"neow_bonus":"RANDOM_EVENT","is_daily":false,"chose_seed":false,"campfire_upgraded":3,"win_rate":0.0,"timestamp":1609283941,"path_taken":["M","?","M","M","?","E","M","?","T","R","M","?","$","M","R","BOSS","M","M","$","M","?","R","E","R","T","E","?","?","M","M"],"items_purchased_type":["Card","Card"],"build_version":"2020-12-22","purchased_purges":2,"victory":false,"max_hp_per_floor":[65,62,62,62,62,62,62,62,62,62,62,62,62,62,62,62,62,62,62,62,62,67,67,67,67,67,67,1,1,1,1,1],"relic_stats":{"counters":[16,67],"obtain_stats":[{"Lantern":6,"Dota2Spire:Butterfly":26,"Ring of Hypnosis":26,"Shade:YorickSkull":0,"hubris:BottledHeart":28,"ReplayTheSpireMod:Ring of Collecting":8,"conspire:SlowCooker":17,"infinitespire:Beetle Shell":24,"Dota2Spire:EtherealBlade":9,"Akabeko":27,"REME_ComplimentaryCards":0,"Ring of Searing":9},{"Lantern":4,"Dota2Spire:Butterfly":13,"Ring of Hypnosis":13,"Shade:YorickSkull":0,"hubris:BottledHeart":14,"ReplayTheSpireMod:Ring of Collecting":5,"conspire:SlowCooker":9,"infinitespire:Beetle Shell":13,"Dota2Spire:EtherealBlade":5,"Akabeko":14,"REME_ComplimentaryCards":0,"Ring of Searing":5},{"Lantern":19,"Dota2Spire:Butterfly":56,"Ring of Hypnosis":56,"Shade:YorickSkull":0,"hubris:BottledHeart":61,"ReplayTheSpireMod:Ring of Collecting":24,"conspire:SlowCooker":40,"infinitespire:Beetle Shell":56,"Dota2Spire:EtherealBlade":24,"Akabeko":61,"REME_ComplimentaryCards":0,"Ring of Searing":24}]},"card_choices":[{"not_picked":["Shade:ClawBack","Shade:Brains"],"picked":"Shade:Premonition","floor":1},{"not_picked":["Shade:StitchTogether","Shade:SoulToxin"],"picked":"Shade:CloudOfShrapnel","floor":3},{"not_picked":["Shade:ClawBack","Shade:Trample"],"picked":"Shade:GraveStillness","floor":4},{"not_picked":["Shade:OpenGraves","Shade:RitualOffering"],"picked":"Shade:CommandSoldier","floor":6},{"not_picked":["Shade:GraveStillness","Shade:DangerousRitual"],"picked":"Shade:CommandSoldier","floor":7},{"not_picked":["Shade:BoneShards","Shade:GreyBargain"],"picked":"Shade:FreshBones","floor":11},{"not_picked":["Shade:Awaken","Shade:FuneraryArmor"],"picked":"Shade:SkeletonArmy","floor":12},{"not_picked":["Shade:ExtraLimbs","Shade:AuraOfUnlife","Shade:Tombstone"],"picked":"SKIP","floor":14},{"not_picked":["Shade:MadHubris","Shade:OfferingToTheBeyond"],"picked":"Shade:OminousRitual","floor":16},{"not_picked":["Shade:CommandSoldier","Shade:ExtraLimbs"],"picked":"Shade:FingerOfDeath","floor":18},{"not_picked":["Shade:Trample","Shade:Bonestorm+1"],"picked":"Shade:SensePrey","floor":19},{"not_picked":["Shade:LyeBath","Shade:Premonition"],"picked":"Shade:Brains","floor":21},{"not_picked":["Shade:Tombstone","Shade:PotionOfRestlessness+1","Shade:FuneraryArmor"],"picked":"SKIP","floor":24},{"not_picked":["Shade:OfferingToTheBeyond","Shade:FuneraryArmor","Shade:RavenousHorde+1"],"picked":"SKIP","floor":27},{"not_picked":["Shade:Frenzy","Shade:PressTheAttack","Shade:Trample"],"picked":"SKIP","floor":30}],"player_experience":1417695,"relics_obtained":[{"floor":6,"key":"Lantern"},{"floor":8,"key":"ReplayTheSpireMod:Ring of Collecting"},{"floor":9,"key":"Ring of Searing"},{"floor":9,"key":"Dota2Spire:EtherealBlade"},{"floor":24,"key":"infinitespire:Beetle Shell"},{"floor":26,"key":"Ring of Hypnosis"},{"floor":26,"key":"Dota2Spire:Butterfly"},{"floor":27,"key":"Akabeko"}],"event_choices":[{"damage_healed":0,"gold_gain":0,"player_choice":"Knelt","damage_taken":0,"max_hp_gain":0,"max_hp_loss":3,"event_name":"Menagerie:BeastSpiritShrine","floor":2,"gold_loss":0,"cards_obtained":["Menagerie:BeastSpirit"]},{"damage_healed":0,"gold_gain":20,"player_choice":"Cunning","damage_taken":0,"max_hp_gain":0,"max_hp_loss":0,"event_name":"Menagerie:CloudVision","floor":5,"gold_loss":0,"cards_upgraded":["Shade:Strike_Shade"]},{"damage_healed":0,"gold_gain":0,"player_choice":"Shed Blood","damage_taken":16,"max_hp_gain":5,"max_hp_loss":0,"event_name":"Forgotten Altar","floor":22,"gold_loss":0},{"damage_healed":0,"gold_gain":0,"player_choice":"Simplicity","damage_taken":0,"max_hp_gain":0,"max_hp_loss":0,"event_name":"Back to Basics","floor":29,"gold_loss":0,"cards_upgraded":["Shade:Strike_Shade","Shade:Strike_Shade","Shade:Defend_Shade","Shade:Defend_Shade","Shade:Defend_Shade","Shade:Defend_Shade"]}],"is_beta":false,"boss_relics":[{"not_picked":["CCEMRelics:TransientCore","Runic Pyramid"],"picked":"conspire:SlowCooker"}],"items_purged_floors":[13,20],"is_endless":false,"potions_floor_spawned":[4,6,7,12,16,18,19,21],"killed_by":"Centurion and Healer","ascension_level":0}}