{"host":"dd2mx3pm3ovi0t1n","time":1609226561,"event":{"mods":["2.2 Compatiblity","AchievementEnabler","Aspiration","BaseMod","Beaked The Cultist","Better Altar","Better Match","Better Note","Better Sensory Stone","Better Skull","Better Third Choice","BetterRewards","Colored Map","Colored Powertips","Conspire","Defuse TimeMaze Blight","Downfall","Energized Spire","Friendly Minions","GifTheSpireLib","Halation","Highlight Path","HololiveMod","Hubris","Infinite Spire","Jedi Mod","Marked Mod","Minty Spire (QoL Compilation)","Permanent Neow","Quick Restart","Replay The Spire","Shop Mod","Spicy Shops","Spikes Relics","StSLib","Stuff the Spire","TestMod","The Construct","The Cursed","The Disciple","The Hierophant","The Necromancer","The Runesmith","The Sage","The Servant 0.9.4","Uncapped","Wandering Minibosses","Yuri Mod","vexMod","????"],"gold_per_floor":[110,110,210,134,146,146,160,61,85,119,135,135,148,109,109,208,208,323,336,336,336],"floor_reached":20,"playtime":778,"items_purged":["Strike_P"],"score":209,"play_id":"75670cd5-c4f1-465d-be76-9340f7a7ee6f","local_time":"20201228232241","is_ascension_mode":true,"campfire_choices":[{"data":"MarkedMod:GracefulMovements","floor":6,"key":"SMITH"},{"data":"MarkedMod:ChiBlock","floor":12,"key":"SMITH"},{"data":"Eruption","floor":15,"key":"SMITH"}],"circlet_count":0,"master_deck":["Strike_P","Strike_P","Strike_P","Defend_P","Defend_P","Defend_P","Defend_P","Eruption+1","Vigilance","PathToVictory","MarkedMod:GracefulMovements+1","MarkedMod:FirstStrike","MarkedMod:ChiBlock+1","MarkedMod:ChiBlock"],"relics":["PureWater","testmod-TestBox","testmod-GiftOfSatan","testmod-TestBox","MerchantsRug","ReplayTheSpireMod:TigerMarble","energizedSpire:SpiderWeb"],"acts_visited":["Exordium","TheCity"],"potions_floor_usage":[18],"damage_taken":[{"damage":0,"enemies":"Small Slimes","floor":1,"turns":1},{"damage":5,"enemies":"2 Louse","floor":5,"turns":2},{"damage":0,"enemies":"Cultist","floor":7,"turns":2},{"damage":0,"enemies":"Gremlin Nob","floor":10,"turns":2},{"damage":13,"enemies":"Red Slaver","floor":11,"turns":2},{"damage":0,"enemies":"Blue Slaver","floor":13,"turns":3},{"damage":32,"enemies":"Fading Forest","floor":16,"turns":11},{"damage":51,"enemies":"Spheric Guardian","floor":18,"turns":7},{"damage":12,"enemies":"Shell Parasite","floor":19,"turns":3},{"damage":3,"enemies":"Centurion and Healer","floor":20,"turns":2}],"seed_played":"-385225112583590556","potions_obtained":[{"floor":5,"key":"sagemod:Wine"},{"floor":7,"key":"Weak Potion"},{"floor":11,"key":"SpeedPotion"},{"floor":16,"key":"BottledMiracle"}],"is_trial":false,"path_per_floor":["M","?","?","$","M","R","M","R","T","E","M","R","M","$","R","B",null,"M","M","M"],"character_chosen":"WATCHER","items_purchased":["MarkedMod:GracefulMovements","MerchantsRug"],"campfire_rested":0,"item_purchase_floors":[4,8],"current_hp_per_floor":[72,72,72,72,67,67,72,72,72,72,59,59,65,65,65,70,72,33,21,18,18],"gold":336,"neow_bonus":"RANDOM_COMMON_RELIC","is_daily":false,"chose_seed":false,"campfire_upgraded":3,"win_rate":0.0,"timestamp":1609226561,"path_taken":["M","?","?","$","M","R","M","R","T","E","M","R","M","$","R","BOSS","M","M","?"],"items_purchased_type":["Card","Relic"],"build_version":"2020-12-22","purchased_purges":1,"victory":false,"max_hp_per_floor":[72,72,72,72,72,72,72,72,72,72,72,72,72,72,72,72,72,72,72,72,72],"card_choices":[{"not_picked":["EmptyBody","Replay:AtTheReady"],"picked":"PathToVictory","floor":1},{"not_picked":["EmptyBody","Replay:Cycle"],"picked":"MarkedMod:FirstStrike","floor":5},{"not_picked":["Halt","ClearTheMind","ThirdEye"],"picked":"SKIP","floor":7},{"not_picked":["Halt","DeceiveReality"],"picked":"MarkedMod:ChiBlock","floor":10},{"not_picked":["Replay:AtTheReady","EmptyBody","JustLucky"],"picked":"SKIP","floor":11},{"not_picked":["CutThroughFate","Fasting2","EmptyMind"],"picked":"SKIP","floor":13},{"not_picked":["Blasphemy","MasterReality"],"picked":"MarkedMod:ChiBlock","floor":16},{"not_picked":["EmptyBody","Wireheading+1","Replay:ManipulateFuture"],"picked":"SKIP","floor":18},{"not_picked":["WreathOfFlame+1","CrushJoints","FollowUp+1"],"picked":"SKIP","floor":19}],"player_experience":476376,"relics_obtained":[{"floor":9,"key":"infinitespire:Satchel"},{"floor":10,"key":"ReplayTheSpireMod:TigerMarble"}],"event_choices":[{"damage_healed":0,"gold_gain":0,"player_choice":"Swap Relic","damage_taken":0,"relics_obtained":["testmod-TestBox"],"max_hp_gain":0,"max_hp_loss":0,"event_name":"Box For Yourself","floor":2,"relics_lost":["Runesmith:AutoHammer"],"gold_loss":0},{"damage_healed":0,"gold_gain":100,"player_choice":"Pray","damage_taken":0,"max_hp_gain":0,"max_hp_loss":0,"event_name":"Golden Shrine","floor":3,"gold_loss":0}],"is_beta":false,"boss_relics":[{"not_picked":["jedi:paperlyon","hubris:RunicObelisk"],"picked":"energizedSpire:SpiderWeb"}],"items_purged_floors":[14],"is_endless":false,"potions_floor_spawned":[5,7,11,16],"killed_by":"Centurion and Healer","ascension_level":1}}