{"host":"67d7yvf7wgk1klfn","time":1609263706,"event":{"mods":["BaseMod","Colored Powertips","Filter the Spire","Minty Spire (QoL Compilation)","Relic Stats","Slay the Relics Exporter","StSLib","ojb\u0027s Better Paths Mod","ojb\u0027s Info Mod"],"gold_per_floor":[112,126,137,50,50,78,78,109,109,109,109,143,155,181,181,260,260,272,288,288,288,303,303,334,334,334,368,385,310,57,90,90,168,168,178,195,195,220,233,233,233,233],"floor_reached":41,"playtime":2128,"items_purged":["Doppelganger"],"score":934,"play_id":"9f13031a-a873-443c-86ad-586121332c2a","local_time":"20201229124146","is_ascension_mode":true,"campfire_choices":[{"floor":7.0,"key":"REST"},{"data":"Noxious Fumes","floor":10.0,"key":"SMITH"},{"floor":15.0,"key":"REST"},{"data":"Burst","floor":23.0,"key":"SMITH"},{"data":"Noxious Fumes","floor":25.0,"key":"SMITH"},{"floor":32,"key":"REST"},{"floor":40,"key":"REST"}],"circlet_count":0,"master_deck":["AscendersBane","Survivor","Neutralize","Unload","Dagger Throw+1","Bane","Noxious Fumes+1","Infinite Blades","Escape Plan","Dodge and Roll","Burst+1","Poisoned Stab+1","Escape Plan","PiercingWail","Crippling Poison+1","Infinite Blades","Dagger Spray","Venomology","Cloak And Dagger+1","Noxious Fumes+1","Backflip","Dash","Dash","Blur","Phantasmal Killer","Acrobatics","Dash+1"],"relics":["Pandora\u0027s Box","Regal Pillow","Ninja Scroll","Happy Flower","Odd Mushroom","Cursed Key","Gremlin Horn","Vajra","Pen Nib","SacredBark","Turnip"],"acts_visited":["Exordium","TheCity","TheBeyond"],"potions_floor_usage":[27,31,33,35,35,38,39,39,39],"damage_taken":[{"damage":0.0,"enemies":"Cultist","floor":1.0,"turns":3.0},{"damage":6.0,"enemies":"2 Louse","floor":2.0,"turns":2.0},{"damage":0.0,"enemies":"Small Slimes","floor":3.0,"turns":4.0},{"damage":12.0,"enemies":"Lagavulin","floor":6.0,"turns":5.0},{"damage":20.0,"enemies":"Gremlin Nob","floor":8.0,"turns":4.0},{"damage":22.0,"enemies":"3 Sentries","floor":12.0,"turns":6.0},{"damage":0.0,"enemies":"Exordium Wildlife","floor":13.0,"turns":2.0},{"damage":5.0,"enemies":"The Mushroom Lair","floor":14.0,"turns":3.0},{"damage":33.0,"enemies":"Slime Boss","floor":16.0,"turns":7.0},{"damage":2.0,"enemies":"3 Byrds","floor":18.0,"turns":3.0},{"damage":16.0,"enemies":"2 Thieves","floor":19.0,"turns":4.0},{"damage":13.0,"enemies":"Centurion and Healer","floor":22.0,"turns":12.0},{"damage":12.0,"enemies":"Gremlin Leader","floor":24.0,"turns":5.0},{"damage":26,"enemies":"Slavers","floor":27,"turns":4},{"damage":0,"enemies":"Cultist and Chosen","floor":28,"turns":3},{"damage":2,"enemies":"Gremlin Leader","floor":31,"turns":6},{"damage":32,"enemies":"Automaton","floor":33,"turns":8},{"damage":12,"enemies":"3 Darklings","floor":35,"turns":5},{"damage":18,"enemies":"Orb Walker","floor":36,"turns":3},{"damage":0,"enemies":"Mind Bloom Boss Battle","floor":38,"turns":4},{"damage":23,"enemies":"Transient","floor":39,"turns":6},{"damage":67,"enemies":"Giant Head","floor":41,"turns":5}],"seed_played":"8783584412723945767","potions_obtained":[{"floor":2.0,"key":"PowerPotion"},{"floor":8.0,"key":"Swift Potion"},{"floor":13.0,"key":"Regen Potion"},{"floor":16.0,"key":"CunningPotion"},{"floor":22.0,"key":"LiquidBronze"},{"floor":36,"key":"FearPotion"}],"is_trial":false,"path_per_floor":["M","M","M","$","?","E","R","E","T","R","?","E","M","?","R","B",null,"M","M","?","?","M","R","E","R","T","E","M","?","$","E","R","B",null,"M","M","?","?","M","R","E"],"character_chosen":"THE_SILENT","items_purchased":["Crippling Poison","Dash","Blur"],"campfire_rested":4,"item_purchase_floors":[4,30,30],"current_hp_per_floor":[59,53,53,53,33,21,55,35,35,35,35,13,13,8,42,9,52,50,34,34,34,66,66,54,54,54,28,28,28,28,26,60,28,57,45,27,27,27,4,37,0,0],"gold":233,"neow_bonus":"BOSS_RELIC","is_daily":false,"chose_seed":false,"campfire_upgraded":3,"win_rate":0.0,"timestamp":1609263706,"path_taken":["M","M","M","?","?","E","R","E","T","R","?","E","M","?","R","BOSS","M","M","?","?","M","R","E","R","T","E","M","?","$","E","R","BOSS","M","M","?","?","M","R","E"],"items_purchased_type":["Card","Card","Card"],"build_version":"2020-12-22","purchased_purges":1,"victory":false,"max_hp_per_floor":[66,66,66,66,66,66,66,66,66,66,66,66,66,66,66,66,66,66,66,66,66,66,66,66,66,66,66,66,66,66,66,66,66,66,66,66,63,63,63,63,63,63],"relic_stats":{"Regal Pillow":60,"Happy Flower":[26],"Gremlin Horn":[11,11],"counters":[22,104],"Pandora\u0027s Box":["Unload","Dagger Throw","Bane","Prepared","Noxious Fumes","Infinite Blades","Escape Plan","Dodge and Roll","Burst","Doppelganger"],"Pen Nib":[10],"Turnip":[0],"Cursed Key":0,"obtain_stats":[{"Regal Pillow":6,"Happy Flower":12,"Gremlin Horn":24,"Ninja Scroll":8,"SacredBark":34,"Vajra":27,"Pandora\u0027s Box":0,"Pen Nib":31,"Turnip":38,"Odd Mushroom":14,"Cursed Key":17,"Ring of the Snake":0},{"Regal Pillow":4,"Happy Flower":6,"Gremlin Horn":13,"Ninja Scroll":5,"SacredBark":17,"Vajra":14,"Pandora\u0027s Box":0,"Pen Nib":16,"Turnip":20,"Odd Mushroom":8,"Cursed Key":9,"Ring of the Snake":0},{"Regal Pillow":14,"Happy Flower":24,"Gremlin Horn":60,"Ninja Scroll":18,"SacredBark":81,"Vajra":64,"Pandora\u0027s Box":0,"Pen Nib":73,"Turnip":93,"Odd Mushroom":29,"Cursed Key":36,"Ring of the Snake":0}]},"card_choices":[{"not_picked":["Bane","Quick Slash"],"picked":"Poisoned Stab","floor":1.0},{"not_picked":["Accuracy","Prepared"],"picked":"Escape Plan","floor":2.0},{"not_picked":["Sucker Punch","Tactician"],"picked":"PiercingWail","floor":3.0},{"not_picked":["Catalyst","Blade Dance","Storm of Steel"],"picked":"SKIP","floor":6.0},{"not_picked":["PiercingWail","Cloak And Dagger"],"picked":"Infinite Blades","floor":8.0},{"not_picked":["Acrobatics","Infinite Blades"],"picked":"Dagger Spray","floor":12.0},{"not_picked":["Slice","A Thousand Cuts","PiercingWail"],"picked":"SKIP","floor":13.0},{"not_picked":["A Thousand Cuts","Phantasmal Killer"],"picked":"Venomology","floor":16.0},{"not_picked":["Underhanded Strike","Quick Slash","Outmaneuver"],"picked":"SKIP","floor":18.0},{"not_picked":["Distraction","Backstab+1"],"picked":"Cloak And Dagger+1","floor":19.0},{"not_picked":["Infinite Blades","Quick Slash"],"picked":"Backflip","floor":22.0},{"not_picked":["Masterful Stab","Eviscerate","Underhanded Strike"],"picked":"SKIP","floor":24.0},{"not_picked":["Blade Dance","Underhanded Strike"],"picked":"Dash","floor":27},{"not_picked":["Sucker Punch","Bullet Time","Reflex"],"picked":"SKIP","floor":28},{"not_picked":["Caltrops","Cloak And Dagger","Dash"],"picked":"SKIP","floor":31},{"not_picked":["Die Die Die","Tools of the Trade"],"picked":"Phantasmal Killer","floor":33},{"not_picked":["Cloak And Dagger","Deflect"],"picked":"Acrobatics","floor":35},{"not_picked":["Skewer","Eviscerate","Catalyst"],"picked":"SKIP","floor":36},{"not_picked":["Deflect","Heel Hook+1"],"picked":"Dash+1","floor":38},{"not_picked":["Cloak And Dagger","Acrobatics","Backstab"],"picked":"SKIP","floor":39}],"player_experience":639047,"relics_obtained":[{"floor":6.0,"key":"Regal Pillow"},{"floor":8.0,"key":"Ninja Scroll"},{"floor":12.0,"key":"Happy Flower"},{"floor":14.0,"key":"Odd Mushroom"},{"floor":24.0,"key":"Gremlin Horn"},{"floor":27,"key":"Vajra"},{"floor":31,"key":"Pen Nib"},{"floor":38,"key":"Turnip"}],"event_choices":[{"damage_healed":0.0,"max_hp_gain":0.0,"max_hp_loss":0.0,"gold_gain":0.0,"event_name":"Shining Light","player_choice":"Entered Light","floor":5.0,"gold_loss":0.0,"damage_taken":20.0,"cards_upgraded":["Dagger Throw","Poisoned Stab"]},{"damage_healed":0.0,"max_hp_gain":0.0,"max_hp_loss":0.0,"gold_gain":0.0,"event_name":"Living Wall","player_choice":"Grow","floor":11.0,"gold_loss":0.0,"damage_taken":0.0,"cards_upgraded":["Crippling Poison"]},{"damage_healed":0.0,"max_hp_gain":0.0,"max_hp_loss":0.0,"gold_gain":0.0,"event_name":"Mushrooms","player_choice":"Fought Mushrooms","floor":14.0,"gold_loss":0.0,"damage_taken":0.0},{"damage_healed":0.0,"max_hp_gain":0.0,"max_hp_loss":0.0,"gold_gain":0.0,"event_name":"The Library","player_choice":"Read","floor":20.0,"gold_loss":0.0,"damage_taken":0.0,"cards_obtained":["Noxious Fumes"]},{"damage_healed":0.0,"max_hp_gain":0.0,"max_hp_loss":0.0,"gold_gain":0.0,"event_name":"The Mausoleum","player_choice":"Ignored","floor":21.0,"gold_loss":0.0,"damage_taken":0.0},{"cards_removed":["Prepared"],"damage_healed":0,"gold_gain":0,"player_choice":"Gave Gold","damage_taken":0,"max_hp_gain":0,"max_hp_loss":0,"event_name":"Beggar","floor":29,"gold_loss":75},{"damage_healed":0,"gold_gain":0,"player_choice":"Max HP","damage_taken":0,"max_hp_gain":0,"max_hp_loss":3,"event_name":"Winding Halls","floor":37,"gold_loss":0},{"damage_healed":0,"gold_gain":0,"player_choice":"Fight","damage_taken":0,"max_hp_gain":0,"max_hp_loss":0,"event_name":"MindBloom","floor":38,"gold_loss":0}],"is_beta":false,"boss_relics":[{"not_picked":["WristBlade","SlaversCollar"],"picked":"Cursed Key"},{"not_picked":["Velvet Choker","Sozu"],"picked":"SacredBark"}],"items_purged_floors":[30],"is_endless":false,"potions_floor_spawned":[2,8,13,16,19,22,27,33,36],"killed_by":"Giant Head","ascension_level":20}}