{"host":"cvi30shpqg1ukvbr","time":1609248551,"event":{"mods":["Act Like it!","BaseMod","Better Altar","Better Match","Better Note","Better Sensory Stone","Better Skull","Better Third Choice","Conspire","GifTheSpireLib","Hubris","Infinite Spire","Minty Spire (QoL Compilation)","Relic Stats","Replay The Spire","Shop Mod","Spicy Shops","StSLib","Stuff the Spire"],"gold_per_floor":[110,110,125,141,161,161,188,203,203,219,62,94,104,117,117,220,220,239,256,64,80,80,109,109,136,136,136,168,168,182,197,197,298,298,310,5,17,28,43,43,43,43],"floor_reached":41,"playtime":1920,"items_purged":[],"score":595,"play_id":"3c8ea165-5256-4878-a975-49279b57f9d6","local_time":"20201229222911","is_ascension_mode":true,"campfire_choices":[{"data":"Berserk","floor":6,"key":"SMITH"},{"data":"Pride","floor":15,"key":"PURGE"},{"data":"Armaments","floor":24,"key":"SMITH"},{"floor":27,"key":"REST"},{"data":"Bash","floor":29,"key":"SMITH"},{"floor":32,"key":"REST"},{"floor":40,"key":"REST"}],"circlet_count":0,"master_deck":["Strike_R","Strike_R","Strike_R","Strike_R","Strike_R","Bash+1","Berserk+1","Perfected Strike","Flex","Headbutt","Second Wind","Twin Strike","Twin Strike","Evolve","Armaments+1","Perfected Strike","Flame Barrier","StuffTheSpire:Slingshot","Feed","hubris:Wrath","conspire:NecroticWound","True Grit","Disarm","Shrug It Off","Rage+1","Uppercut+1","Whirlwind","Blood for Blood","Bludgeon","Metallicize","ReplayReversal","Juggernaut","AbeCurse","Cleave+1","Iron Wave","Dual Wield+1","StuffTheSpire:Incineration+1"],"relics":["Burning Blood","Garlic","infinitespire:WardingShard","StuffTheSpire:ForceGauntlet","Red Skull","Kintsugi","Bronze Scales","Ginger","infinitespire:ShieldingShard","StuffTheSpire:Tea","Abe\u0027s Treasure","OrangePellets","Oddly Smooth Stone"],"acts_visited":["Exordium","TheCity","TheBeyond"],"potions_floor_usage":[18,18,21,31,33,33],"damage_taken":[{"damage":0,"enemies":"2 Louse","floor":1,"turns":3},{"damage":7,"enemies":"Small Slimes","floor":3,"turns":4},{"damage":3,"enemies":"Cultist","floor":4,"turns":3},{"damage":2,"enemies":"Large Slime","floor":5,"turns":5},{"damage":21,"enemies":"Lagavulin","floor":7,"turns":7},{"damage":6,"enemies":"conspire:2 RoseBushes","floor":8,"turns":4},{"damage":4,"enemies":"3 Louse","floor":10,"turns":2},{"damage":7,"enemies":"Replay:BlueRogue","floor":12,"turns":5},{"damage":13,"enemies":"Large Slime","floor":13,"turns":3},{"damage":6,"enemies":"conspire:2 RoseBushes","floor":14,"turns":3},{"damage":0,"enemies":"Slime Boss","floor":16,"turns":6},{"damage":9,"enemies":"Shell Parasite","floor":18,"turns":5},{"damage":13,"enemies":"2 Thieves","floor":19,"turns":4},{"damage":23,"enemies":"Centurion and Healer","floor":21,"turns":4},{"damage":12,"enemies":"Replay:Snechameleon","floor":23,"turns":6},{"damage":29,"enemies":"Book of Stabbing","floor":25,"turns":6},{"damage":26,"enemies":"conspire:SneckoGhost","floor":28,"turns":7},{"damage":0,"enemies":"Snecko","floor":30,"turns":3},{"damage":16,"enemies":"conspire:HollyBat","floor":31,"turns":9},{"damage":55,"enemies":"Collector","floor":33,"turns":12},{"damage":10,"enemies":"Orb Walker","floor":35,"turns":3},{"damage":37,"enemies":"3 Shapes","floor":37,"turns":4},{"damage":0,"enemies":"Transient","floor":38,"turns":5},{"damage":39,"enemies":"4 Shapes","floor":39,"turns":9},{"damage":67,"enemies":"Nemesis","floor":41,"turns":5}],"seed_played":"8792463273807445713","potions_obtained":[{"floor":3,"key":"Weak Potion"},{"floor":4,"key":"SkillPotion"},{"floor":12,"key":"Explosive Potion"},{"floor":19,"key":"FearPotion"},{"floor":25,"key":"Strength Potion"},{"floor":28,"key":"conspire:TimeTravelPotion"},{"floor":35,"key":"SpeedPotion"},{"floor":38,"key":"Reflective Coating"}],"is_trial":false,"path_per_floor":["M","?","M","M","M","R","E","M","T","M","$","E","M","M","R","B",null,"M","M","$","M","?","E","R","E","T","R","E","R","M","M","R","B",null,"M","$","M","M","M","R","E"],"character_chosen":"IRONCLAD","items_purchased":["StuffTheSpire:ForceGauntlet","Armaments","Bronze Scales","Shrug It Off","OrangePellets","Oddly Smooth Stone"],"campfire_rested":3,"item_purchase_floors":[11,11,20,20,36,36],"current_hp_per_floor":[62,62,61,64,68,68,53,53,53,55,55,54,47,47,47,53,80,77,73,73,60,60,54,54,34,34,61,41,41,47,53,80,31,90,89,89,61,67,37,66,0,0],"gold":43,"neow_bonus":"THREE_RARE_CARDS","is_daily":false,"chose_seed":false,"campfire_upgraded":3,"win_rate":0.0,"timestamp":1609248551,"path_taken":["M","?","M","M","M","R","E","M","T","M","$","E","M","M","R","BOSS","M","M","$","M","?","E","R","E","T","R","E","R","M","M","R","BOSS","M","$","M","M","M","R","E"],"items_purchased_type":["Relic","Card","Relic","Card","Relic","Relic"],"build_version":"2020-12-22","purchased_purges":0,"victory":false,"max_hp_per_floor":[80,80,80,80,80,80,80,80,80,80,80,80,80,80,80,80,80,80,83,83,87,87,87,87,90,90,90,90,90,90,90,90,90,90,93,93,96,96,99,99,99,99],"relic_stats":{"OrangePellets":[3],"counters":[25,127],"Bronze Scales":[183],"Ginger":[7],"obtain_stats":[{"StuffTheSpire:ForceGauntlet":11,"Oddly Smooth Stone":36,"Ginger":23,"Burning Blood":0,"OrangePellets":36,"infinitespire:ShieldingShard":26,"infinitespire:WardingShard":9,"Bronze Scales":20,"Garlic":7,"Kintsugi":17,"Red Skull":12,"Abe\u0027s Treasure":34,"StuffTheSpire:Tea":28},{"StuffTheSpire:ForceGauntlet":7,"Oddly Smooth Stone":21,"Ginger":15,"Burning Blood":0,"OrangePellets":21,"infinitespire:ShieldingShard":16,"infinitespire:WardingShard":6,"Bronze Scales":13,"Garlic":5,"Kintsugi":11,"Red Skull":8,"Abe\u0027s Treasure":20,"StuffTheSpire:Tea":17},{"StuffTheSpire:ForceGauntlet":28,"Oddly Smooth Stone":104,"Ginger":64,"Burning Blood":0,"OrangePellets":104,"infinitespire:ShieldingShard":70,"infinitespire:WardingShard":26,"Bronze Scales":54,"Garlic":22,"Kintsugi":45,"Red Skull":33,"Abe\u0027s Treasure":101,"StuffTheSpire:Tea":77}],"Burning Blood":144},"card_choices":[{"not_picked":["conspire:HitWhereItHurts","conspire:Purge"],"picked":"Berserk","floor":0},{"not_picked":["Shrug It Off","Clash"],"picked":"Perfected Strike","floor":1},{"not_picked":["Twin Strike","Replay:Undeath\u0027s Touch"],"picked":"Flex","floor":3},{"not_picked":["True Grit","Replay:Undeath\u0027s Touch"],"picked":"Headbutt","floor":4},{"not_picked":["Infernal Blade","Twin Strike"],"picked":"Second Wind","floor":5},{"not_picked":["Iron Wave","Eclipse"],"picked":"Twin Strike","floor":7},{"not_picked":["StuffTheSpire:RockThrow","Body Slam"],"picked":"Twin Strike","floor":8},{"not_picked":["Iron Wave","Second Wind"],"picked":"Evolve","floor":10},{"not_picked":["Shrug It Off","Sentinel"],"picked":"Perfected Strike","floor":12},{"not_picked":["Seeing Red","Pummel"],"picked":"Flame Barrier","floor":13},{"not_picked":["Replay:Undeath\u0027s Touch","Clothesline"],"picked":"StuffTheSpire:Slingshot","floor":14},{"not_picked":["Exhume","conspire:Purge"],"picked":"Feed","floor":16},{"not_picked":["Sentinel","Pummel"],"picked":"True Grit","floor":18},{"not_picked":["Abandon","Flex"],"picked":"Disarm","floor":19},{"not_picked":["Headbutt+1","Armaments"],"picked":"Rage+1","floor":21},{"not_picked":["Rampage","Warcry"],"picked":"Whirlwind","floor":23},{"not_picked":["StuffTheSpire:RagingBull+1","Whirlwind"],"picked":"Blood for Blood","floor":25},{"not_picked":["Shockwave","Intimidate"],"picked":"Bludgeon","floor":28},{"not_picked":["StuffTheSpire:RockThrow","StuffTheSpire:Slingshot"],"picked":"Metallicize","floor":30},{"not_picked":["Pommel Strike","StuffTheSpire:Slingshot"],"picked":"ReplayReversal","floor":31},{"not_picked":["conspire:Purge","Fiend Fire"],"picked":"Juggernaut","floor":33},{"not_picked":["StuffTheSpire:RagingBull+1","Thunderclap"],"picked":"Cleave+1","floor":35},{"not_picked":["Infernal Blade","Cleave+1"],"picked":"Iron Wave","floor":37},{"not_picked":["Whirlwind","StuffTheSpire:RagingBull+1"],"picked":"Dual Wield+1","floor":38},{"not_picked":["Headbutt+1","Defy Death+1"],"picked":"StuffTheSpire:Incineration+1","floor":39}],"player_experience":1783550,"relics_obtained":[{"floor":7,"key":"Garlic"},{"floor":9,"key":"infinitespire:WardingShard"},{"floor":12,"key":"Red Skull"},{"floor":23,"key":"Ginger"},{"floor":26,"key":"infinitespire:ShieldingShard"},{"floor":28,"key":"StuffTheSpire:Tea"}],"event_choices":[{"damage_healed":62,"gold_gain":0,"player_choice":"Embrace Burn","damage_taken":0,"max_hp_gain":0,"max_hp_loss":80,"event_name":"betterThird:BetterShining","floor":2,"gold_loss":0},{"cards_removed":["Berserk"],"damage_healed":0,"gold_gain":0,"player_choice":"Take \u0026 Give","damage_taken":0,"max_hp_gain":0,"max_hp_loss":0,"event_name":"betterNote:BetterNote","floor":22,"gold_loss":0,"cards_obtained":["Uppercut"]}],"is_beta":false,"boss_relics":[{"not_picked":["Snecko Eye","StuffTheSpire:RunicConfusion"],"picked":"Kintsugi"},{"not_picked":["conspire:RoyalGoblet","hubris:TerracottaHorce"],"picked":"Abe\u0027s Treasure"}],"items_purged_floors":[],"is_endless":false,"potions_floor_spawned":[3,4,8,12,16,19,25,28,30,35,38],"killed_by":"Nemesis","ascension_level":1}}