{"host":"f1miojwxaupu79sp","time":1609226877,"event":{"mods":["BaseMod","Better Vampires","Minty Spire (QoL Compilation)","Shop Mod"],"gold_per_floor":[114,114,114,126,48,48,76,76,76,87,87,87,104,44,44,115,115,132,52,68,68,68,68,97,97,97,97,112,112,112,51,51,124,124,134,149,88,88,10,10,40,40,108,123,134,134,153,153,153,153,153],"floor_reached":50,"playtime":12925,"items_purged":["Strike_G","Strike_G"],"score":869,"play_id":"154b9241-356f-44b7-b3ac-fa1d394aab0a","local_time":"20201229022757","is_ascension_mode":true,"campfire_choices":[{"data":"Bouncing Flask","floor":6,"key":"SMITH"},{"data":"Footwork","floor":8,"key":"SMITH"},{"data":"Bouncing Flask","floor":12,"key":"SMITH"},{"data":"Deflect","floor":15,"key":"SMITH"},{"data":"Neutralize","floor":23,"key":"SMITH"},{"floor":27,"key":"REST"},{"floor":30,"key":"REST"},{"floor":32,"key":"REST"},{"data":"Good Instincts","floor":40,"key":"SMITH"},{"data":"Footwork","floor":46,"key":"SMITH"},{"floor":49,"key":"REST"}],"circlet_count":0,"master_deck":["AscendersBane","Defend_G","Defend_G","Defend_G","Defend_G","Survivor","Neutralize+1","Bouncing Flask+1","Deflect+1","Footwork+1","Bouncing Flask+1","Footwork+1","Wraith Form v2+1","Venomology+1","Bane+1","Crippling Poison+1","Good Instincts+1","Poisoned Stab"],"relics":["Ring of the Snake","NeowsBlessing","StoneCalendar","The Specimen","Potion Belt","The Courier","Busted Crown","Matryoshka","Centennial Puzzle","Pear","Astrolabe","Ginger","Nunchaku","Bottled Lightning","Mercury Hourglass"],"acts_visited":["Exordium","TheCity","TheBeyond"],"potions_floor_usage":[22,24,24,33,33,36,41,45,47,50,50,50,50,50],"damage_taken":[{"damage":0,"enemies":"Jaw Worm","floor":1,"turns":1},{"damage":0,"enemies":"2 Louse","floor":4,"turns":1},{"damage":0,"enemies":"3 Sentries","floor":7,"turns":1},{"damage":0,"enemies":"Cultist","floor":10,"turns":5},{"damage":1,"enemies":"Large Slime","floor":13,"turns":7},{"damage":4,"enemies":"The Guardian","floor":16,"turns":7},{"damage":0,"enemies":"Chosen","floor":18,"turns":4},{"damage":4,"enemies":"3 Byrds","floor":20,"turns":4},{"damage":0,"enemies":"Snake Plant","floor":22,"turns":1},{"damage":43,"enemies":"Gremlin Leader","floor":24,"turns":7},{"damage":6,"enemies":"Cultist and Chosen","floor":28,"turns":5},{"damage":36,"enemies":"Collector","floor":33,"turns":9},{"damage":29,"enemies":"3 Shapes","floor":35,"turns":4},{"damage":2,"enemies":"Orb Walker","floor":36,"turns":4},{"damage":2,"enemies":"Nemesis","floor":41,"turns":7},{"damage":20,"enemies":"Spire Growth","floor":44,"turns":5},{"damage":7,"enemies":"Writhing Mass","floor":45,"turns":7},{"damage":15,"enemies":"3 Darklings","floor":47,"turns":6},{"damage":42,"enemies":"Awakened One","floor":50,"turns":12}],"seed_played":"-7485113169861995747","potions_obtained":[{"floor":1,"key":"Block Potion"},{"floor":10,"key":"Strength Potion"},{"floor":13,"key":"SmokeBomb"},{"floor":16,"key":"DistilledChaos"},{"floor":24,"key":"Poison Potion"},{"floor":28,"key":"PowerPotion"},{"floor":33,"key":"Poison Potion"},{"floor":47,"key":"Strength Potion"}],"is_trial":false,"path_per_floor":["M","?","?","M","$","R","E","R","T","M","T","R","M","$","R","B",null,"M","$","M","?","M","R","E","?","T","R","M","?","R","$","R","B",null,"M","M","$","?","$","R","E","?","T","M","M","R","M","T","R","B"],"character_chosen":"THE_SILENT","items_purchased":["Footwork","Footwork","Crippling Poison","Good Instincts"],"campfire_rested":4,"item_purchase_floors":[5,31,37,39],"current_hp_per_floor":[59,52,40,40,40,40,40,40,40,40,40,40,39,39,39,35,58,58,58,54,54,54,54,11,11,21,43,37,37,59,59,76,40,67,38,50,50,50,50,50,48,48,48,28,36,36,21,21,43,1,1],"gold":153,"neow_bonus":"THREE_ENEMY_KILL","is_daily":false,"chose_seed":false,"campfire_upgraded":7,"win_rate":0.0,"timestamp":1609226877,"path_taken":["M","?","?","M","$","R","E","R","T","M","?","R","?","$","R","BOSS","M","$","M","?","?","R","E","?","T","R","M","?","R","?","R","BOSS","M","M","$","?","$","R","E","?","T","M","?","R","?","?","R","BOSS"],"items_purchased_type":["Card","Card","Card","Card"],"build_version":"2020-12-22","purchased_purges":2,"victory":false,"max_hp_per_floor":[66,66,66,66,66,66,66,66,66,66,66,66,66,66,66,66,66,66,66,66,66,66,66,66,66,76,76,76,76,76,76,76,76,76,76,76,76,76,76,76,76,76,76,76,76,76,76,76,76,76,76],"card_choices":[{"not_picked":["Dodge and Roll","Quick Slash"],"picked":"Bouncing Flask","floor":1},{"not_picked":["Sucker Punch","Slice"],"picked":"Deflect","floor":4},{"not_picked":["Reflex","Outmaneuver","Flying Knee"],"picked":"SKIP","floor":7},{"not_picked":["Concentrate","Quick Slash"],"picked":"Bouncing Flask","floor":10},{"not_picked":["Outmaneuver","Poisoned Stab","Prepared"],"picked":"SKIP","floor":13},{"not_picked":["Glass Knife","Unload"],"picked":"Die Die Die","floor":16},{"not_picked":["Caltrops"],"picked":"SKIP","floor":18},{"not_picked":["Deadly Poison"],"picked":"SKIP","floor":20},{"not_picked":["Bane"],"picked":"SKIP","floor":24},{"not_picked":["Accuracy"],"picked":"SKIP","floor":28},{"not_picked":["Outmaneuver"],"picked":"SKIP","floor":35},{"not_picked":["Expertise"],"picked":"SKIP","floor":36},{"not_picked":["PiercingWail+1"],"picked":"SKIP","floor":41},{"not_picked":["Choke"],"picked":"SKIP","floor":44},{"not_picked":[],"picked":"Poisoned Stab","floor":45},{"not_picked":["Flying Knee+1"],"picked":"SKIP","floor":47}],"player_experience":952686,"relics_obtained":[{"floor":7,"key":"The Specimen"},{"floor":9,"key":"Potion Belt"},{"floor":11,"key":"The Courier"},{"floor":24,"key":"Matryoshka"},{"floor":26,"key":"Centennial Puzzle"},{"floor":26,"key":"Pear"},{"floor":41,"key":"Ginger"},{"floor":43,"key":"Nunchaku"},{"floor":43,"key":"Bottled Lightning"},{"floor":48,"key":"Mercury Hourglass"}],"event_choices":[{"cards_removed":["Strike_G"],"damage_healed":0,"gold_gain":0,"player_choice":"Card Removal","damage_taken":7,"max_hp_gain":0,"max_hp_loss":0,"event_name":"Golden Wing","floor":2,"gold_loss":0},{"damage_healed":0,"gold_gain":0,"player_choice":"Success","damage_taken":12,"relics_obtained":["StoneCalendar"],"max_hp_gain":0,"max_hp_loss":0,"event_name":"Scrap Ooze","floor":3,"gold_loss":0},{"damage_healed":0,"gold_gain":0,"player_choice":"Upgraded","damage_taken":0,"max_hp_gain":0,"max_hp_loss":0,"event_name":"Upgrade Shrine","floor":21,"gold_loss":0,"cards_upgraded":["Die Die Die"]},{"damage_healed":0,"gold_gain":0,"player_choice":"Ignored","damage_taken":0,"max_hp_gain":0,"max_hp_loss":0,"event_name":"The Mausoleum","floor":25,"gold_loss":0},{"damage_healed":0,"gold_gain":0,"player_choice":"Ignored","damage_taken":0,"max_hp_gain":0,"max_hp_loss":0,"event_name":"Ghosts","floor":29,"gold_loss":0},{"cards_removed":["Die Die Die"],"damage_healed":0,"gold_gain":0,"player_choice":"Removed Attack","damage_taken":0,"max_hp_gain":0,"max_hp_loss":0,"event_name":"Falling","floor":38,"gold_loss":0},{"damage_healed":0,"gold_gain":0,"player_choice":"Forge","damage_taken":0,"max_hp_gain":0,"max_hp_loss":0,"event_name":"Accursed Blacksmith","floor":42,"gold_loss":0,"cards_upgraded":["Crippling Poison"]}],"is_beta":false,"boss_relics":[{"not_picked":["Black Star","HoveringKite"],"picked":"Busted Crown"},{"not_picked":["Runic Dome","Pandora\u0027s Box"],"picked":"Astrolabe"}],"items_purged_floors":[14,19],"is_endless":false,"potions_floor_spawned":[1,10,13,16,24,28,33,44,45,47],"killed_by":"Awakened One","ascension_level":14}}