{"host":"Qube","time":1609214958,"event":{"mods":["AchievementEnabler","BaseMod","Colored Powertips","Minty Spire (QoL Compilation)","Quick Restart","Random Character Button"],"gold_per_floor":[113,133,144,155,5,35,35,64,64,81,81,92,167,167,167,240,240,253,253,265,9,9,34,50,50,50,79,91,11,24,49,49,125,125,135,148,160,35,52,52,87,87,141,141,191,224,324,361,361,361],"floor_reached":51,"playtime":2461,"items_purged":["Defend_P","Defend_P","Strike_P"],"score":1498,"play_id":"53ba14f7-e1b9-48ba-a48b-ae62a424ceb8","local_time":"20201228200918","is_ascension_mode":true,"campfire_choices":[{"data":"Devotion","floor":7.0,"key":"SMITH"},{"data":"BattleHymn","floor":11.0,"key":"SMITH"},{"floor":15.0,"key":"REST"},{"floor":25.0,"key":"REST"},{"floor":32,"key":"REST"},{"data":"Establishment","floor":40,"key":"SMITH"},{"data":"Worship","floor":42,"key":"SMITH"},{"data":"Protect","floor":44,"key":"SMITH"},{"floor":49,"key":"REST"}],"circlet_count":0,"master_deck":["AscendersBane","Strike_P","Strike_P","Strike_P","Defend_P","Defend_P","Eruption","Vigilance+1","FollowUp","Conclude","Protect+1","BowlingBash","CutThroughFate","Prostrate","Devotion+1","BattleHymn+1","FlurryOfBlows","FollowUp","Establishment+1","ClearTheMind","Protect+1","RitualDagger","WindmillStrike","Prostrate","Brilliance","Prostrate","Meditate","Wish","Worship+1","Crescendo"],"relics":["PureWater","Mercury Hourglass","Pen Nib","Strawberry","Calling Bell","Lantern","StrikeDummy","Turnip","Damaru","InkBottle","Torii","HornCleat","Incense Burner","Bag of Marbles","Busted Crown","Bottled Lightning","Vajra","CaptainsWheel","Boot"],"acts_visited":["Exordium","TheCity","TheBeyond"],"potions_floor_usage":[27,31,33,37,41,48],"damage_taken":[{"damage":0.0,"enemies":"Cultist","floor":1.0,"turns":2.0},{"damage":4.0,"enemies":"Small Slimes","floor":2.0,"turns":4.0},{"damage":0.0,"enemies":"2 Louse","floor":3.0,"turns":2.0},{"damage":0.0,"enemies":"Exordium Wildlife","floor":4.0,"turns":1.0},{"damage":8.0,"enemies":"Gremlin Nob","floor":6.0,"turns":3.0},{"damage":15.0,"enemies":"Lagavulin","floor":8.0,"turns":6.0},{"damage":0.0,"enemies":"Gremlin Gang","floor":10.0,"turns":2.0},{"damage":9.0,"enemies":"3 Louse","floor":12.0,"turns":2.0},{"damage":0.0,"enemies":"Slime Boss","floor":16.0,"turns":4.0},{"damage":0.0,"enemies":"Spheric Guardian","floor":18.0,"turns":2.0},{"damage":6.0,"enemies":"2 Thieves","floor":20.0,"turns":2.0},{"damage":33.0,"enemies":"Slavers","floor":23.0,"turns":4.0},{"damage":0.0,"enemies":"Snecko","floor":24.0,"turns":2.0},{"damage":6,"enemies":"Gremlin Leader","floor":27,"turns":3},{"damage":3,"enemies":"Shelled Parasite and Fungi","floor":28,"turns":6},{"damage":0,"enemies":"3 Cultists","floor":30,"turns":3},{"damage":0,"enemies":"Book of Stabbing","floor":31,"turns":4},{"damage":17,"enemies":"Collector","floor":33,"turns":5},{"damage":1,"enemies":"3 Shapes","floor":35,"turns":4},{"damage":0,"enemies":"3 Darklings","floor":36,"turns":3},{"damage":1,"enemies":"Spire Growth","floor":37,"turns":4},{"damage":0,"enemies":"Maw","floor":39,"turns":5},{"damage":0,"enemies":"Nemesis","floor":41,"turns":3},{"damage":1,"enemies":"Mind Bloom Boss Battle","floor":45,"turns":5},{"damage":16,"enemies":"Reptomancer","floor":46,"turns":4},{"damage":0,"enemies":"Transient","floor":48,"turns":5},{"damage":26,"enemies":"Time Eater","floor":50,"turns":9}],"seed_played":"-3909484817335612978","potions_obtained":[{"floor":0.0,"key":"LiquidMemories"},{"floor":0.0,"key":"LiquidBronze"},{"floor":4.0,"key":"Fire Potion"},{"floor":8.0,"key":"LiquidBronze"},{"floor":10.0,"key":"Regen Potion"},{"floor":12.0,"key":"DuplicationPotion"},{"floor":16.0,"key":"Block Potion"},{"floor":23.0,"key":"Ambrosia"},{"floor":24.0,"key":"BlessingOfTheForge"},{"floor":30,"key":"SkillPotion"},{"floor":31,"key":"LiquidBronze"},{"floor":33,"key":"BottledMiracle"},{"floor":35,"key":"LiquidMemories"},{"floor":37,"key":"LiquidMemories"},{"floor":46,"key":"Energy Potion"}],"is_trial":false,"path_per_floor":["M","M","M","M","$","E","R","E","T","M","R","M","?","?","R","B",null,"M","?","M","$","?","E","M","R","T","E","M","?","M","E","R","B",null,"M","M","M","$","M","R","E","R","T","R","?","E","?","M","R","B",null],"character_chosen":"WATCHER","items_purchased":["CutThroughFate","Prostrate","Damaru"],"campfire_rested":4,"item_purchase_floors":[5,5,21],"current_hp_per_floor":[61,57,57,57,57,49,49,34,41,41,41,32,21,21,43,43,67,67,67,61,61,55,34,34,56,56,50,47,47,47,47,69,52,69,68,68,67,67,67,67,67,67,67,67,66,50,50,50,72,46],"gold":361,"neow_bonus":"THREE_SMALL_POTIONS","is_daily":false,"chose_seed":false,"campfire_upgraded":5,"win_rate":0.0,"timestamp":1609214958,"path_taken":["M","?","M","M","?","E","R","E","T","M","R","M","?","?","R","BOSS","M","?","?","$","?","E","M","R","T","E","M","?","M","E","R","BOSS","M","M","M","?","M","R","E","R","T","R","?","E","?","M","R","BOSS"],"items_purchased_type":["Card","Card","Relic"],"build_version":"2020-12-18","purchased_purges":3,"victory":true,"max_hp_per_floor":[68,68,68,68,68,68,68,68,75,75,75,75,75,75,75,75,75,75,75,75,75,75,75,75,75,75,75,75,75,75,75,75,75,75,75,75,75,75,75,75,75,75,75,75,75,75,75,75,75,75],"card_choices":[{"not_picked":["EmptyBody","LikeWater"],"picked":"FollowUp","floor":1.0},{"not_picked":["CrushJoints","Meditate"],"picked":"Conclude","floor":2.0},{"not_picked":["Prostrate","SashWhip"],"picked":"Protect","floor":3.0},{"not_picked":["ThirdEye","ClearTheMind"],"picked":"BowlingBash","floor":4.0},{"not_picked":["Prostrate","TalkToTheHand"],"picked":"Devotion","floor":6.0},{"not_picked":["Sanctity","DeceiveReality"],"picked":"BattleHymn","floor":8.0},{"not_picked":["CrushJoints","JustLucky"],"picked":"FlurryOfBlows","floor":10.0},{"not_picked":["CutThroughFate","Wireheading"],"picked":"FollowUp","floor":12.0},{"not_picked":["SpiritShield","Judgement"],"picked":"Establishment","floor":16.0},{"not_picked":["CutThroughFate","PathToVictory"],"picked":"ClearTheMind","floor":18.0},{"not_picked":["Conclude","Evaluate+1"],"picked":"Protect+1","floor":20.0},{"not_picked":["Evaluate","Halt"],"picked":"WindmillStrike","floor":23.0},{"not_picked":["BowlingBash","BattleHymn"],"picked":"Prostrate","floor":24.0},{"not_picked":["MentalFortress","Consecrate"],"picked":"Brilliance","floor":27},{"not_picked":["ClearTheMind","ForeignInfluence","Collect"],"picked":"SKIP","floor":28},{"not_picked":["Fasting2","Crescendo"],"picked":"Prostrate","floor":30},{"not_picked":["Wireheading","FlurryOfBlows"],"picked":"Meditate","floor":31},{"not_picked":["Establishment","DevaForm"],"picked":"Wish","floor":33},{"not_picked":["InnerPeace"],"picked":"SKIP","floor":35},{"not_picked":[],"picked":"Worship","floor":36},{"not_picked":["DeceiveReality"],"picked":"SKIP","floor":37},{"not_picked":["WaveOfTheHand"],"picked":"SKIP","floor":39},{"not_picked":["EmptyFist"],"picked":"SKIP","floor":41},{"not_picked":[],"picked":"Crescendo","floor":46},{"not_picked":["Consecrate"],"picked":"SKIP","floor":48}],"player_experience":717993,"relics_obtained":[{"floor":6.0,"key":"Mercury Hourglass"},{"floor":8.0,"key":"Pen Nib"},{"floor":9.0,"key":"Strawberry"},{"floor":17.0,"key":"Lantern"},{"floor":17.0,"key":"StrikeDummy"},{"floor":17.0,"key":"Turnip"},{"floor":23.0,"key":"InkBottle"},{"floor":26.0,"key":"Torii"},{"floor":27,"key":"HornCleat"},{"floor":31,"key":"Bag of Marbles"},{"floor":41,"key":"Bottled Lightning"},{"floor":43,"key":"Vajra"},{"floor":45,"key":"CaptainsWheel"},{"floor":46,"key":"Boot"}],"event_choices":[{"damage_healed":0.0,"max_hp_gain":0.0,"max_hp_loss":0.0,"gold_gain":75.0,"event_name":"World of Goop","player_choice":"Gather Gold","floor":13.0,"gold_loss":0.0,"damage_taken":11.0},{"damage_healed":0.0,"max_hp_gain":0.0,"max_hp_loss":0.0,"gold_gain":0.0,"event_name":"Living Wall","player_choice":"Grow","floor":14.0,"gold_loss":0.0,"damage_taken":0.0,"cards_upgraded":["Vigilance"]},{"damage_healed":0.0,"max_hp_gain":0.0,"max_hp_loss":0.0,"gold_gain":0.0,"event_name":"Lab","player_choice":"Got Potions","floor":19.0,"gold_loss":0.0,"damage_taken":0.0},{"damage_healed":0.0,"max_hp_gain":0.0,"max_hp_loss":0.0,"gold_gain":0.0,"event_name":"Nest","player_choice":"Joined the Cult","floor":22.0,"gold_loss":0.0,"damage_taken":6.0,"cards_obtained":["RitualDagger"]},{"damage_healed":0,"gold_gain":0,"player_choice":"Paid Gold","damage_taken":0,"relics_obtained":["Incense Burner"],"max_hp_gain":0,"max_hp_loss":0,"event_name":"WeMeetAgain","floor":29,"gold_loss":80},{"damage_healed":0,"gold_gain":0,"player_choice":"Fight","damage_taken":0,"max_hp_gain":0,"max_hp_loss":0,"event_name":"MindBloom","floor":45,"gold_loss":0},{"damage_healed":0,"gold_gain":100,"player_choice":"Pray","damage_taken":0,"max_hp_gain":0,"max_hp_loss":0,"event_name":"Golden Shrine","floor":47,"gold_loss":0}],"is_beta":true,"boss_relics":[{"not_picked":["Coffee Dripper","HolyWater"],"picked":"Calling Bell"},{"not_picked":["VioletLotus","Fusion Hammer"],"picked":"Busted Crown"}],"items_purged_floors":[5,21,38],"is_endless":false,"potions_floor_spawned":[4,8,10,12,16,23,24,30,31,33,35,37,46],"ascension_level":14}}