{"host":"fbjkyf8096sobcph","time":1609220093,"event":{"mods":["2.2 Compatiblity","AchievementEnabler","Aspiration","BaseMod","Better Altar","Better Match","Better Note","Better Sensory Stone","Better Skull","Better Third Choice","BetterRewards","CCEM","Clawfect","Colored Map","Conspire","Downfall","GifTheSpireLib","Halation","Highlight Path","Hubris","Mimic Mod","Minty Spire (QoL Compilation)","Permanent Neow","Replay The Spire","Shop Mod","Spicy Shops","StSLib","Stuff the Spire","Unceasing Turn Reminder","Waifu the Spire","everything is the same but u backflip on backflip","slay the spire mod where everything is the same but ironclad has a cowboy hat"],"gold_per_floor":[99,115,115,25,25,10,35,35,72,72,92,102,148,176,194,295,295,70,88,105,132,239,255,255,272,220,232,157,173,218,232,243,338,338,338,356,356,388,401,434,509,101,124,124,146,173,173,197,220,230,230,261,69,69,75],"floor_reached":56,"playtime":7611,"items_purged":["hubris:Compulsion"],"score":1285,"play_id":"3cbe6511-c7e0-49a4-b307-0658fef9c53d","local_time":"20201229063453","is_ascension_mode":false,"campfire_choices":[{"floor":1,"key":"RECALL"},{"data":"Life Link","floor":8,"key":"SMITH"},{"data":"hexamod:GhostOfSpireFuture","floor":10,"key":"SMITH"},{"data":"hexamod:EmpoweringStance","floor":35,"key":"SMITH"},{"data":"hexamod:GhostflameInferno","floor":47,"key":"SMITH"},{"data":"Mayhem","floor":54,"key":"SMITH"}],"circlet_count":0,"master_deck":["hexamod:Strike+1","hexamod:Strike","hexamod:Strike+1","hexamod:Strike","hexamod:Defend+1","hexamod:Defend+1","hexamod:Defend+1","hexamod:Defend+1","hexamod:Sear+1","hexamod:Float+1","hexamod:GhostOfSpireFuture+1","hexamod:SpectralAdrenaline","Life Link+1","hexamod:SpectralSpark+1","hexamod:FlamesFromBeyond+1","hexamod:EtherealExpedition","hexamod:PhantomCloak+1","hexamod:RecurringNightmare+1","hexamod:SearingWound","hexamod:Firestarter+1","hexamod:HauntingEcho+1","hexamod:EmpoweringStance+1","hexamod:SixthSeal","hexamod:GhostLash+1","hexamod:GhostShield+1","hexamod:VolcanoVisage+1","hexamod:CatchUp","hexamod:ExtraCrispy","hexamod:FlamesFromBeyond","ReplayTheSpireMod:Brewmster+1","hexamod:GhostflameInferno+1","hexamod:PowerFromBeyond+1","hexamod:ThermalTransfer+1","hexamod:GhostOfSpirePresent+1","hexamod:HexaLevel+1","hexamod:RadiantFlame","hexamod:WildfireWeapon+1","hexamod:GhostShield+1","hexamod:DynamicBlow+1","hexamod:NecessarySacrifice+1","hexamod:FastForward+1","hexamod:SkipABeat+1","Mayhem+1"],"relics":["hexamod:SpiritBrand","StuffTheSpire:Nightcore","ReplayTheSpireMod:Ring of Addiction","Ring of Hypnosis","White Beast Statue","Chameleon Ring","aspiration:HiddenCompartment","CCEMRelics:OverlyComfyChair","Vajra","StuffTheSpire:Mouthbags","Honey Jar","downfall:HeartBlessingRed","downfall:HeartBlessingGreen","downfall:HeartBlessingBlue","hexamod:TheBrokenSeal","Toy Ornithopter","halation:WeightlessCrab","Calipers","halation:ForbiddenBikini","conspire:GiftBox","Replay:Bandana","Garlic","Lantern","StuffTheSpire:Tea","StuffTheSpire:DarkSteelAnvil"],"acts_visited":["Exordium","TheCity","TheBeyond","TheEnding"],"potions_floor_usage":[4,6,9,9,12,14,14,16,16,16,19,19,21,21,21,22,25,26,26,29,29,31,31,32,32,32,33,33,33,36,38,38,38,39,40,40,43,43,45,45,45,46,46,46,48,48,48,50,50,50,50,50,50,52,52,52,55,55,55,55,55],"damage_taken":[{"damage":0,"enemies":"Cultist","floor":2,"turns":3},{"damage":0,"enemies":"downfall:FleeingMerchant","floor":4,"turns":4},{"damage":7,"enemies":"downfall:FleeingMerchant","floor":6,"turns":4},{"damage":3,"enemies":"conspire:MimicChest","floor":9,"turns":3},{"damage":0,"enemies":"Small Slimes","floor":11,"turns":4},{"damage":2,"enemies":"Jaw Worm","floor":12,"turns":2},{"damage":12,"enemies":"Gremlin Nob","floor":14,"turns":4},{"damage":11,"enemies":"Lots of Slimes","floor":15,"turns":6},{"damage":8,"enemies":"downfall:Ironclad","floor":16,"turns":8},{"damage":27,"enemies":"3 Byrds","floor":19,"turns":4},{"damage":36,"enemies":"Sentry and Sphere","floor":20,"turns":7},{"damage":15,"enemies":"Chosen and Byrds","floor":21,"turns":8},{"damage":40,"enemies":"downfall:LadyInBlue","floor":22,"turns":9},{"damage":0,"enemies":"Snake Plant","floor":23,"turns":4},{"damage":0,"enemies":"Shelled Parasite and Fungi","floor":25,"turns":4},{"damage":10,"enemies":"downfall:FleeingMerchant","floor":26,"turns":4},{"damage":5,"enemies":"Snecko","floor":27,"turns":4},{"damage":0,"enemies":"Snake Plant","floor":29,"turns":3},{"damage":0,"enemies":"downfall:FleeingMerchant","floor":30,"turns":1},{"damage":0,"enemies":"conspire:HollyBat","floor":31,"turns":4},{"damage":11,"enemies":"Centurion and Healer","floor":32,"turns":4},{"damage":13,"enemies":"downfall:Defect","floor":33,"turns":7},{"damage":9,"enemies":"3 Shapes","floor":36,"turns":4},{"damage":14,"enemies":"Orb Walker","floor":38,"turns":7},{"damage":15,"enemies":"Orb Walker","floor":39,"turns":4},{"damage":16,"enemies":"R_Hoarder","floor":40,"turns":9},{"damage":0,"enemies":"4 Shapes","floor":43,"turns":4},{"damage":0,"enemies":"Maw","floor":45,"turns":7},{"damage":2,"enemies":"Spire Growth","floor":46,"turns":4},{"damage":19,"enemies":"4 Shapes","floor":48,"turns":4},{"damage":1,"enemies":"Sphere and 2 Shapes","floor":49,"turns":4},{"damage":24,"enemies":"downfall:Silent","floor":50,"turns":6},{"damage":0,"enemies":"downfall:CharBossMerchant","floor":52,"turns":7},{"damage":30,"enemies":"downfall:NeowBoss","floor":55,"turns":22}],"seed_played":"-1770423053102644731","potions_obtained":[{"floor":2,"key":"Fire Potion"},{"floor":3,"key":"SkillPotion"},{"floor":3,"key":"champ:CounterPotion"},{"floor":4,"key":"Adrenaline Potion"},{"floor":6,"key":"FearPotion"},{"floor":9,"key":"Regen Potion"},{"floor":11,"key":"SkillPotion"},{"floor":12,"key":"SpeedPotion"},{"floor":14,"key":"Energy Potion"},{"floor":15,"key":"SneckoOil"},{"floor":16,"key":"AttackPotion"},{"floor":18,"key":"SmokeBomb"},{"floor":18,"key":"hexamod:InfernoChargePotion"},{"floor":19,"key":"Block Potion"},{"floor":20,"key":"Adrenaline Potion"},{"floor":20,"key":"hexamod:EctoCoolerPotion"},{"floor":21,"key":"Regen Potion"},{"floor":21,"key":"BlessingOfTheForge"},{"floor":22,"key":"LifebloodPotion"},{"floor":22,"key":"Death Potion"},{"floor":22,"key":"hexamod:DoubleChargePotion"},{"floor":23,"key":"Fire Potion"},{"floor":25,"key":"Dexterity Potion"},{"floor":26,"key":"hexamod:DoubleChargePotion"},{"floor":27,"key":"Languid Potion"},{"floor":29,"key":"hexamod:EctoCoolerPotion"},{"floor":30,"key":"Regen Potion"},{"floor":31,"key":"Weak Potion"},{"floor":32,"key":"Fire Potion"},{"floor":33,"key":"Energy Potion"},{"floor":36,"key":"conspire:TimeTravelPotion"},{"floor":38,"key":"sneckomod:MuddlingPotion"},{"floor":39,"key":"Toxic Potion"},{"floor":40,"key":"Block Potion"},{"floor":43,"key":"hexamod:EctoCoolerPotion"},{"floor":45,"key":"Dexterity Potion"},{"floor":46,"key":"Toxic Potion"},{"floor":48,"key":"hexamod:InfernoChargePotion"},{"floor":49,"key":"Adrenaline Potion"},{"floor":52,"key":"Venom Potion"}],"is_trial":false,"path_per_floor":["R","M","?","$","?","$","T","R","?","R","M","M","T","E","M","B",null,"R","M","M","M","?","M","T","M","$","M","?","M","$","M","M","B",null,"R","M","?","MIM","M","E","T","$","M","$","M","M","R","M","M","B",null,"E","$","R","B",null],"character_chosen":"THE_SPIRIT","items_purchased":["hexamod:ExtraCrispy","Calipers","Lantern","StuffTheSpire:Tea","Mayhem"],"campfire_rested":0,"item_purchase_floors":[26,30,42,42,53],"current_hp_per_floor":[63,63,63,63,49,42,42,42,39,39,42,40,40,28,18,35,63,73,53,24,17,68,68,68,77,79,74,74,83,83,83,82,80,83,83,80,80,83,71,66,66,66,82,82,83,83,83,69,68,83,83,83,83,83,78],"gold":75,"neow_bonus":"ONE_RARE_RELIC","is_daily":false,"chose_seed":false,"campfire_upgraded":5,"win_rate":0.0,"timestamp":1609220093,"path_taken":["R","M","?","$","?","$","T","R","?","R","M","M","?","E","M","BOSS","R","M","M","?","?","?","T","M","$","M","?","?","?","?","M","BOSS","R","M","?","?","?","E","T","$","M","$","M","?","R","M","M","BOSS","E","$","R","BOSS"],"items_purchased_type":["Card","Relic","Relic","Relic","Card"],"build_version":"2020-12-22","purchased_purges":1,"victory":true,"max_hp_per_floor":[63,63,63,63,63,63,63,63,63,63,63,63,63,63,63,63,63,73,73,73,73,83,83,83,83,83,83,83,83,83,83,83,83,83,83,83,83,83,83,83,83,83,83,83,83,83,83,83,83,83,83,83,83,83,83],"card_choices":[{"not_picked":["hexamod:HeatShield","hexamod:ShieldOfDarkness"],"picked":"hexamod:GhostOfSpireFuture","floor":2},{"not_picked":["hexamod:Firestarter","hexamod:Haunt"],"picked":"hexamod:SpectralAdrenaline","floor":4},{"not_picked":["hexamod:Hexaguard","hexamod:RecurringNightmare"],"picked":"hexamod:SpectralSpark","floor":6},{"not_picked":["hexamod:PhantomFireball","hexamod:GhostLash"],"picked":"hexamod:FlamesFromBeyond","floor":9},{"not_picked":["hexamod:BacktrackSmack","hexamod:GhostflameBarrier"],"picked":"hexamod:EtherealExpedition","floor":11},{"not_picked":["hexamod:RainOfEmbers","hexamod:InspiringFlames"],"picked":"hexamod:PhantomCloak","floor":12},{"not_picked":["hexamod:ThirdSeal","hexamod:BurningTouch"],"picked":"hexamod:FifthSeal","floor":14},{"not_picked":["hexamod:FourthSeal","hexamod:FirstSeal"],"picked":"hexamod:SixthSeal","floor":15},{"not_picked":["hexamod:SwordOfDarkness","hexamod:HeatMetal"],"picked":"hexamod:RecurringNightmare","floor":15},{"not_picked":["hexamod:FourthSeal","hexamod:SecondSeal"],"picked":"hexamod:FirstSeal","floor":16},{"not_picked":["hexamod:TurnItUp","hexamod:CrushingStance"],"picked":"hexamod:SearingWound","floor":16},{"not_picked":["hexamod:SecondSeal","hexamod:SixthSeal","hexamod:ThirdSeal"],"picked":"hexamod:FourthSeal","floor":19},{"not_picked":["hexamod:GhostLash","hexamod:AdvancingGuard","hexamod:GhostShield"],"picked":"hexamod:Firestarter","floor":19},{"not_picked":["hexamod:ThirdSeal","hexamod:SixthSeal","hexamod:FourthSeal"],"picked":"hexamod:SecondSeal","floor":20},{"not_picked":["hexamod:Haunt","hexamod:ThirdSeal","hexamod:ThermalTransfer"],"picked":"hexamod:HauntingEcho+1","floor":20},{"not_picked":["hexamod:FourthSeal","hexamod:FirstSeal","hexamod:SecondSeal"],"picked":"hexamod:ThirdSeal","floor":21},{"not_picked":["hexamod:SpectralSpark","hexamod:BurningTouch+1","hexamod:RainOfEmbers"],"picked":"hexamod:EmpoweringStance","floor":21},{"not_picked":["hexamod:FirstSeal","hexamod:ThirdSeal","hexamod:SecondSeal"],"picked":"hexamod:SixthSeal","floor":22},{"not_picked":["hexamod:HeatShield","hexamod:InspiringFlames","hexamod:FirstSeal"],"picked":"hexamod:GhostLash+1","floor":22},{"not_picked":["hexamod:BacktrackSmack","hexamod:Hexaguard+1","hexamod:InspiringFlames"],"picked":"hexamod:GhostShield+1","floor":23},{"not_picked":["hexamod:FourthSeal","hexamod:ShieldOfDarkness","hexamod:HeatMetal"],"picked":"hexamod:VolcanoVisage","floor":25},{"not_picked":["hexamod:SpectersWail","hexamod:FifthSeal","hexamod:GhostOfSpirePast"],"picked":"hexamod:CatchUp","floor":26},{"not_picked":["hexamod:Firestarter","hexamod:BurningTouch","hexamod:GhostLash"],"picked":"hexamod:FlamesFromBeyond","floor":27},{"not_picked":["Magnetism+1","Thinking Ahead+1","expansioncontent:QuickStudy+1"],"picked":"ReplayTheSpireMod:Brewmster+1","floor":28},{"not_picked":["hexamod:RetreatToShadows","hexamod:FirstSeal","hexamod:GhostOfSpirePast+1"],"picked":"hexamod:GhostflameInferno","floor":29},{"not_picked":["hexamod:HeatCrush","hexamod:HauntingEcho","hexamod:Hexaguard"],"picked":"hexamod:PowerFromBeyond","floor":30},{"not_picked":["hexamod:SkipABeat","hexamod:GhostShield","hexamod:HeatShield+1"],"picked":"hexamod:ThermalTransfer+1","floor":31},{"not_picked":["hexamod:SpectralSpark","hexamod:ThermalTransfer+1","hexamod:HeatMetal"],"picked":"hexamod:GhostOfSpirePresent","floor":32},{"not_picked":["hexamod:WildfireWeapon","hexamod:Toasty","hexamod:SearingWound"],"picked":"hexamod:HexaLevel","floor":33},{"not_picked":["hexamod:FastForward","hexamod:GhostOfSpireFuture","hexamod:SoulSteal"],"picked":"hexamod:RadiantFlame","floor":36},{"not_picked":["hexamod:SearingWound","hexamod:GhostflameInferno"],"picked":"hexamod:WildfireWeapon","floor":38},{"not_picked":["hexamod:RainOfEmbers+1","hexamod:BacktrackSmack+1","hexamod:BurningTouch+1"],"picked":"hexamod:GhostShield+1","floor":38},{"not_picked":["hexamod:GhostShield+1","hexamod:FastForward","hexamod:InspiringFlames"],"picked":"hexamod:DynamicBlow+1","floor":39},{"not_picked":["hexamod:RainOfEmbers+1","hexamod:NightmareGuise+1","hexamod:HauntingEcho","hexamod:FastForward+1"],"picked":"SKIP","floor":40},{"not_picked":["hexamod:BacktrackSmack+1","hexamod:HeatMetal+1","hexamod:RetreatToShadows","hexamod:Toasty"],"picked":"SKIP","floor":43},{"not_picked":["hexamod:Firestarter+1","hexamod:ShieldOfDarkness","hexamod:HauntingEcho"],"picked":"hexamod:NecessarySacrifice+1","floor":45},{"not_picked":["hexamod:ChargedBarrage","hexamod:ShieldOfDarkness+1","hexamod:InspiringFlames","hexamod:StepThrough"],"picked":"SKIP","floor":46},{"not_picked":["hexamod:HauntingEcho","hexamod:GhostLash+1","hexamod:NightmareStrike","hexamod:GhostShield"],"picked":"SKIP","floor":48},{"not_picked":["hexamod:ThermalTransfer+1","hexamod:GhostLash","hexamod:Firestarter"],"picked":"hexamod:FastForward+1","floor":49},{"not_picked":["hexamod:HeatMetal+1","hexamod:SwordOfDarkness+1","hexamod:StepThrough"],"picked":"hexamod:SkipABeat+1","floor":52}],"player_experience":260467,"relics_obtained":[{"floor":3,"key":"ReplayTheSpireMod:Ring of Addiction"},{"floor":3,"key":"Ring of Hypnosis"},{"floor":3,"key":"White Beast Statue"},{"floor":3,"key":"Chameleon Ring"},{"floor":9,"key":"CCEMRelics:OverlyComfyChair"},{"floor":13,"key":"Vajra"},{"floor":14,"key":"StuffTheSpire:Mouthbags"},{"floor":22,"key":"Toy Ornithopter"},{"floor":24,"key":"halation:WeightlessCrab"},{"floor":38,"key":"conspire:GiftBox"},{"floor":40,"key":"Replay:Bandana"},{"floor":41,"key":"Garlic"},{"floor":52,"key":"StuffTheSpire:DarkSteelAnvil"}],"event_choices":[{"damage_healed":0,"gold_gain":0,"player_choice":"2","damage_taken":0,"max_hp_gain":0,"max_hp_loss":0,"event_name":"betterMatch:BetterMatch","floor":28,"gold_loss":0,"cards_obtained":["betterMatch:ColorlessRareCard"]}],"is_beta":false,"boss_relics":[{"not_picked":["ChewingGum","Velvet Choker"],"picked":"Honey Jar"},{"not_picked":["StuffTheSpire:ModemDavis","halation:PlatinumPhoenix"],"picked":"halation:ForbiddenBikini"}],"items_purged_floors":[4],"is_endless":false,"potions_floor_spawned":[2,4,6,9,11,12,14,15,16,19,20,21,23,25,26,27,29,30,31,32,33,36,38,39,40,43,45,46,48,49,52],"ascension_level":0}}