{"host":"kzpuingyul43kz0j","time":1609283022,"event":{"mods":["2.2 Compatiblity","BaseMod","Bestiary","Better Skull","BetterRewards","Colored Map","Colored Powertips","Curses Come First","Displayed Cursed Tome","Downfall","Gold Saver","Highlight Path","Keyboard Shortcuts","Minty Spire (QoL Compilation)","Relic Stats","Remove Card Discount Mod","StSLib","Uncapped"],"gold_per_floor":[112,92,111,12,29,61,61,61,112,112,136,149,168,188,188,317,317,342,342,363,108,126,161,161,176,201,235,249,263,307,326,326,445,445,464,161,0,63,396,396,98,98,98,133,133,161,180,193,193,193],"floor_reached":51,"playtime":1728,"items_purged":["Defend_G","Defend_G","Strike_G","Strike_G","Defend_G","Strike_G","Strike_G","Strike_G","Defend_G","Defend_G"],"score":1170,"play_id":"66e25da3-35fd-4479-9fcc-8988b24188da","local_time":"20201230000342","is_ascension_mode":true,"campfire_choices":[{"data":"Blade Dance","floor":7,"key":"SMITH"},{"data":"expansioncontent:AwakenDeath","floor":10,"key":"SMITH"},{"floor":15,"key":"REST"},{"data":"Backflip","floor":24,"key":"SMITH"},{"data":"Adrenaline","floor":32,"key":"SMITH"},{"data":"Accuracy","floor":40,"key":"SMITH"},{"data":"Backflip","floor":42,"key":"SMITH"},{"data":"Dodge and Roll","floor":49,"key":"SMITH"}],"circlet_count":0,"master_deck":["Survivor","Neutralize","Quick Slash+1","Quick Slash+1","Blade Dance+1","Dodge and Roll+1","expansioncontent:AwakenDeath+1","Blade Dance","Quick Slash+1","Quick Slash+1","Footwork+1","Backflip+1","Backflip+1","Die Die Die+1","Backstab+1","Backstab+1","Accuracy+1","Cloak And Dagger","Expertise+1","Backstab+1","Adrenaline+1","Accuracy+1"],"relics":["Ring of the Snake","Mercury Hourglass","Molten Egg 2","Prayer Wheel","Strawberry","Shuriken","Anchor","Philosopher\u0027s Stone","Oddly Smooth Stone","Bronze Scales","Bag of Marbles","Pantograph","PreservedInsect","WristBlade","HandDrill","Potion Belt","Red Mask","Incense Burner","Omamori","Dream Catcher","Ninja Scroll","Letter Opener","Gremlin Horn"],"acts_visited":["Exordium","TheCity","TheBeyond"],"potions_floor_usage":[23,50,50,50,50],"damage_taken":[{"damage":0,"enemies":"2 Louse","floor":1,"turns":2},{"damage":0,"enemies":"Cultist","floor":3,"turns":2},{"damage":0,"enemies":"Small Slimes","floor":5,"turns":2},{"damage":14,"enemies":"Gremlin Nob","floor":6,"turns":3},{"damage":0,"enemies":"3 Louse","floor":11,"turns":1},{"damage":0,"enemies":"Lots of Slimes","floor":12,"turns":2},{"damage":2,"enemies":"2 Fungi Beasts","floor":13,"turns":2},{"damage":4,"enemies":"Looter","floor":14,"turns":3},{"damage":28,"enemies":"The Guardian","floor":16,"turns":12},{"damage":0,"enemies":"Chosen","floor":18,"turns":4},{"damage":0,"enemies":"Spheric Guardian","floor":20,"turns":2},{"damage":2,"enemies":"Snake Plant","floor":22,"turns":3},{"damage":0,"enemies":"Slavers","floor":23,"turns":3},{"damage":0,"enemies":"Centurion and Healer","floor":25,"turns":3},{"damage":13,"enemies":"Gremlin Leader","floor":27,"turns":3},{"damage":0,"enemies":"Chosen and Byrds","floor":28,"turns":2},{"damage":0,"enemies":"Snecko","floor":29,"turns":1},{"damage":0,"enemies":"Book of Stabbing","floor":30,"turns":2},{"damage":0,"enemies":"Snake Plant","floor":31,"turns":1},{"damage":22,"enemies":"Automaton","floor":33,"turns":4},{"damage":0,"enemies":"Orb Walker","floor":35,"turns":1},{"damage":3,"enemies":"Mind Bloom Boss Battle","floor":38,"turns":2},{"damage":0,"enemies":"Giant Head","floor":44,"turns":2},{"damage":0,"enemies":"Nemesis","floor":46,"turns":1},{"damage":0,"enemies":"3 Darklings","floor":47,"turns":1},{"damage":0,"enemies":"4 Shapes","floor":48,"turns":1},{"damage":2,"enemies":"Time Eater","floor":50,"turns":3}],"seed_played":"8094225521728473402","potions_obtained":[{"floor":2,"key":"ColorlessPotion"},{"floor":5,"key":"DistilledChaos"},{"floor":6,"key":"Weak Potion"},{"floor":13,"key":"Guardian:BlockOnCardUsePotion"},{"floor":25,"key":"Fire Potion"},{"floor":38,"key":"FearPotion"},{"floor":44,"key":"champ:CounterPotion"}],"is_trial":false,"path_per_floor":["M","?","M","$","M","E","R","?","T","R","M","M","M","M","R","B",null,"M","?","M","$","M","E","R","M","T","E","M","M","E","M","R","B",null,"M","$","?","?","?","R","$","R","T","E","T","E","M","M","R","B",null],"character_chosen":"THE_SILENT","items_purchased":["Mercury Hourglass","Molten Egg 2","Quick Slash+1","expansioncontent:AwakenDeath","Oddly Smooth Stone","Accuracy","Cloak And Dagger","HandDrill","Potion Belt","Omamori","Dream Catcher"],"campfire_rested":1,"item_purchase_floors":[0,0,0,4,21,21,21,36,36,41,41],"current_hp_per_floor":[44,44,44,44,44,30,30,30,30,30,30,30,28,24,45,17,71,71,71,71,71,69,69,69,69,69,56,56,56,56,56,56,49,71,71,71,71,68,68,68,68,68,68,68,68,68,68,68,68,69],"gold":193,"neow_bonus":"","is_daily":false,"chose_seed":false,"campfire_upgraded":7,"win_rate":0.0,"timestamp":1609283022,"path_taken":["M","?","?","$","M","E","R","?","T","R","M","M","M","M","R","BOSS","M","?","?","$","M","E","R","M","T","E","M","M","E","M","R","BOSS","M","$","?","?","?","R","$","R","T","E","?","E","?","M","R","BOSS"],"items_purchased_type":["Relic","Relic","Card","Card","Relic","Card","Card","Relic","Relic","Relic","Relic"],"build_version":"2020-12-22","purchased_purges":10,"victory":true,"max_hp_per_floor":[77,77,77,77,77,77,77,71,71,71,71,71,71,71,71,71,71,71,71,71,71,71,71,71,71,71,71,71,71,71,71,71,71,71,71,71,71,71,71,71,71,71,71,71,71,71,71,71,71,71],"relic_stats":{"Gremlin Horn":[5,5],"counters":[176,656],"PreservedInsect":172,"Letter Opener":[5],"Mercury Hourglass":[497],"Dream Catcher":0,"Shuriken":[65],"Bronze Scales":[47],"Pantograph":47,"Prayer Wheel":17,"HandDrill":[18],"obtain_stats":[{"Ice Cream":0,"Tiny House":34,"Gremlin Horn":37,"Vajra":27,"Whetstone":10,"Ginger":37,"Sling":48,"Sozu":17,"Blood Vial":26,"Lizard Tail":0,"Sundial":47,"Strawberry":45,"MealTicket":21,"Prayer Wheel":0,"Philosopher\u0027s Stone":17,"HandDrill":37,"Necronomicon":31,"Toxic Egg 2":23,"Pear":40,"Happy Flower":26,"Oddly Smooth Stone":21,"Tingsha":47,"Pen Nib":9,"Letter Opener":45,"War Paint":14,"Question Card":0,"SlaversCollar":34,"Shuriken":9,"MutagenicStrength":22,"Bronze Scales":47,"Molten Egg 2":0,"Ring of the Serpent":17,"Darkstone Periapt":25,"Regal Pillow":28,"Mango":36,"StoneCalendar":34,"Snake Skull":49,"Bag of Preparation":27,"Incense Burner":38,"SsserpentHead":13,"Nunchaku":6,"Dream Catcher":40,"Shovel":0,"Matryoshka":29,"WristBlade":17,"Ninja Scroll":44,"Pantograph":25,"Toolbox":21,"Tiny Chest":13,"Red Mask":39,"Ring of the Snake":0,"Potion Belt":9,"Lee\u0027s Waffle":7,"Golden Idol":8,"Thread and Needle":0,"PreservedInsect":8,"Omamori":6,"Orichalcum":2,"Odd Mushroom":7,"Medical Kit":12,"White Beast Statue":43,"Mercury Hourglass":9,"Peace Pipe":21,"Calling Bell":34,"Cauldron":21,"Anchor":6,"Ornamental Fan":44,"Turnip":0,"Bag of Marbles":43,"Membership Card":0,"Bottled Lightning":15,"Toy Ornithopter":43,"TungstenRod":0},{"Ice Cream":66,"Tiny House":83,"Gremlin Horn":32,"Vajra":11,"Whetstone":46,"Ginger":120,"Sling":65,"Sozu":49,"Blood Vial":53,"Lizard Tail":89,"Sundial":65,"Strawberry":145,"MealTicket":25,"Prayer Wheel":149,"Philosopher\u0027s Stone":158,"HandDrill":32,"Necronomicon":82,"Toxic Egg 2":27,"Pear":122,"Happy Flower":11,"Oddly Smooth Stone":25,"Tingsha":37,"Pen Nib":46,"Letter Opener":64,"War Paint":6,"Question Card":127,"SlaversCollar":141,"Shuriken":18,"MutagenicStrength":9,"Bronze Scales":65,"Molten Egg 2":149,"Ring of the Serpent":7,"Darkstone Periapt":116,"Regal Pillow":103,"Mango":32,"StoneCalendar":119,"Snake Skull":65,"Bag of Preparation":54,"Incense Burner":171,"SsserpentHead":20,"Nunchaku":4,"Dream Catcher":61,"Shovel":39,"Matryoshka":55,"WristBlade":22,"Ninja Scroll":172,"Pantograph":53,"Toolbox":9,"Tiny Chest":111,"Red Mask":143,"Ring of the Snake":0,"Potion Belt":92,"Lee\u0027s Waffle":110,"Golden Idol":153,"Thread and Needle":66,"PreservedInsect":5,"Omamori":92,"Orichalcum":16,"Odd Mushroom":45,"Medical Kit":131,"White Beast Statue":87,"Mercury Hourglass":5,"Peace Pipe":52,"Calling Bell":119,"Cauldron":25,"Anchor":44,"Ornamental Fan":35,"Turnip":106,"Bag of Marbles":63,"Membership Card":15,"Bottled Lightning":48,"Toy Ornithopter":63,"TungstenRod":106},{"Ice Cream":262,"Tiny House":325,"Gremlin Horn":140,"Vajra":49,"Whetstone":194,"Ginger":483,"Sling":256,"Sozu":206,"Blood Vial":218,"Lizard Tail":347,"Sundial":256,"Strawberry":575,"MealTicket":109,"Prayer Wheel":590,"Philosopher\u0027s Stone":618,"HandDrill":140,"Necronomicon":317,"Toxic Egg 2":119,"Pear":493,"Happy Flower":49,"Oddly Smooth Stone":109,"Tingsha":157,"Pen Nib":194,"Letter Opener":255,"War Paint":24,"Question Card":515,"SlaversCollar":565,"Shuriken":81,"MutagenicStrength":41,"Bronze Scales":256,"Molten Egg 2":590,"Ring of the Serpent":33,"Darkstone Periapt":462,"Regal Pillow":414,"Mango":140,"StoneCalendar":479,"Snake Skull":256,"Bag of Preparation":221,"Incense Burner":648,"SsserpentHead":87,"Nunchaku":18,"Dream Catcher":244,"Shovel":166,"Matryoshka":225,"WristBlade":97,"Ninja Scroll":650,"Pantograph":218,"Toolbox":41,"Tiny Chest":442,"Red Mask":568,"Ring of the Snake":0,"Potion Belt":363,"Lee\u0027s Waffle":440,"Golden Idol":598,"Thread and Needle":262,"PreservedInsect":21,"Omamori":363,"Orichalcum":74,"Odd Mushroom":191,"Medical Kit":528,"White Beast Statue":339,"Mercury Hourglass":21,"Peace Pipe":215,"Calling Bell":479,"Cauldron":109,"Anchor":188,"Ornamental Fan":147,"Turnip":427,"Bag of Marbles":250,"Membership Card":69,"Bottled Lightning":199,"Toy Ornithopter":250,"TungstenRod":427}],"Ring of the Snake":[104]},"card_choices":[{"not_picked":["Dodge and Roll","Predator+1"],"picked":"Quick Slash+1","floor":1},{"not_picked":["Underhanded Strike+1","Acrobatics","Blade Dance"],"picked":"SKIP","floor":1},{"not_picked":["Dagger Spray+1","Distraction"],"picked":"Blade Dance","floor":3},{"not_picked":["Predator+1","Prepared"],"picked":"Dodge and Roll","floor":3},{"not_picked":["Deadly Poison","Underhanded Strike+1"],"picked":"Blade Dance","floor":5},{"not_picked":["Masterful Stab+1","Predator+1","Dash+1"],"picked":"SKIP","floor":5},{"not_picked":["Sucker Punch+1","All Out Attack+1","Distraction"],"picked":"SKIP","floor":6},{"not_picked":["Heel Hook+1","Dodge and Roll"],"picked":"Quick Slash+1","floor":11},{"not_picked":["Wraith Form v2","Flechettes+1","Skewer+1"],"picked":"SKIP","floor":11},{"not_picked":["Riddle With Holes+1","Masterful Stab+1"],"picked":"Quick Slash+1","floor":12},{"not_picked":["Sucker Punch+1","Outmaneuver"],"picked":"Footwork","floor":12},{"not_picked":["Underhanded Strike+1","Outmaneuver"],"picked":"Backflip","floor":13},{"not_picked":["Acrobatics","Escape Plan","Prepared"],"picked":"SKIP","floor":13},{"not_picked":["Deadly Poison","Quick Slash+1"],"picked":"Backflip","floor":14},{"not_picked":["Flechettes+1","Dagger Throw+1","Night Terror"],"picked":"SKIP","floor":14},{"not_picked":["Malaise","Envenom"],"picked":"Die Die Die+1","floor":16},{"not_picked":["Sucker Punch+1","Deadly Poison"],"picked":"Backstab+1","floor":18},{"not_picked":["Underhanded Strike+1","Poisoned Stab+1"],"picked":"Backstab+1","floor":18},{"not_picked":["Calculated Gamble","Quick Slash+1","Underhanded Strike+1"],"picked":"SKIP","floor":20},{"not_picked":["Poisoned Stab+1","Flying Knee+1","Slice+1"],"picked":"SKIP","floor":20},{"not_picked":["Caltrops","Dagger Throw+1"],"picked":"Expertise+1","floor":22},{"not_picked":["Dagger Spray+1","Blade Dance","Underhanded Strike+1"],"picked":"SKIP","floor":22},{"not_picked":["Leg Sweep+1","Reflex","Bane+1"],"picked":"SKIP","floor":23},{"not_picked":["Night Terror","Prepared"],"picked":"Backstab+1","floor":25},{"not_picked":["All Out Attack+1","Poisoned Stab+1","Cloak And Dagger"],"picked":"SKIP","floor":25},{"not_picked":["Prepared+1","Terror"],"picked":"Adrenaline","floor":27},{"not_picked":["Cloak And Dagger","Footwork","Dash+1"],"picked":"SKIP","floor":28},{"not_picked":["Dagger Throw+1","Dash+1","Expertise+1"],"picked":"SKIP","floor":28},{"not_picked":["Bane+1","Reflex","Deadly Poison"],"picked":"SKIP","floor":29},{"not_picked":["PiercingWail","Choke+1","Blade Dance+1"],"picked":"SKIP","floor":29},{"not_picked":["Endless Agony+1","Escape Plan","Catalyst"],"picked":"SKIP","floor":30},{"not_picked":["Slice+1","Deadly Poison","Backflip+1"],"picked":"SKIP","floor":31},{"not_picked":["Expertise","Blade Dance+1","Distraction"],"picked":"SKIP","floor":31},{"not_picked":["Outmaneuver","Underhanded Strike+1","All Out Attack+1"],"picked":"SKIP","floor":35},{"not_picked":["Outmaneuver+1","Poisoned Stab+1","Flying Knee+1"],"picked":"SKIP","floor":35},{"not_picked":["Choke+1","Dagger Throw+1"],"picked":"Accuracy+1","floor":38},{"not_picked":["Slice+1","Catalyst+1","Endless Agony+1"],"picked":"SKIP","floor":44},{"not_picked":["Underhanded Strike+1","Dagger Throw+1","Crippling Poison"],"picked":"SKIP","floor":46},{"not_picked":["Terror","Dash+1","Flechettes+1"],"picked":"SKIP","floor":47},{"not_picked":["Slice+1","Distraction+1","Leg Sweep"],"picked":"SKIP","floor":47},{"not_picked":["Endless Agony+1","Dash+1","Underhanded Strike+1"],"picked":"SKIP","floor":48},{"not_picked":["Flechettes+1","Crippling Poison+1","Slice+1"],"picked":"SKIP","floor":48}],"player_experience":81531,"relics_obtained":[{"floor":6,"key":"Shuriken"},{"floor":9,"key":"Anchor"},{"floor":23,"key":"Bronze Scales"},{"floor":26,"key":"Bag of Marbles"},{"floor":27,"key":"Pantograph"},{"floor":30,"key":"PreservedInsect"},{"floor":38,"key":"Incense Burner"},{"floor":44,"key":"Ninja Scroll"},{"floor":45,"key":"Letter Opener"},{"floor":46,"key":"Gremlin Horn"}],"event_choices":[{"damage_healed":0,"gold_gain":0,"player_choice":"Bought 1 Potion","damage_taken":0,"max_hp_gain":0,"max_hp_loss":0,"event_name":"The Woman in Blue","floor":2,"gold_loss":0},{"damage_healed":0,"gold_gain":0,"player_choice":"Lose Max HP","damage_taken":0,"relics_obtained":["Golden Idol"],"max_hp_gain":0,"max_hp_loss":6,"event_name":"Golden Idol","floor":8,"gold_loss":0},{"damage_healed":0,"gold_gain":0,"player_choice":"Forge","damage_taken":0,"max_hp_gain":0,"max_hp_loss":0,"event_name":"Accursed Blacksmith","floor":19,"gold_loss":0,"cards_upgraded":["Footwork"]},{"damage_healed":0,"gold_gain":0,"player_choice":"Paid","damage_taken":0,"relics_obtained":["Red Mask"],"max_hp_gain":0,"max_hp_loss":0,"event_name":"Tomb of Lord Red Mask","floor":37,"gold_loss":161},{"damage_healed":0,"gold_gain":0,"player_choice":"Fight","damage_taken":0,"max_hp_gain":0,"max_hp_loss":0,"event_name":"MindBloom","floor":38,"gold_loss":0},{"damage_healed":0,"gold_gain":333,"player_choice":"Gave Idol","damage_taken":0,"max_hp_gain":0,"max_hp_loss":0,"event_name":"The Moai Head","floor":39,"relics_lost":["Golden Idol"],"gold_loss":0}],"is_beta":false,"boss_relics":[{"not_picked":["Velvet Choker","SlaversCollar"],"picked":"Philosopher\u0027s Stone"},{"not_picked":["Cursed Key","Fusion Hammer"],"picked":"WristBlade"}],"items_purged_floors":[0,0,0,0,4,21,21,21,21,21],"is_endless":false,"potions_floor_spawned":[5,6,13,16,18,20,25,28,29,38,44],"ascension_level":1}}