{"host":"k7udt7atmcuzf6l0","time":1609226618,"event":{"mods":["AchievementEnabler","BaseMod","Colored Map","Colored Powertips","Highlight Path","Minty Spire (QoL Compilation)","Quick Restart","Rare Cards Sparkle","StSLib","UnlockEverythingMod"],"gold_per_floor":[115,290,303,73,73,73,93,93,162,162,181,181,181,256,256,387,387,406,335,354,453,368,423,448,460,472,137,137,173,223,236,236,361,361,374,392,242,242,48,48,92,92,92,44,44,58,0,41,41,41],"floor_reached":51,"playtime":1127,"items_purged":["Doubt"],"score":877,"play_id":"71847357-17fb-460d-a873-6ba437906ee7","local_time":"20201229152338","is_ascension_mode":false,"campfire_choices":[{"data":"Bash","floor":6.0,"key":"SMITH"},{"data":"Sword Boomerang","floor":8.0,"key":"SMITH"},{"data":"True Grit","floor":12.0,"key":"SMITH"},{"data":"Clash","floor":15.0,"key":"SMITH"},{"floor":25.0,"key":"REST"},{"floor":28.0,"key":"REST"},{"floor":32.0,"key":"REST"},{"floor":40,"key":"REST"},{"floor":49,"key":"REST"}],"circlet_count":0,"master_deck":["Strike_R","Strike_R","Strike_R","Strike_R","Strike_R","Defend_R","Defend_R","Defend_R","Defend_R","Bash+1","Flex+1","Sword Boomerang+1","True Grit+1","Exhume","Whirlwind","Shockwave","Burning Pact+1","Clash","Body Slam+1","Dual Wield","Warcry+1","Limit Break","Twin Strike+1","Rage+1","Spot Weakness+1","Flame Barrier+1","Headbutt+1"],"relics":["Burning Blood","NeowsBlessing","Vajra","Ornamental Fan","Golden Idol","Fusion Hammer","MawBank","White Beast Statue","Pantograph","HandDrill","Happy Flower","HornCleat","SlaversCollar","Toy Ornithopter","Brimstone","Ancient Tea Set","Sundial","Self Forming Clay","Red Mask","Mercury Hourglass"],"acts_visited":["Exordium","TheCity","TheBeyond"],"potions_floor_usage":[33,41,48,48,50],"damage_taken":[{"damage":0.0,"enemies":"Jaw Worm","floor":1.0,"turns":1.0},{"damage":0.0,"enemies":"2 Louse","floor":3.0,"turns":1.0},{"damage":0.0,"enemies":"Small Slimes","floor":7.0,"turns":1.0},{"damage":0.0,"enemies":"3 Louse","floor":11.0,"turns":2.0},{"damage":33.0,"enemies":"Hexaghost","floor":16.0,"turns":6.0},{"damage":0.0,"enemies":"Chosen","floor":18.0,"turns":3.0},{"damage":14.0,"enemies":"Shell Parasite","floor":20.0,"turns":4.0},{"damage":29.0,"enemies":"Slavers","floor":23.0,"turns":6.0},{"damage":17.0,"enemies":"Snake Plant","floor":24.0,"turns":2.0},{"damage":12.0,"enemies":"Gremlin Leader","floor":29.0,"turns":3.0},{"damage":0.0,"enemies":"Snecko","floor":31.0,"turns":2.0},{"damage":92,"enemies":"Champ","floor":33,"turns":9},{"damage":20,"enemies":"3 Darklings","floor":35,"turns":5},{"damage":11,"enemies":"Orb Walker","floor":36,"turns":2},{"damage":12,"enemies":"Giant Head","floor":41,"turns":5},{"damage":15,"enemies":"Spire Growth","floor":46,"turns":3},{"damage":15,"enemies":"Nemesis","floor":48,"turns":3},{"damage":54,"enemies":"Awakened One","floor":50,"turns":6}],"seed_played":"3624962826297061297","potions_obtained":[{"floor":3.0,"key":"SteroidPotion"},{"floor":16.0,"key":"Block Potion"},{"floor":23.0,"key":"BloodPotion"},{"floor":24.0,"key":"PowerPotion"},{"floor":29.0,"key":"Swift Potion"},{"floor":31.0,"key":"Regen Potion"},{"floor":33,"key":"LiquidBronze"},{"floor":35,"key":"Energy Potion"},{"floor":36,"key":"LiquidBronze"},{"floor":41,"key":"EssenceOfSteel"},{"floor":46,"key":"LiquidMemories"},{"floor":48,"key":"SmokeBomb"}],"is_trial":false,"path_per_floor":["M","?","M","$","?","R","M","R","T","?","M","R","?","?","R","B",null,"M","$","M","?","?","E","M","R","T","$","R","E","?","M","R","B",null,"M","M","$","?","$","R","E","?","T","$","T","M","?","E","R","B",null],"character_chosen":"IRONCLAD","items_purchased":["Vajra","Shockwave","HandDrill","Happy Flower","Weak Potion","Toy Ornithopter","Brimstone","BlessingOfTheForge","BloodPotion"],"campfire_rested":5,"item_purchase_floors":[4,19,27,27,27,37,39,39,44],"current_hp_per_floor":[80,80,80,80,80,80,80,80,80,80,80,80,60,52,52,25,80,80,80,72,72,72,49,54,78,78,78,80,74,74,80,80,7,80,66,61,61,53,53,77,74,74,74,74,74,65,65,76,80,32],"gold":41,"neow_bonus":"THREE_ENEMY_KILL","is_daily":false,"chose_seed":false,"campfire_upgraded":4,"win_rate":0.0,"timestamp":1609226618,"path_taken":["M","?","M","$","?","R","M","R","T","?","M","R","?","?","R","BOSS","M","?","?","?","?","E","M","R","T","$","R","E","?","M","R","BOSS","M","M","$","?","?","R","E","?","T","$","?","?","?","E","R","BOSS"],"items_purchased_type":["Relic","Card","Relic","Relic","Potion","Relic","Relic","Potion","Potion"],"build_version":"2020-12-22","purchased_purges":1,"victory":true,"max_hp_per_floor":[80,80,80,80,80,80,80,80,80,80,80,80,80,80,80,80,80,80,80,80,80,80,80,80,80,80,80,80,80,80,80,80,80,80,80,80,80,80,80,80,80,80,80,80,80,80,80,80,80,80],"card_choices":[{"not_picked":["Heavy Blade","Uppercut"],"picked":"Clash","floor":1.0},{"not_picked":["Twin Strike","Headbutt"],"picked":"Flex","floor":3.0},{"not_picked":["Flame Barrier","Reckless Charge"],"picked":"Sword Boomerang","floor":7.0},{"not_picked":["Clash","Perfected Strike"],"picked":"True Grit","floor":11.0},{"not_picked":["Juggernaut","Brutality"],"picked":"Exhume","floor":16.0},{"not_picked":["Hemokinesis+1","Armaments+1"],"picked":"Whirlwind","floor":18.0},{"not_picked":["Thunderclap","Wild Strike"],"picked":"Burning Pact+1","floor":20.0},{"not_picked":["Twin Strike","Berserk"],"picked":"Clash","floor":23.0},{"not_picked":["Heavy Blade","Second Wind+1"],"picked":"Body Slam+1","floor":24.0},{"not_picked":["Flex","Immolate"],"picked":"Dual Wield","floor":29.0},{"not_picked":["Armaments","Carnage"],"picked":"Warcry+1","floor":31.0},{"not_picked":["Exhume","Offering"],"picked":"Limit Break","floor":33},{"not_picked":["Body Slam+1","Clash"],"picked":"Twin Strike+1","floor":35},{"not_picked":["Flame Barrier+1","Disarm+1"],"picked":"Rage+1","floor":36},{"not_picked":["True Grit","Clash+1"],"picked":"Spot Weakness+1","floor":41},{"not_picked":["Wild Strike+1","Anger+1"],"picked":"Flame Barrier+1","floor":46},{"not_picked":["Wild Strike+1","Carnage"],"picked":"Headbutt+1","floor":48}],"player_experience":18115,"relics_obtained":[{"floor":9.0,"key":"Ornamental Fan"},{"floor":23.0,"key":"White Beast Statue"},{"floor":26.0,"key":"Pantograph"},{"floor":29.0,"key":"HornCleat"},{"floor":41,"key":"Ancient Tea Set"},{"floor":43,"key":"Sundial"},{"floor":45,"key":"Self Forming Clay"},{"floor":48,"key":"Mercury Hourglass"}],"event_choices":[{"damage_healed":0.0,"max_hp_gain":0.0,"max_hp_loss":0.0,"gold_gain":175.0,"event_name":"Liars Game","player_choice":"AGREE","floor":2.0,"gold_loss":0.0,"damage_taken":0.0,"cards_obtained":["Doubt"]},{"damage_healed":0.0,"max_hp_gain":0.0,"max_hp_loss":0.0,"gold_gain":0.0,"event_name":"Living Wall","player_choice":"Grow","floor":5.0,"gold_loss":0.0,"damage_taken":0.0,"cards_upgraded":["Flex"]},{"damage_healed":0.0,"max_hp_gain":0.0,"max_hp_loss":0.0,"gold_gain":0.0,"event_name":"The Cleric","player_choice":"Leave","floor":10.0,"gold_loss":0.0,"damage_taken":0.0},{"damage_healed":0.0,"max_hp_gain":0.0,"max_hp_loss":0.0,"gold_gain":0.0,"event_name":"Golden Idol","player_choice":"Take Damage","floor":13.0,"gold_loss":0.0,"damage_taken":20.0,"relics_obtained":["Golden Idol"]},{"damage_healed":0.0,"max_hp_gain":0.0,"max_hp_loss":0.0,"gold_gain":75.0,"event_name":"FaceTrader","player_choice":"Touch","floor":14.0,"gold_loss":0.0,"damage_taken":8.0},{"damage_healed":0.0,"max_hp_gain":0.0,"max_hp_loss":0.0,"gold_gain":99.0,"event_name":"Nest","player_choice":"Stole From Cult","floor":21.0,"gold_loss":0.0,"damage_taken":0.0},{"damage_healed":0.0,"max_hp_gain":0.0,"max_hp_loss":0.0,"gold_gain":0.0,"event_name":"Addict","player_choice":"Obtained Relic","floor":22.0,"gold_loss":85.0,"damage_taken":0.0,"relics_obtained":["MawBank"]},{"damage_healed":0.0,"max_hp_gain":0.0,"max_hp_loss":0.0,"gold_gain":100.0,"event_name":"The Joust","player_choice":"Bet on Murderer","floor":30.0,"gold_loss":50.0,"damage_taken":0.0},{"damage_healed":0,"gold_gain":0,"player_choice":"Damaged","damage_taken":8,"max_hp_gain":0,"max_hp_loss":0,"event_name":"Wheel of Change","floor":38,"gold_loss":0},{"cards_removed":["Clash"],"damage_healed":0,"gold_gain":0,"player_choice":"Removed Attack","damage_taken":0,"max_hp_gain":0,"max_hp_loss":0,"event_name":"Falling","floor":42,"gold_loss":0},{"damage_healed":0,"gold_gain":0,"player_choice":"Paid","damage_taken":0,"relics_obtained":["Red Mask"],"max_hp_gain":0,"max_hp_loss":0,"event_name":"Tomb of Lord Red Mask","floor":47,"gold_loss":58}],"is_beta":false,"boss_relics":[{"not_picked":["SacredBark","Runic Cube"],"picked":"Fusion Hammer"},{"not_picked":["Cursed Key","Mark of Pain"],"picked":"SlaversCollar"}],"items_purged_floors":[4],"is_endless":false,"potions_floor_spawned":[3,16,23,24,29,31,33,35,36,41,46,48],"ascension_level":0}}