{"host":"7i2b4pyo6x2376bs","time":1609284723,"event":{"mods":["BaseMod","Better Note","Colored Map","Highlight Path","Minty Spire (QoL Compilation)","Quick Restart","Rare Cards Sparkle","Shop Mod","StSLib","The Jungle"],"gold_per_floor":[113,113,168,343,357,357,367,367,394,421,435,435,435,453,453,553,553,565,174,174,144,160,160,176,176,176,188,103,138,138,153,153,249,249,260,183,197,217,35,35,70,70,70,70,81,81,127,144,144,144,144],"floor_reached":50,"playtime":3977,"items_purged":["Doubt"],"score":683,"play_id":"11ff90bf-837a-41a3-96ae-95995818203a","local_time":"20201229153203","is_ascension_mode":true,"campfire_choices":[{"floor":6,"key":"RECALL"},{"data":"Zap","floor":8,"key":"SMITH"},{"floor":12,"key":"REST"},{"floor":15,"key":"REST"},{"floor":23,"key":"REST"},{"floor":25,"key":"REST"},{"floor":30,"key":"REST"},{"data":"Rainbow","floor":32,"key":"SMITH"},{"floor":40,"key":"REST"},{"floor":42,"key":"REST"},{"data":"Thunder Strike","floor":46,"key":"SMITH"},{"data":"Creative AI","floor":49,"key":"SMITH"}],"circlet_count":0,"master_deck":["Strike_B","Strike_B","Strike_B","Strike_B","Defend_B","Defend_B","Defend_B","Defend_B","Zap+1","Dualcast","Trip","Melter","Ball Lightning","Go for the Eyes","Rainbow+1","BootSequence","Self Repair","Rebound","Turbo","Creative AI+1","Static Discharge+1","Static Discharge","Doom and Gloom","Streamline+1","White Noise+1","Coolheaded+1","Conserve Battery+1","Ball Lightning+1","Loop+1","Thunder Strike+1","CurseOfTheBell","Undo+1","Defragment","Tempest+1","Electrodynamics","Sunder","Stack+1","Sunder+1","Beam Cell+1","Writhe","Storm+1","Lockon+1"],"relics":["Cracked Core","Dream Catcher","Orichalcum","Velvet Choker","Mercury Hourglass","Enchiridion","Meat on the Bone","Bag of Marbles","Red Mask","Calling Bell","Blood Vial","Letter Opener","Pocketwatch","Sling","Darkstone Periapt","Bag of Preparation","Oddly Smooth Stone"],"acts_visited":["Exordium","TheCity","TheBeyond"],"potions_floor_usage":[10,24,41,48],"damage_taken":[{"damage":12,"enemies":"Small Slimes","floor":1,"turns":2},{"damage":0,"enemies":"2 Louse","floor":5,"turns":3},{"damage":0,"enemies":"Cultist","floor":7,"turns":3},{"damage":30,"enemies":"Lagavulin","floor":10,"turns":6},{"damage":10,"enemies":"2 Fungi Beasts","floor":11,"turns":2},{"damage":3,"enemies":"Gremlin Gang","floor":14,"turns":3},{"damage":35,"enemies":"Hexaghost","floor":16,"turns":9},{"damage":35,"enemies":"Chosen","floor":18,"turns":6},{"damage":4,"enemies":"Spheric Guardian","floor":22,"turns":3},{"damage":9,"enemies":"Snake Plant","floor":24,"turns":3},{"damage":3,"enemies":"Snecko","floor":27,"turns":3},{"damage":25,"enemies":"Masked Bandits","floor":29,"turns":4},{"damage":2,"enemies":"3 Cultists","floor":31,"turns":3},{"damage":37,"enemies":"Automaton","floor":33,"turns":7},{"damage":0,"enemies":"3 Shapes","floor":35,"turns":5},{"damage":37,"enemies":"3 Darklings","floor":37,"turns":5},{"damage":27,"enemies":"Maw","floor":38,"turns":5},{"damage":64,"enemies":"Nemesis","floor":41,"turns":5},{"damage":2,"enemies":"Transient","floor":45,"turns":5},{"damage":2,"enemies":"Sphere and 2 Shapes","floor":48,"turns":3},{"damage":145,"enemies":"Awakened One","floor":50,"turns":10}],"seed_played":"-9139828941220453231","potions_obtained":[{"floor":5,"key":"Weak Potion"},{"floor":10,"key":"Swift Potion"},{"floor":18,"key":"FearPotion"},{"floor":21,"key":"SpeedPotion"},{"floor":21,"key":"FairyPotion"},{"floor":24,"key":"FairyPotion"},{"floor":45,"key":"Swift Potion"}],"is_trial":false,"path_per_floor":["M","?","?","?","M","R","M","R","T","E","M","R","?","M","R","B",null,"M","$","?","?","M","R","M","R","T","M","?","?","R","M","R","B",null,"M","$","M","M","$","R","E","R","T","?","M","R","T","M","R","B"],"character_chosen":"DEFECT","items_purchased":["Static Discharge","Mercury Hourglass","Defragment","Sling","Sunder"],"campfire_rested":7,"item_purchase_floors":[19,19,36,39,39],"current_hp_per_floor":[56,61,61,61,61,61,61,61,61,31,21,45,45,42,66,38,70,42,42,26,26,29,53,51,75,75,72,72,54,78,76,76,58,75,80,80,50,44,44,68,18,42,42,68,75,75,75,75,75,0,0],"gold":144,"neow_bonus":"RANDOM_COLORLESS","is_daily":false,"chose_seed":false,"campfire_upgraded":4,"win_rate":0.0,"timestamp":1609284723,"path_taken":["M","?","?","?","M","R","M","R","T","E","M","R","?","?","R","BOSS","M","$","?","?","M","R","M","R","T","?","?","?","R","M","R","BOSS","M","$","M","M","$","R","E","R","T","?","M","R","?","?","R","BOSS"],"items_purchased_type":["Card","Relic","Card","Relic","Card"],"build_version":"2020-12-22","purchased_purges":1,"victory":false,"max_hp_per_floor":[75,80,80,80,80,80,80,80,80,80,80,80,80,80,80,80,80,80,80,80,80,80,80,80,80,80,80,80,80,80,80,80,80,80,80,80,80,80,80,80,80,80,80,86,86,86,86,86,86,86,86],"card_choices":[{"not_picked":["Blind","PanicButton"],"picked":"Trip","floor":0},{"not_picked":["Beam Cell","Skim"],"picked":"Melter","floor":1},{"not_picked":["Sweeping Beam","Darkness"],"picked":"Ball Lightning","floor":5},{"not_picked":["Barrage","Gash"],"picked":"Go for the Eyes","floor":7},{"not_picked":["Reprogram","Beam Cell"],"picked":"Rainbow","floor":10},{"not_picked":["Doom and Gloom","Steam"],"picked":"BootSequence","floor":11},{"not_picked":["Undo","Cold Snap"],"picked":"Self Repair","floor":12},{"not_picked":["Blizzard","Redo"],"picked":"Rebound","floor":14},{"not_picked":["Redo","Barrage"],"picked":"Turbo","floor":15},{"not_picked":["Fission","All For One"],"picked":"Creative AI","floor":16},{"not_picked":["Streamline","Recycle"],"picked":"Static Discharge+1","floor":18},{"not_picked":["Consume","Hologram"],"picked":"Doom and Gloom","floor":22},{"not_picked":["Steam Power","Cold Snap"],"picked":"Streamline+1","floor":24},{"not_picked":["Go for the Eyes","FTL"],"picked":"White Noise+1","floor":25},{"not_picked":["Steam Power","Redo"],"picked":"Coolheaded+1","floor":27},{"not_picked":["FTL","Streamline"],"picked":"Conserve Battery+1","floor":29},{"not_picked":["Leap","Tempest"],"picked":"Ball Lightning+1","floor":30},{"not_picked":["Turbo","Sweeping Beam+1"],"picked":"Loop+1","floor":31},{"not_picked":["Echo Form","Buffer"],"picked":"Thunder Strike","floor":33},{"not_picked":["Leap","Conserve Battery"],"picked":"Undo+1","floor":35},{"not_picked":["Turbo+1","Redo+1"],"picked":"Tempest+1","floor":37},{"not_picked":["Gash","Turbo"],"picked":"Electrodynamics","floor":38},{"not_picked":["Cold Snap+1","Hello World"],"picked":"Stack+1","floor":40},{"not_picked":["Steam","Conserve Battery+1"],"picked":"Sunder+1","floor":41},{"not_picked":["BootSequence+1","Leap"],"picked":"Beam Cell+1","floor":42},{"not_picked":["Cold Snap","Stack+1"],"picked":"Storm+1","floor":45},{"not_picked":["Streamline","Rebound"],"picked":"Lockon+1","floor":48}],"player_experience":682453,"relics_obtained":[{"floor":10,"key":"Dream Catcher"},{"floor":20,"key":"Enchiridion"},{"floor":26,"key":"Meat on the Bone"},{"floor":29,"key":"Red Mask"},{"floor":34,"key":"Blood Vial"},{"floor":34,"key":"Letter Opener"},{"floor":34,"key":"Pocketwatch"},{"floor":41,"key":"Darkstone Periapt"},{"floor":43,"key":"Bag of Preparation"},{"floor":47,"key":"Oddly Smooth Stone"}],"event_choices":[{"damage_healed":0,"gold_gain":0,"player_choice":"Donut","damage_taken":0,"max_hp_gain":5,"max_hp_loss":0,"event_name":"Big Fish","floor":2,"gold_loss":0},{"damage_healed":0,"gold_gain":55,"player_choice":"Gained Gold","damage_taken":0,"max_hp_gain":0,"max_hp_loss":0,"event_name":"Golden Wing","floor":3,"gold_loss":0},{"damage_healed":0,"gold_gain":175,"player_choice":"AGREE","damage_taken":0,"max_hp_gain":0,"max_hp_loss":0,"event_name":"Liars Game","floor":4,"gold_loss":0,"cards_obtained":["Doubt"]},{"damage_healed":0,"gold_gain":0,"player_choice":"Gave Potion","damage_taken":0,"relics_obtained":["Orichalcum"],"max_hp_gain":0,"max_hp_loss":0,"event_name":"WeMeetAgain","floor":13,"gold_loss":0},{"damage_healed":0,"gold_gain":0,"player_choice":"Obtained Book","damage_taken":16,"max_hp_gain":0,"max_hp_loss":0,"event_name":"Cursed Tome","floor":20,"gold_loss":0},{"damage_healed":0,"gold_gain":0,"player_choice":"Bought 2 Potions","damage_taken":0,"max_hp_gain":0,"max_hp_loss":0,"event_name":"The Woman in Blue","floor":21,"gold_loss":0},{"damage_healed":0,"gold_gain":0,"player_choice":"Obtained Relic","damage_taken":0,"relics_obtained":["Bag of Marbles"],"max_hp_gain":0,"max_hp_loss":0,"event_name":"Addict","floor":28,"gold_loss":85},{"damage_healed":0,"gold_gain":0,"player_choice":"Fought Bandits","damage_taken":0,"max_hp_gain":0,"max_hp_loss":0,"event_name":"Masked Bandits","floor":29,"gold_loss":0},{"damage_healed":20,"gold_gain":0,"player_choice":"Writhe","damage_taken":0,"max_hp_gain":0,"max_hp_loss":0,"event_name":"Winding Halls","floor":44,"gold_loss":0,"cards_obtained":["Writhe"]}],"is_beta":false,"boss_relics":[{"not_picked":["SlaversCollar","Inserter"],"picked":"Velvet Choker"},{"not_picked":["Runic Dome","Empty Cage"],"picked":"Calling Bell"}],"items_purged_floors":[19],"is_endless":false,"potions_floor_spawned":[5,10,18,24,27,33,35,45],"killed_by":"Awakened One","ascension_level":8}}