{"host":"zit9o0ax6c2l3y2b","time":1609211371,"event":{"mods":["Aspiration","BaseMod","Colored Map","Conspire","Downfall","Glutton Mod","Hermit","Hubris","Infinite Spire","Minty Spire (QoL Compilation)","Random Character Button","Relic Filter","Replay The Spire","Shade Mod","Shop Mod","StSLib","The Construct","The Cursed","The Disciple","The Runesmith","TheArtist"],"gold_per_floor":[215,71,84,101,101,133,133,146,146,39,67,102,102,102,102,199,199,233,11,11,26,26,26],"floor_reached":22,"playtime":1319,"items_purged":[],"score":229,"play_id":"f2704bee-0eca-4c9e-8c6a-b0aa587a3648","local_time":"20201228220931","is_ascension_mode":true,"campfire_choices":[{"data":"hermit:TakeCover","floor":7,"key":"SMITH"},{"floor":13,"key":"REST"},{"data":"hermit:WideOpen","floor":15,"key":"SMITH"}],"circlet_count":0,"master_deck":["hermit:Strike_Hermit","hermit:Strike_Hermit","hermit:Strike_Hermit","hermit:Strike_Hermit","hermit:Defend_Hermit","hermit:Defend_Hermit","hermit:Defend_Hermit+1","hermit:Defend_Hermit+1","hermit:Snapshot","hermit:Covet","hermit:Roulette","hermit:FullyLoaded","hermit:TakeCover+1","hermit:WideOpen+1","hermit:Vantage","hermit:DeadOrAlive","hermit:Shortfuse","hermit:Ricochet","hermit:Reprieve","hermit:Enervate+1","hermit:ShadowCloak"],"relics":["hermit:ClaspedLocket","hubris:DeckOfHolding","Bottled Flame","hubris:ToyBattleship","Mango","Simple Rune"],"acts_visited":["Exordium","TheCity"],"potions_floor_usage":[12,16,21],"damage_taken":[{"damage":1,"enemies":"Cultist","floor":1,"turns":3},{"damage":7,"enemies":"2 Louse","floor":3,"turns":3},{"damage":6,"enemies":"Jaw Worm","floor":4,"turns":4},{"damage":28,"enemies":"Gremlin Nob","floor":6,"turns":4},{"damage":0,"enemies":"Looter","floor":8,"turns":4},{"damage":0,"enemies":"Large Slime","floor":11,"turns":6},{"damage":17,"enemies":"3 Sentries","floor":12,"turns":8},{"damage":36,"enemies":"Fading Forest","floor":16,"turns":11},{"damage":38,"enemies":"3 Byrds","floor":18,"turns":8},{"damage":17,"enemies":"2 Thieves","floor":21,"turns":4},{"damage":0,"enemies":"Snecko","floor":22,"turns":2}],"seed_played":"5682642457471636825","potions_obtained":[{"floor":1,"key":"Venom Potion"},{"floor":4,"key":"CultistPotion"},{"floor":11,"key":"Explosive Potion"},{"floor":18,"key":"sneckomod:MuddlingPotion"},{"floor":21,"key":"Reflective Coating"}],"is_trial":false,"path_per_floor":["M","$","M","M","$","E","R","M","T","$","M","E","R","?","R_BF","B",null,"M","$","?","M","M"],"character_chosen":"HERMIT","items_purchased":["hermit:FullyLoaded","hermit:TakeCover","hermit:Shortfuse","hermit:Ricochet","Simple Rune","hermit:ShadowCloak"],"campfire_rested":1,"item_purchase_floors":[2,2,10,10,19,19],"current_hp_per_floor":[74,74,67,61,61,33,33,33,33,33,33,16,38,34,34,8,89,51,51,34,17,17,17],"gold":26,"neow_bonus":"HUNDRED_GOLD","is_daily":false,"chose_seed":false,"campfire_upgraded":2,"win_rate":0.0,"timestamp":1609211371,"path_taken":["M","$","M","M","?","E","R","M","T","$","?","E","R","?","R_BF","BOSS","M","$","?","M","M"],"items_purchased_type":["Card","Card","Card","Card","Relic","Card"],"build_version":"2020-12-22","purchased_purges":0,"victory":false,"max_hp_per_floor":[75,75,75,75,75,75,75,75,75,75,75,75,75,89,89,89,89,89,89,94,94,94,94],"card_choices":[{"not_picked":["hermit:LoneWolf","hermit:ItchyTrigger"],"picked":"hermit:Roulette","floor":1},{"not_picked":["hermit:Quickdraw","hermit:SprayPray"],"picked":"hermit:WideOpen","floor":3},{"not_picked":["hermit:HighCaliber","hermit:DeadMansHand"],"picked":"hermit:Vantage","floor":4},{"not_picked":["hermit:BodyArmor","hermit:Determination","hermit:WideOpen"],"picked":"SKIP","floor":6},{"not_picked":["hermit:Shortfuse","hermit:Desperado"],"picked":"hermit:DeadOrAlive","floor":8},{"not_picked":["hermit:TakeAim","hermit:Ricochet","hermit:NoHoldsBarred"],"picked":"SKIP","floor":11},{"not_picked":["hermit:SprayPray","hermit:BodyArmor","hermit:GoldenBullet"],"picked":"SKIP","floor":12},{"not_picked":["hermit:RoundhouseKick","hermit:Adapt"],"picked":"hermit:Reprieve","floor":16},{"not_picked":["hermit:Virtue","hermit:PistolWhip"],"picked":"hermit:Enervate+1","floor":18},{"not_picked":["hermit:Quickdraw","hermit:LuckOfTheDraw","hermit:Determination"],"picked":"SKIP","floor":21}],"player_experience":386777,"relics_obtained":[{"floor":6,"key":"hubris:DeckOfHolding"},{"floor":9,"key":"Bottled Flame"},{"floor":12,"key":"hubris:ToyBattleship"}],"event_choices":[{"damage_healed":0,"gold_gain":0,"player_choice":"Success","damage_taken":18,"relics_obtained":["Mango"],"max_hp_gain":0,"max_hp_loss":0,"event_name":"Scrap Ooze","floor":14,"gold_loss":0},{"damage_healed":0,"gold_gain":0,"player_choice":"Shed Blood","damage_taken":22,"max_hp_gain":5,"max_hp_loss":0,"event_name":"Forgotten Altar","floor":20,"gold_loss":0}],"is_beta":false,"boss_relics":[{"not_picked":["aspiration:WatcherSkillbook","Ring of Chaos"],"picked":"hermit:ClaspedLocket"}],"items_purged_floors":[],"is_endless":false,"potions_floor_spawned":[1,4,11,18,21],"killed_by":"Snecko","ascension_level":1}}