{"host":"Qube","time":1609260740,"event":{"mods":["AchievementEnabler","BaseMod","Colored Powertips","Minty Spire (QoL Compilation)","Quick Restart","Random Character Button"],"gold_per_floor":[218,236,248,267,267,301,301,301,324,346,346,346,346,384,384,474,474,490,490,490,511,51,51,95,95,95,140,174,213,312,345,345,345,345],"floor_reached":33,"playtime":1176,"items_purged":["Strike_R"],"score":468,"play_id":"ec92ed93-131d-4d7b-8179-66e67d08728d","local_time":"20201229085220","is_ascension_mode":true,"campfire_choices":[{"data":"Searing Blow+1","floor":8.0,"key":"SMITH"},{"data":"Searing Blow+2","floor":11.0,"key":"SMITH"},{"data":"Searing Blow+3","floor":13.0,"key":"SMITH"},{"data":"Searing Blow+4","floor":15.0,"key":"SMITH"},{"data":"Searing Blow+5","floor":23.0,"key":"SMITH"},{"data":"Enlightenment","floor":25.0,"key":"SMITH"},{"floor":32.0,"key":"REST"}],"circlet_count":0,"master_deck":["AscendersBane","Strike_R","Strike_R","Strike_R+1","Defend_R","Defend_R","Defend_R","Defend_R","Bash","Reckless Charge","Iron Wave","Searing Blow+6","Thunderclap+1","Headbutt","Reaper","Enlightenment+1","HandOfGreed","Bloodletting"],"relics":["Burning Blood","Bag of Preparation","Smiling Mask","Odd Mushroom","Golden Idol","Strawberry","Runic Pyramid","Oddly Smooth Stone","Lantern","Tiny Chest","Centennial Puzzle"],"acts_visited":["Exordium","TheCity"],"potions_floor_usage":[],"damage_taken":[{"damage":6.0,"enemies":"2 Louse","floor":1.0,"turns":4.0},{"damage":7.0,"enemies":"Small Slimes","floor":2.0,"turns":4.0},{"damage":1.0,"enemies":"Cultist","floor":3.0,"turns":3.0},{"damage":5.0,"enemies":"Lots of Slimes","floor":4.0,"turns":6.0},{"damage":27.0,"enemies":"Gremlin Nob","floor":6.0,"turns":4.0},{"damage":8.0,"enemies":"The Mushroom Lair","floor":10.0,"turns":4.0},{"damage":15.0,"enemies":"3 Sentries","floor":14.0,"turns":7.0},{"damage":44.0,"enemies":"Slime Boss","floor":16.0,"turns":7.0},{"damage":2.0,"enemies":"Chosen","floor":18.0,"turns":3.0},{"damage":8.0,"enemies":"Shell Parasite","floor":21.0,"turns":5.0},{"damage":0.0,"enemies":"Chosen and Byrds","floor":24.0,"turns":3.0},{"damage":20.0,"enemies":"Snake Plant","floor":27.0,"turns":3.0},{"damage":52.0,"enemies":"Gremlin Leader","floor":28.0,"turns":4.0},{"damage":9.0,"enemies":"Centurion and Healer","floor":29.0,"turns":3.0},{"damage":6.0,"enemies":"Cultist and Chosen","floor":31.0,"turns":4.0},{"damage":0,"enemies":"Champ","floor":33,"turns":1}],"seed_played":"-1496564172882782495","potions_obtained":[{"floor":1.0,"key":"Ancient Potion"},{"floor":3.0,"key":"Block Potion"},{"floor":10.0,"key":"BloodPotion"},{"floor":21.0,"key":"Fire Potion"},{"floor":27.0,"key":"FearPotion"},{"floor":28.0,"key":"BlessingOfTheForge"}],"is_trial":false,"path_per_floor":["M","M","M","M","?","E","?","R","T","?","R","?","R","E","R","B",null,"M","?","?","M","$","R","M","R","T","M","E","M","?","M","R","B"],"character_chosen":"IRONCLAD","items_purchased":["Enlightenment","HandOfGreed","Lantern"],"campfire_rested":1,"item_purchase_floors":[22,22,22],"current_hp_per_floor":[68,67,72,73,58,37,37,37,37,35,35,35,35,33,33,10,60,68,68,68,66,66,66,72,72,72,58,20,23,23,23,45,45,45],"gold":345,"neow_bonus":"HUNDRED_GOLD","is_daily":false,"chose_seed":false,"campfire_upgraded":6,"win_rate":0.0,"timestamp":1609260740,"path_taken":["M","M","M","M","?","E","?","R","T","?","R","?","R","E","R","BOSS","M","?","?","M","$","R","?","R","T","?","E","?","?","M","R","BOSS"],"items_purchased_type":["Card","Card","Relic"],"build_version":"2020-12-18","purchased_purges":1,"victory":false,"max_hp_per_floor":[75,75,75,75,75,75,75,75,75,75,75,69,69,76,76,76,76,76,76,76,76,76,76,76,76,76,76,76,76,76,76,76,76,76],"card_choices":[{"not_picked":["Battle Trance","Twin Strike"],"picked":"Reckless Charge","floor":1.0},{"not_picked":["Clash","Havoc"],"picked":"Iron Wave","floor":2.0},{"not_picked":["Pommel Strike","Body Slam"],"picked":"Searing Blow","floor":3.0},{"not_picked":["Feel No Pain","Infernal Blade"],"picked":"Thunderclap","floor":4.0},{"not_picked":["Flex","Bloodletting","Shockwave"],"picked":"SKIP","floor":6.0},{"not_picked":["Pummel","Barricade"],"picked":"Headbutt","floor":14.0},{"not_picked":["Corruption","Bludgeon"],"picked":"Reaper","floor":16.0},{"not_picked":["Headbutt","Anger","Hemokinesis"],"picked":"SKIP","floor":18.0},{"not_picked":["Infernal Blade","Burning Pact","Perfected Strike"],"picked":"SKIP","floor":21.0},{"not_picked":["Heavy Blade","Warcry","Cleave"],"picked":"SKIP","floor":24.0},{"not_picked":["Reaper","Sentinel","Infernal Blade"],"picked":"SKIP","floor":27.0},{"not_picked":["Battle Trance","Body Slam"],"picked":"Bloodletting","floor":28.0},{"not_picked":["Shrug It Off","Havoc","Twin Strike+1"],"picked":"SKIP","floor":29.0},{"not_picked":["Uppercut","Pommel Strike","Iron Wave"],"picked":"SKIP","floor":31.0}],"player_experience":720848,"relics_obtained":[{"floor":6.0,"key":"Bag of Preparation"},{"floor":9.0,"key":"Smiling Mask"},{"floor":10.0,"key":"Odd Mushroom"},{"floor":14.0,"key":"Strawberry"},{"floor":26.0,"key":"Tiny Chest"},{"floor":28.0,"key":"Centennial Puzzle"}],"event_choices":[{"damage_healed":0.0,"max_hp_gain":0.0,"max_hp_loss":0.0,"gold_gain":0.0,"event_name":"Shining Light","player_choice":"Entered Light","floor":5.0,"gold_loss":0.0,"damage_taken":15.0,"cards_upgraded":["Thunderclap","Strike_R"]},{"damage_healed":0.0,"max_hp_gain":0.0,"max_hp_loss":0.0,"gold_gain":0.0,"event_name":"Living Wall","player_choice":"Grow","floor":7.0,"gold_loss":0.0,"damage_taken":0.0,"cards_upgraded":["Searing Blow"]},{"damage_healed":0.0,"max_hp_gain":0.0,"max_hp_loss":0.0,"gold_gain":0.0,"event_name":"Mushrooms","player_choice":"Fought Mushrooms","floor":10.0,"gold_loss":0.0,"damage_taken":0.0},{"damage_healed":0.0,"max_hp_gain":0.0,"max_hp_loss":6.0,"gold_gain":0.0,"event_name":"Golden Idol","player_choice":"Lose Max HP","floor":12.0,"gold_loss":0.0,"damage_taken":0.0,"relics_obtained":["Golden Idol"]},{"damage_healed":0.0,"max_hp_gain":0.0,"max_hp_loss":0.0,"gold_gain":0.0,"event_name":"The Mausoleum","player_choice":"Opened","floor":19.0,"gold_loss":0.0,"damage_taken":0.0,"relics_obtained":["Oddly Smooth Stone"]},{"cards_removed":["Strike_R"],"damage_healed":0.0,"max_hp_gain":0.0,"max_hp_loss":0.0,"gold_gain":0.0,"event_name":"Bonfire Elementals","player_choice":"Offered Basic","floor":20.0,"gold_loss":0.0,"damage_taken":0.0},{"damage_healed":0.0,"max_hp_gain":0.0,"max_hp_loss":0.0,"gold_gain":99.0,"event_name":"Nest","player_choice":"Stole From Cult","floor":30.0,"gold_loss":0.0,"damage_taken":0.0}],"is_beta":true,"boss_relics":[{"not_picked":["Fusion Hammer","Mark of Pain"],"picked":"Runic Pyramid"}],"items_purged_floors":[22],"is_endless":false,"potions_floor_spawned":[1,3,10,21,27,28],"killed_by":"Champ","ascension_level":14}}