{"host":"78zdngn0u28jm0pp","time":1609225399,"event":{"mods":["BaseMod","Jorbs\u0027s Wanderer Trilogy","Minty Spire (QoL Compilation)","Permanent Neow","Quick Restart","Relic Stats","StSLib","Unceasing Turn Reminder"],"gold_per_floor":[111,122,122,122,140,140,61,105,186,186,211,211,242,256,256,346,346,360,374,374,50,100,144,144,144],"floor_reached":24,"playtime":1087,"items_purged":["Strike_G"],"score":448,"play_id":"49c4e26d-152b-466f-bb48-175f718c70a3","local_time":"20201229000319","is_ascension_mode":true,"campfire_choices":[{"data":"Neutralize","floor":6,"key":"SMITH"},{"data":"Bouncing Flask","floor":10,"key":"SMITH"},{"data":"Dagger Spray","floor":12,"key":"SMITH"},{"data":"Acrobatics","floor":15,"key":"SMITH"}],"circlet_count":0,"master_deck":["AscendersBane","Strike_G+1","Strike_G","Strike_G+1","Defend_G","Defend_G","Defend_G","Defend_G","Defend_G","Survivor","Neutralize+1","Flying Knee","Backflip","Acrobatics+1","Bouncing Flask+1","Dagger Spray+1","PiercingWail","Slice","Wraith Form v2","Burst","Footwork","Acrobatics"],"relics":["HoveringKite","Golden Idol","Anchor","Ninja Scroll","Whetstone","Fusion Hammer","Medical Kit","Smiling Mask"],"acts_visited":["Exordium","TheCity"],"potions_floor_usage":[8,13,16,18,23],"damage_taken":[{"damage":6,"enemies":"Jaw Worm","floor":1,"turns":4},{"damage":0,"enemies":"Small Slimes","floor":2,"turns":4},{"damage":2,"enemies":"Cultist","floor":5,"turns":5},{"damage":14,"enemies":"Lagavulin","floor":8,"turns":7},{"damage":1,"enemies":"Exordium Thugs","floor":11,"turns":3},{"damage":27,"enemies":"Gremlin Nob","floor":13,"turns":4},{"damage":0,"enemies":"3 Louse","floor":14,"turns":2},{"damage":9,"enemies":"Hexaghost","floor":16,"turns":9},{"damage":0,"enemies":"Shell Parasite","floor":18,"turns":4},{"damage":1,"enemies":"Chosen","floor":19,"turns":5},{"damage":32,"enemies":"Slavers","floor":23,"turns":7},{"damage":5,"enemies":"Centurion and Healer","floor":24,"turns":11}],"seed_played":"2640643309641290889","potions_obtained":[{"floor":1,"key":"Block Potion"},{"floor":5,"key":"Weak Potion"},{"floor":13,"key":"Swift Potion"},{"floor":14,"key":"SpeedPotion"},{"floor":19,"key":"EssenceOfSteel"},{"floor":23,"key":"LiquidMemories"}],"is_trial":false,"path_per_floor":["M","M","?","?","M","R","$","E","T","R","M","R","E","M","R","B",null,"M","M","?","$","?","E","M"],"character_chosen":"THE_SILENT","items_purchased":["Bouncing Flask","Medical Kit","Footwork"],"campfire_rested":0,"item_purchase_floors":[7,21,21],"current_hp_per_floor":[53,53,53,58,56,56,56,42,42,42,41,41,14,14,14,5,50,50,49,49,49,43,11,6,6],"gold":144,"neow_bonus":"BOSS_RELIC","is_daily":false,"chose_seed":false,"campfire_upgraded":4,"win_rate":0.0,"timestamp":1609225399,"path_taken":["M","M","?","?","M","R","?","E","T","R","M","R","E","M","R","BOSS","M","M","?","$","?","E","M"],"items_purchased_type":["Card","Relic","Card"],"build_version":"2020-12-22","purchased_purges":1,"victory":false,"max_hp_per_floor":[66,66,60,65,65,65,65,65,65,65,65,65,65,65,65,65,65,65,65,65,65,65,65,65,65],"relic_stats":{"counters":[12,64],"Golden Idol":60,"HoveringKite":[20],"Whetstone":["Strike_G","Strike_G"],"Medical Kit":[6],"Smiling Mask":0,"obtain_stats":[{"Anchor":8,"Golden Idol":3,"Ninja Scroll":9,"HoveringKite":0,"Fusion Hammer":17,"Whetstone":13,"Medical Kit":21,"Smiling Mask":23,"Ring of the Snake":0},{"Anchor":4,"Golden Idol":2,"Ninja Scroll":4,"HoveringKite":0,"Fusion Hammer":8,"Whetstone":6,"Medical Kit":10,"Smiling Mask":11,"Ring of the Snake":0},{"Anchor":20,"Golden Idol":8,"Ninja Scroll":20,"HoveringKite":0,"Fusion Hammer":38,"Whetstone":27,"Medical Kit":47,"Smiling Mask":54,"Ring of the Snake":0}]},"card_choices":[{"not_picked":["Choke","Deflect"],"picked":"Flying Knee","floor":1},{"not_picked":["Bane","Underhanded Strike"],"picked":"Backflip","floor":2},{"not_picked":["All Out Attack","Outmaneuver"],"picked":"Acrobatics","floor":5},{"not_picked":["Poisoned Stab","Finisher"],"picked":"Dagger Spray","floor":8},{"not_picked":["Distraction","Deflect"],"picked":"PiercingWail","floor":11},{"not_picked":["Setup","Predator"],"picked":"Slice","floor":13},{"not_picked":["Distraction","All Out Attack"],"picked":"Wraith Form v2","floor":14},{"not_picked":["A Thousand Cuts","Grand Finale"],"picked":"Burst","floor":16},{"not_picked":["Predator","Dodge and Roll","Flying Knee"],"picked":"SKIP","floor":18},{"not_picked":["Sucker Punch","Deadly Poison","Bane"],"picked":"SKIP","floor":19},{"not_picked":["Concentrate","Cloak And Dagger"],"picked":"Acrobatics","floor":23}],"player_experience":704217,"relics_obtained":[{"floor":8,"key":"Anchor"},{"floor":9,"key":"Ninja Scroll"},{"floor":13,"key":"Whetstone"},{"floor":23,"key":"Smiling Mask"}],"event_choices":[{"damage_healed":0,"gold_gain":0,"player_choice":"Lose Max HP","damage_taken":0,"relics_obtained":["Golden Idol"],"max_hp_gain":0,"max_hp_loss":6,"event_name":"Golden Idol","floor":3,"gold_loss":0},{"damage_healed":0,"gold_gain":0,"player_choice":"Donut","damage_taken":0,"max_hp_gain":5,"max_hp_loss":0,"event_name":"Big Fish","floor":4,"gold_loss":0},{"cards_removed":["Strike_G"],"damage_healed":0,"gold_gain":0,"player_choice":"Purged","damage_taken":0,"max_hp_gain":0,"max_hp_loss":0,"event_name":"Purifier","floor":20,"gold_loss":0},{"damage_healed":0,"gold_gain":50,"player_choice":"Touch","damage_taken":6,"max_hp_gain":0,"max_hp_loss":0,"event_name":"FaceTrader","floor":22,"gold_loss":0}],"is_beta":false,"boss_relics":[{"not_picked":["SacredBark","Busted Crown"],"picked":"Fusion Hammer"}],"items_purged_floors":[21],"is_endless":false,"potions_floor_spawned":[1,5,13,14,19,23],"killed_by":"Centurion and Healer","ascension_level":20}}