{"host":"i317trlt96c3w9hm","time":1609250715,"event":{"mods":["2.2 Compatiblity","AchievementEnabler","BaseMod","Better Note","CapriCore","Colored Powertips","GifTheSpireLib","Highlight Path","Minty Spire (QoL Compilation)","Reimu£®≤©¿ˆ¡È√Œ£©","StSLib"],"gold_per_floor":[118,68,68,68,78,104,117,152,228,228,248,275,286,321,321,432,432,413,422,444,354,354,396,418,461,515,554,33,58,102,131,131,243,243,267,285,344,367,389,430,439,439,439,439,132,132,155,198,198,198,198,198,18,56,56],"floor_reached":56,"playtime":4277,"items_purged":["Defend_Lin:ReiMu","Strike_Lin:ReiMu"],"score":1393,"play_id":"e26f1715-b611-4d43-8f91-7cf1a690e479","local_time":"20201229220515","is_ascension_mode":true,"campfire_choices":[{"floor":10,"key":"REST"},{"data":"SafetyPray:ReiMu","floor":15,"key":"SMITH"},{"data":"Mayhem","floor":32,"key":"SMITH"},{"data":"InherentArray:ReiMu","floor":44,"key":"SMITH"},{"floor":49,"key":"RECALL"},{"data":"FoulBorder2:ReiMu","floor":52,"key":"SMITH"}],"circlet_count":0,"master_deck":["Defend_Lin:ReiMu+1","Defend_Lin:ReiMu+1","NB:ReiMu","Stagnation:ReiMu","Authority:ReiMu+1","InherentArray:ReiMu+1","CareerPray:ReiMu","PrayRite:ReiMu","SafetyPray:ReiMu+1","OctopathBindingBorder2:ReiMu","LearningPray:ReiMu","Amulet:ReiMu","ShadowOfCrow2:ReiMu","RainPray2:ReiMu","YinYang:ReiMu","Revelation:ReiMu","Decay","FineLineFantasy:ReiMu+1","RainPray2:ReiMu+1","UniversalSpiritual:ReiMu+1","YinYangSign:ReiMu+1","TightArray:ReiMu","Mayhem+1","RainPray2:ReiMu","YinYangSange:ReiMu","CareerPray:ReiMu","Determination:ReiMu+1","SpringWay:ReiMu+1","Madness","Madness","Conquer:ReiMu+1","Intuition:ReiMu","InherentArray:ReiMu+1","AlertArray:ReiMu+1","Panacea","FoulBorder2:ReiMu+1","PrepareRite:ReiMu","MikOfLucky:ReiMu","Gathering:ReiMu+1"],"relics":["FlyPower:ReiMu","Thread and Needle","Lantern","Juzu Bracelet","CeramicFish","Black Star","Salt:ReiMu","Toy Ornithopter","Mummified Hand","Oddly Smooth Stone","MawBank","Sling","Bronze Scales","Torii","BodyOfKamiR:ReiMu","Sozu","Peace Pipe","Blood Vial","Pear","Pocketwatch","Medical Kit","PreservedInsect","White Beast Statue","Omamori","Bow_fan:ReiMu","Whetstone","Ginger"],"acts_visited":["Exordium","TheCity","TheBeyond","TheEnding"],"potions_floor_usage":[8,8,12,16,16,25,30,48],"damage_taken":[{"damage":0.0,"enemies":"2 Louse","floor":1.0,"turns":6.0},{"damage":1.0,"enemies":"Jaw Worm","floor":5.0,"turns":7.0},{"damage":29.0,"enemies":"3 Sentries","floor":6.0,"turns":16.0},{"damage":0.0,"enemies":"Small Slimes","floor":7.0,"turns":3.0},{"damage":14,"enemies":"Gremlin Nob","floor":8,"turns":4},{"damage":6,"enemies":"Exordium Thugs","floor":11,"turns":7},{"damage":5,"enemies":"3 Sentries","floor":12,"turns":5},{"damage":0,"enemies":"Looter","floor":13,"turns":3},{"damage":1,"enemies":"Lagavulin","floor":14,"turns":6},{"damage":3,"enemies":"The Guardian","floor":16,"turns":10},{"damage":11,"enemies":"2 Thieves","floor":18,"turns":5},{"damage":1,"enemies":"Spheric Guardian","floor":20,"turns":8},{"damage":28,"enemies":"Gremlin Leader","floor":23,"turns":6},{"damage":0,"enemies":"3 Cultists","floor":24,"turns":4},{"damage":6,"enemies":"Book of Stabbing","floor":25,"turns":6},{"damage":0,"enemies":"Centurion and Healer","floor":27,"turns":5},{"damage":2,"enemies":"Snecko","floor":29,"turns":4},{"damage":8,"enemies":"Slavers","floor":30,"turns":4},{"damage":0,"enemies":"Shelled Parasite and Fungi","floor":31,"turns":3},{"damage":7,"enemies":"Champ","floor":33,"turns":7},{"damage":17,"enemies":"3 Shapes","floor":35,"turns":3},{"damage":0,"enemies":"Mind Bloom Boss Battle","floor":37,"turns":5},{"damage":0,"enemies":"3 Darklings","floor":38,"turns":4},{"damage":6,"enemies":"Spire Growth","floor":39,"turns":4},{"damage":0,"enemies":"Giant Head","floor":40,"turns":7},{"damage":18,"enemies":"Nemesis","floor":48,"turns":5},{"damage":9,"enemies":"Donu and Deca","floor":50,"turns":7},{"damage":3,"enemies":"Shield and Spear","floor":54,"turns":5},{"damage":38,"enemies":"The Heart","floor":55,"turns":8}],"seed_played":"466592666349061944","potions_obtained":[{"floor":5.0,"key":"LiquidFlight:ReiMu"},{"floor":6.0,"key":"Explosive Potion"},{"floor":8,"key":"SkillPotion"},{"floor":13,"key":"DistilledChaos"},{"floor":14,"key":"BlessingOfTheForge"},{"floor":20,"key":"BottledKami:ReiMu"},{"floor":23,"key":"SteroidPotion"},{"floor":29,"key":"PinkPotion:ReiMu"},{"floor":30,"key":"Weak Potion"}],"is_trial":false,"path_per_floor":["M","?","?","?","M","E","M","E","T","R","M","E","M","E","R","B",null,"M","?","M","?","?","E","M","E","T","M","$","M","E","M","R","B",null,"M","?","?","M","M","E","?","?","T","R","$","?","T","E","R","B",null,"R","$","E","B",null],"character_chosen":"REIMU","items_purchased":["Sling","Bronze Scales","Mayhem","FoulBorder2:ReiMu","Medical Kit","Bow_fan:ReiMu","MikOfLucky:ReiMu"],"campfire_rested":1,"item_purchase_floors":[28,28,28,45,45,53,53],"current_hp_per_floor":[65,65,52,52,51,22,22,8,8,27,21,16,16,15,15,12,65,54,54,53,53,53,25,25,24,24,24,24,22,19,19,19,12,65,48,40,40,40,34,44,44,44,44,44,44,44,44,33,33,26,75,75,75,72,36],"gold":56,"neow_bonus":"TRANSFORM_CARD","is_daily":false,"chose_seed":false,"campfire_upgraded":4,"win_rate":0.0,"timestamp":1609250715,"path_taken":["M","?","?","?","M","E","M","E","T","R","?","E","M","E","R","BOSS","M","?","M","?","?","E","M","E","T","M","$","M","E","M","R","BOSS","M","?","?","M","M","E","?","?","T","R","$","?","?","E","R","BOSS","R","$","E","BOSS"],"items_purchased_type":["Relic","Relic","Card","Card","Relic","Relic","Card"],"build_version":"2020-12-22","purchased_purges":2,"victory":true,"max_hp_per_floor":[65,65,65,65,65,65,65,65,65,65,65,65,65,65,65,65,65,65,65,65,65,65,65,65,65,65,65,65,65,65,65,65,65,65,65,65,65,65,65,75,75,75,75,75,75,75,75,75,75,75,75,75,75,75,75],"card_choices":[{"not_picked":["RainPray2:ReiMu","PayForSelf:ReiMu"],"picked":"InherentArray:ReiMu","floor":1.0},{"not_picked":["TightArray:ReiMu","SubcavityInstant:ReiMu"],"picked":"CareerPray:ReiMu","floor":5.0},{"not_picked":["AlertArray:ReiMu","SpreadBorder2:ReiMu"],"picked":"PrayRite:ReiMu","floor":6.0},{"not_picked":["OrbThrow:ReiMu","SubcavityInstant:ReiMu"],"picked":"SafetyPray:ReiMu","floor":7.0},{"not_picked":["DoubleButterfly:ReiMu","SubAcupoint:ReiMu"],"picked":"OctopathBindingBorder2:ReiMu","floor":8},{"not_picked":["DoubleButterfly:ReiMu","EmergencyTakeOff:ReiMu"],"picked":"LearningPray:ReiMu","floor":11},{"not_picked":["SubcavityInstant:ReiMu","ManaGlint:ReiMu"],"picked":"Amulet:ReiMu","floor":12},{"not_picked":["KyokaiOfKami:ReiMu","Conquer:ReiMu"],"picked":"ShadowOfCrow2:ReiMu","floor":13},{"not_picked":["SpringWay:ReiMu","BarrageOfMoneybags:ReiMu"],"picked":"RainPray2:ReiMu","floor":14},{"not_picked":["PrayRite:ReiMu","SubcavityFantasy:ReiMu"],"picked":"YinYang:ReiMu","floor":16},{"not_picked":["RainPray2:ReiMu","ManaGlint:ReiMu"],"picked":"Revelation:ReiMu","floor":18},{"not_picked":["SafetyPray:ReiMu","AirStrike:ReiMu+1"],"picked":"FineLineFantasy:ReiMu+1","floor":20},{"not_picked":["SubAcupoint:ReiMu","SpiritualOutbreak2:ReiMu"],"picked":"RainPray2:ReiMu+1","floor":23},{"not_picked":["CareerPray:ReiMu+1","SubAcupoint:ReiMu+1"],"picked":"UniversalSpiritual:ReiMu+1","floor":24},{"not_picked":["LovePray:ReiMu","Determination:ReiMu"],"picked":"YinYangSign:ReiMu","floor":25},{"not_picked":["PayForSelf:ReiMu","AirStrike:ReiMu"],"picked":"TightArray:ReiMu","floor":27},{"not_picked":["SubcavityInstant:ReiMu","TakeOff:ReiMu"],"picked":"RainPray2:ReiMu","floor":29},{"not_picked":["Crusade:ReiMu","PhosphorusFlame:ReiMu"],"picked":"YinYangSange:ReiMu","floor":30},{"not_picked":["Intuition:ReiMu","Amulet:ReiMu"],"picked":"CareerPray:ReiMu","floor":31},{"not_picked":["CardOfSanctity:ReiMu","Shading:ReiMu"],"picked":"Determination:ReiMu","floor":33},{"not_picked":["SpreadBorder2:ReiMu+1","SubAcupoint:ReiMu"],"picked":"SpringWay:ReiMu+1","floor":35},{"not_picked":["KamiSacrifice:ReiMu","SpringWay:ReiMu"],"picked":"Conquer:ReiMu+1","floor":37},{"not_picked":["Conquer:ReiMu+1","TightArray:ReiMu"],"picked":"Intuition:ReiMu","floor":38},{"not_picked":["SpreadBorder2:ReiMu","SafetyPray:ReiMu+1"],"picked":"InherentArray:ReiMu","floor":39},{"not_picked":["SubcavityFantasy:ReiMu","SpringWay:ReiMu+1"],"picked":"AlertArray:ReiMu+1","floor":40},{"not_picked":["Dark Shackles","Blind"],"picked":"Panacea","floor":41},{"not_picked":["YinYangSign:ReiMu+1","AirStrike:ReiMu"],"picked":"PrepareRite:ReiMu","floor":48},{"not_picked":["EmergencyTakeOff:ReiMu+1","SealNeedle:ReiMu+1"],"picked":"Gathering:ReiMu+1","floor":54}],"player_experience":53977,"relics_obtained":[{"floor":6.0,"key":"Thread and Needle"},{"floor":8,"key":"Lantern"},{"floor":12,"key":"Juzu Bracelet"},{"floor":14,"key":"CeramicFish"},{"floor":23,"key":"Salt:ReiMu"},{"floor":23,"key":"Toy Ornithopter"},{"floor":25,"key":"Mummified Hand"},{"floor":25,"key":"Oddly Smooth Stone"},{"floor":26,"key":"MawBank"},{"floor":30,"key":"Torii"},{"floor":30,"key":"BodyOfKamiR:ReiMu"},{"floor":37,"key":"Peace Pipe"},{"floor":40,"key":"Blood Vial"},{"floor":40,"key":"Pear"},{"floor":43,"key":"Pocketwatch"},{"floor":47,"key":"PreservedInsect"},{"floor":48,"key":"White Beast Statue"},{"floor":48,"key":"Omamori"},{"floor":54,"key":"Whetstone"},{"floor":54,"key":"Ginger"}],"event_choices":[{"cards_removed":["Strike_Lin:ReiMu"],"damage_healed":0.0,"max_hp_gain":0.0,"max_hp_loss":0.0,"gold_gain":0.0,"event_name":"The Cleric","player_choice":"Card Removal","floor":2.0,"gold_loss":50.0,"damage_taken":0.0},{"damage_healed":0.0,"max_hp_gain":0.0,"max_hp_loss":0.0,"gold_gain":0.0,"event_name":"Shining Light","player_choice":"Entered Light","floor":3.0,"gold_loss":0.0,"damage_taken":13.0,"cards_upgraded":["Defend_Lin:ReiMu","Authority:ReiMu"]},{"damage_healed":0.0,"max_hp_gain":0.0,"max_hp_loss":0.0,"gold_gain":0.0,"event_name":"Upgrade Shrine","player_choice":"Upgraded","floor":4.0,"gold_loss":0.0,"damage_taken":0.0,"cards_upgraded":["InherentArray:ReiMu"]},{"damage_healed":0,"gold_gain":0,"player_choice":"Cursed","damage_taken":0,"max_hp_gain":0,"max_hp_loss":0,"event_name":"Wheel of Change","floor":19,"gold_loss":0,"cards_obtained":["Decay"]},{"cards_removed":["Strike_Lin:ReiMu"],"damage_healed":0,"gold_gain":0,"player_choice":"Upgrade and Remove","damage_taken":0,"max_hp_gain":0,"max_hp_loss":0,"event_name":"Designer","floor":21,"gold_loss":90,"cards_upgraded":["Defend_Lin:ReiMu"]},{"damage_healed":0,"gold_gain":0,"player_choice":"Ignored","damage_taken":0,"max_hp_gain":0,"max_hp_loss":0,"event_name":"N\u0027loth","floor":22,"gold_loss":0},{"damage_healed":0,"gold_gain":0,"player_choice":"Embrace Madness","damage_taken":8,"max_hp_gain":0,"max_hp_loss":0,"event_name":"Winding Halls","floor":36,"gold_loss":0,"cards_obtained":["Madness","Madness"]},{"damage_healed":0,"gold_gain":0,"player_choice":"Fight","damage_taken":0,"max_hp_gain":0,"max_hp_loss":0,"event_name":"MindBloom","floor":37,"gold_loss":0},{"damage_healed":0,"gold_gain":0,"player_choice":"Memory 1","damage_taken":0,"max_hp_gain":0,"max_hp_loss":0,"event_name":"SensoryStone","floor":41,"gold_loss":0},{"damage_healed":0,"gold_gain":0,"player_choice":"Ignored","damage_taken":0,"max_hp_gain":0,"max_hp_loss":0,"event_name":"Tomb of Lord Red Mask","floor":42,"gold_loss":0},{"cards_removed":["Defend_Lin:ReiMu"],"damage_healed":0,"gold_gain":0,"player_choice":"Removed Skill","damage_taken":0,"max_hp_gain":0,"max_hp_loss":0,"event_name":"Falling","floor":46,"gold_loss":0}],"is_beta":false,"boss_relics":[{"not_picked":["RedLine:ReiMu","CrownOfHeavens:ReiMu"],"picked":"Black Star"},{"not_picked":["Calling Bell","Runic Dome"],"picked":"Sozu"}],"items_purged_floors":[28,45],"is_endless":false,"potions_floor_spawned":[5,6,8,13,14,20,23,29,30,39,40,48,54],"ascension_level":1}}