{"host":"a1u4jo6xlg3w0wsm","time":1609281921,"event":{"mods":["BaseMod","Better Third Choice","DeckTracker","Downfall","Hermit","Hubris","Minty Spire (QoL Compilation)","Rare Cards Sparkle","Replay The Spire","StSLib"],"gold_per_floor":[111,14,14,28,28,56,56,88,115,129,146,146,160,310,310,310,310],"floor_reached":16,"playtime":1230,"items_purged":[],"score":116,"play_id":"365ce77c-9bf0-48c7-a7ab-bd86b3c5fc96","local_time":"20201230114521","is_ascension_mode":true,"campfire_choices":[{"floor":7.0,"key":"REST"},{"data":"Sunder","floor":12.0,"key":"SMITH"},{"floor":15.0,"key":"REST"}],"circlet_count":0,"master_deck":["Strike_B","Strike_B","Strike_B","Strike_B","Defend_B","Defend_B","Defend_B","Defend_B","Zap","Dualcast","Sunder+1","expansioncontent:PrepareCrush+1","Time Bomb","Burn","Heatsinks","Reboot","Compile Driver","ReplayTheSpireMod:System Scan","ReplayTheSpireMod:Reroute Power","Delirium"],"relics":["Cracked Core","Incense Burner","hubris:MysteriousPyramids","hubris:BallOfYels","ReplayTheSpireMod:CursedCoin","Durian"],"acts_visited":["Exordium"],"potions_floor_usage":[16],"damage_taken":[{"damage":2.0,"enemies":"Jaw Worm","floor":1.0,"turns":4.0},{"damage":1.0,"enemies":"Cultist","floor":4.0,"turns":3.0},{"damage":25.0,"enemies":"Lagavulin","floor":6.0,"turns":6.0},{"damage":18.0,"enemies":"3 Sentries","floor":8.0,"turns":9.0},{"damage":9.0,"enemies":"Small Slimes","floor":10.0,"turns":3.0},{"damage":5.0,"enemies":"3 Louse","floor":11.0,"turns":3.0},{"damage":5.0,"enemies":"Looter","floor":13.0,"turns":4.0},{"damage":54,"enemies":"The Guardian","floor":16,"turns":10}],"seed_played":"4301342410321852371","potions_obtained":[{"floor":1.0,"key":"CultistPotion"},{"floor":8.0,"key":"Adrenaline Potion"},{"floor":10.0,"key":"PotionOfCapacity"},{"floor":11.0,"key":"Doom Potion"}],"is_trial":false,"path_per_floor":["M","$","?","M","?","E","R","E","T","M","M","R","M","$","R","B"],"character_chosen":"DEFECT","items_purchased":["Fruit Juice","ReplayTheSpireMod:CursedCoin","Durian"],"campfire_rested":2,"item_purchase_floors":[2,14,14],"current_hp_per_floor":[73,78,78,77,77,52,76,58,58,49,44,44,39,24,49,0,0],"gold":310,"neow_bonus":"RANDOM_COLORLESS","is_daily":false,"chose_seed":false,"campfire_upgraded":1,"win_rate":0.0,"timestamp":1609281921,"path_taken":["M","$","?","M","?","E","R","E","T","M","M","R","M","?","R","BOSS"],"items_purchased_type":["Potion","Relic","Relic"],"build_version":"2020-12-13","purchased_purges":0,"victory":false,"max_hp_per_floor":[75,80,80,80,80,80,80,80,80,80,80,80,80,85,85,85,85],"card_choices":[{"not_picked":["expansioncontent:PolyBeam","Replay:Bootleg Shield Generator"],"picked":"Replay:SS_hec_4","floor":0.0},{"not_picked":["Barrage","Chaos"],"picked":"Sunder","floor":1.0},{"not_picked":["Turbo","Gash"],"picked":"Time Bomb","floor":4.0},{"not_picked":["Go for the Eyes","Ball Lightning"],"picked":"Heatsinks","floor":6.0},{"not_picked":["hubris:PowerSurge","Doom and Gloom"],"picked":"Reboot","floor":8.0},{"not_picked":["Go for the Eyes","Panic Button"],"picked":"Compile Driver","floor":10.0},{"not_picked":["Rebound","Meteor Strike"],"picked":"ReplayTheSpireMod:System Scan","floor":11.0},{"not_picked":["Stack","FTL"],"picked":"ReplayTheSpireMod:Reroute Power","floor":13.0}],"player_experience":232381,"relics_obtained":[{"floor":6.0,"key":"Incense Burner"},{"floor":8.0,"key":"hubris:MysteriousPyramids"},{"floor":9.0,"key":"hubris:BallOfYels"}],"event_choices":[{"damage_healed":77.0,"max_hp_gain":0.0,"max_hp_loss":80.0,"gold_gain":0.0,"event_name":"betterThird:BetterShining","player_choice":"Embrace Burn","floor":5.0,"gold_loss":0.0,"damage_taken":0.0}],"is_beta":false,"boss_relics":[],"items_purged_floors":[],"is_endless":false,"potions_floor_spawned":[1,8,10,11],"killed_by":"The Guardian","ascension_level":1}}