{"host":"qhn6g0owdgjb77rz","time":1609245027,"event":{"mods":["BaseMod","BetterRewards","Colored Map","Minty Spire (QoL Compilation)","Relic Sorter","Replay The Spire","StSLib"],"gold_per_floor":[41,41,57,71,85,116,116,143,143,170,70,70,70,84,84,185,185,205,219,29,29,43,73,73,101,101,114,114,134,163,190,190,306,306,340,340,364,364,364,401,401,450,450,497,497,517,517,549,595,32,32,50],"floor_reached":53,"playtime":2973,"items_purged":["Strike_P","Dramatic Entrance"],"score":1678,"play_id":"3c19edfa-00e7-4951-9c96-508534d0a605","local_time":"20201229213027","is_ascension_mode":true,"campfire_choices":[{"data":"BattleHymn","floor":7.0,"key":"SMITH"},{"data":"ReplayUltimateDefense","floor":12.0,"key":"SMITH"},{"data":"TalkToTheHand","floor":15.0,"key":"SMITH"},{"data":"ReplayTheSpireMod:Brewmster","floor":24.0,"key":"SMITH"},{"data":"ForeignInfluence","floor":28.0,"key":"SMITH"},{"floor":32,"key":"DIG"},{"data":"Protect","floor":43,"key":"SMITH"},{"data":"Protect","floor":47,"key":"SMITH"},{"data":"Discovery","floor":51,"key":"SMITH"}],"circlet_count":0,"master_deck":["AscendersBane","Strike_P","Strike_P","Strike_P","Defend_P","Defend_P","Defend_P","Eruption","Vigilance","TalkToTheHand+1","BattleHymn+1","ReplayTheSpireMod:Necrogeddon","CarveReality","Study+1","SashWhip","Crescendo","Vault","ReplayUltimateDefense+1","Trip","Establishment+1","ForeignInfluence+1","ReplayTheSpireMod:Brewmster+1","EmptyBody","EmptyBody+1","Protect+1","EmptyBody+1","DeusExMachina","CarveReality+1","CarveReality","Protect+1","ReachHeaven+1","TalkToTheHand+1","Discovery+1"],"relics":["HolyWater","Incense Burner","Toy Ornithopter","Turnip","Quantum Egg","Bronze Scales","The Courier","Eternal Feather","Replay:Bottled Snecko","ReplayTheSpireMod:ShopPack","Pantograph","Du-Vu Doll","Replay:Bottled Flurry","Replay:Bandana","Pen Nib","SacredBark","Anchor","Boot","ReplayTheSpireMod:Lightbulb","Bag of Marbles","Membership Card","Oddly Smooth Stone","Onion Ring","HornCleat","Replay:Rubber Ducky"],"acts_visited":["Exordium","TheCity","TheBeyond"],"potions_floor_usage":[29,29,30,31,35,37,42,46,46,49,52,52],"damage_taken":[{"damage":0.0,"enemies":"2 Louse","floor":1.0,"turns":1.0},{"damage":0.0,"enemies":"Cultist","floor":3.0,"turns":2.0},{"damage":0.0,"enemies":"Jaw Worm","floor":4.0,"turns":1.0},{"damage":0.0,"enemies":"Looter","floor":5.0,"turns":2.0},{"damage":6.0,"enemies":"Replay:BlueRogue","floor":6.0,"turns":4.0},{"damage":0.0,"enemies":"Gremlin Nob","floor":8.0,"turns":2.0},{"damage":0.0,"enemies":"Lagavulin","floor":10.0,"turns":4.0},{"damage":0.0,"enemies":"Blue Slaver","floor":14.0,"turns":1.0},{"damage":0.0,"enemies":"The Guardian","floor":16.0,"turns":5.0},{"damage":0.0,"enemies":"Spheric Guardian","floor":18.0,"turns":3.0},{"damage":26.0,"enemies":"2 Thieves","floor":19.0,"turns":3.0},{"damage":8.0,"enemies":"Cultist and Chosen","floor":22.0,"turns":3.0},{"damage":13.0,"enemies":"Replay:Snechameleon","floor":23.0,"turns":4.0},{"damage":0.0,"enemies":"Gremlin Leader","floor":25.0,"turns":3.0},{"damage":18.0,"enemies":"Snake Plant","floor":27.0,"turns":3.0},{"damage":2,"enemies":"3 Cultists","floor":29,"turns":4},{"damage":6,"enemies":"Replay:Snechameleon","floor":30,"turns":3},{"damage":0,"enemies":"Shelled Parasite and Fungi","floor":31,"turns":3},{"damage":0,"enemies":"Champ","floor":33,"turns":6},{"damage":17,"enemies":"3 Darklings","floor":35,"turns":4},{"damage":1,"enemies":"Orb Walker","floor":37,"turns":2},{"damage":0,"enemies":"3 Darklings","floor":40,"turns":3},{"damage":0,"enemies":"R_Hoarder","floor":42,"turns":7},{"damage":1,"enemies":"Nemesis","floor":44,"turns":4},{"damage":0,"enemies":"Writhing Mass","floor":46,"turns":5},{"damage":1,"enemies":"Maw","floor":48,"turns":4},{"damage":0,"enemies":"R_Hoarder","floor":49,"turns":7},{"damage":0,"enemies":"Replay:Hell Engine","floor":52,"turns":2}],"seed_played":"1784576533818409389","potions_obtained":[{"floor":5.0,"key":"LifebloodPotion"},{"floor":10.0,"key":"Venom Potion"},{"floor":13.0,"key":"DuplicationPotion"},{"floor":13.0,"key":"DuplicationPotion"},{"floor":18.0,"key":"Regen Potion"},{"floor":19.0,"key":"Ambrosia"},{"floor":35,"key":"Fire Potion"},{"floor":37,"key":"Block Potion"},{"floor":46,"key":"BlessingOfTheForge"}],"is_trial":false,"path_per_floor":["M","?","M","M","M","E","R","E","T","E","$","R","?","M","R_BF","B",null,"M","M","$","?","M","E","R","E","T","M","R","M","E","M","R_BF","B",null,"M","?","M","PTL","PTL","M","?","E","R","E","T","M","R","M","E","$","R","B",null],"character_chosen":"WATCHER","items_purchased":["TalkToTheHand","BattleHymn","ReplayTheSpireMod:Necrogeddon","Incense Burner","Toy Ornithopter","Quantum Egg","CarveReality","Study","Strength Potion","BottledMiracle","ReplayTheSpireMod:ShopPack","ReplayTheSpireMod:Brewmster","Membership Card","Oddly Smooth Stone","Onion Ring","HornCleat","Replay:Rubber Ducky","Discovery","DuplicationPotion"],"campfire_rested":0,"item_purchase_floors":[0,0,0,0,0,0,0,0,0,0,11,20,50,50,50,50,50,50,50],"current_hp_per_floor":[65,65,65,65,70,69,69,69,69,69,69,72,72,72,72,72,72,72,46,46,46,57,44,59,64,64,46,61,69,66,71,72,72,72,60,60,64,64,64,64,64,68,68,67,67,68,68,67,68,68,68,68],"gold":50,"neow_bonus":"","is_daily":false,"chose_seed":false,"campfire_upgraded":8,"win_rate":0.0,"timestamp":1609245027,"path_taken":["M","?","M","M","M","E","R","E","T","E","?","R","?","M","R_BF","BOSS","M","M","?","?","M","E","R","E","T","M","R","?","E","M","R_BF","BOSS","M","?","M","PTL","PTL","M","?","E","R","E","T","M","R","M","E","$","R","BOSS"],"items_purchased_type":["Card","Card","Card","Relic","Relic","Relic","Card","Card","Potion","Potion","Relic","Card","Relic","Relic","Relic","Relic","Relic","Card","Potion"],"build_version":"2020-12-22","purchased_purges":2,"victory":true,"max_hp_per_floor":[72,72,72,72,72,72,72,72,72,72,72,72,72,72,72,72,72,72,72,72,72,72,72,72,72,72,72,72,72,72,72,72,72,72,72,68,68,68,68,68,68,68,68,68,68,68,68,68,68,68,68,68],"card_choices":[{"not_picked":["ThirdEye","Replay:AtTheReady","JustLucky"],"picked":"SKIP","floor":1.0},{"not_picked":["ThirdEye","Replay:AtTheReady","JustLucky"],"picked":"SKIP","floor":1.0},{"not_picked":["CutThroughFate","Protect","Collect"],"picked":"SKIP","floor":3.0},{"not_picked":["Replay:Battleflow","WaveOfTheHand"],"picked":"SashWhip","floor":4.0},{"not_picked":["EmptyBody","SignatureMove"],"picked":"Crescendo","floor":5.0},{"not_picked":["Vengeance","Prostrate","Replay:BluntJabs"],"picked":"SKIP","floor":6.0},{"not_picked":["EmptyBody","FollowUp"],"picked":"Vault","floor":8.0},{"not_picked":["EmptyMind","Crescendo","Study"],"picked":"SKIP","floor":10.0},{"not_picked":["Mayhem","Thinking Ahead"],"picked":"ReplayUltimateDefense","floor":11.0},{"not_picked":["Madness","Replay:Parry"],"picked":"Dramatic Entrance","floor":11.0},{"not_picked":["Panacea","PanicButton"],"picked":"Trip","floor":11.0},{"not_picked":["EmptyFist","SashWhip","Replay:ManipulateFuture"],"picked":"SKIP","floor":14.0},{"not_picked":["Omniscience","Brilliance"],"picked":"Establishment","floor":16.0},{"not_picked":["FlyingSleeves","Replay:AtTheReady"],"picked":"ForeignInfluence","floor":18.0},{"not_picked":["FlurryOfBlows","Consecrate","ThirdEye"],"picked":"SKIP","floor":19.0},{"not_picked":["MentalFortress","Replay:Anticipation","Perseverance"],"picked":"SKIP","floor":22.0},{"not_picked":["Replay:BluntJabs","FollowUp"],"picked":"EmptyBody","floor":23.0},{"not_picked":["Replay:ManipulateFuture","ThirdEye"],"picked":"EmptyBody+1","floor":25.0},{"not_picked":["EmptyMind","JustLucky","SpiritShield"],"picked":"SKIP","floor":27.0},{"not_picked":["Replay:Vibes","Replay:BluntJabs","CutThroughFate+1"],"picked":"SKIP","floor":29},{"not_picked":["Replay:Vibes","Replay:BluntJabs","CutThroughFate+1"],"picked":"SKIP","floor":29},{"not_picked":["Establishment","FlyingSleeves"],"picked":"Protect","floor":30},{"not_picked":["Protect","Prostrate"],"picked":"EmptyBody+1","floor":31},{"not_picked":["Brilliance","MasterReality"],"picked":"DeusExMachina","floor":33},{"not_picked":["Prostrate+1","Conclude","FollowUp"],"picked":"SKIP","floor":35},{"not_picked":["Replay:AtTheReady","FlurryOfBlows+1"],"picked":"CarveReality+1","floor":37},{"not_picked":["ClearTheMind+1","Prostrate+1"],"picked":"CarveReality","floor":40},{"not_picked":["Brilliance","Replay:Anticipation"],"picked":"Protect","floor":42},{"not_picked":["JustLucky","Replay:BluntJabs+1","ClearTheMind+1"],"picked":"SKIP","floor":44},{"not_picked":["EmptyFist","ClearTheMind+1"],"picked":"ReachHeaven+1","floor":46},{"not_picked":["Halt","ClearTheMind","MentalFortress"],"picked":"SKIP","floor":48},{"not_picked":["WreathOfFlame+1","Weave"],"picked":"TalkToTheHand+1","floor":49}],"player_experience":395323,"relics_obtained":[{"floor":6.0,"key":"Bronze Scales"},{"floor":8.0,"key":"The Courier"},{"floor":9.0,"key":"Eternal Feather"},{"floor":10.0,"key":"Replay:Bottled Snecko"},{"floor":23.0,"key":"Pantograph"},{"floor":25.0,"key":"Du-Vu Doll"},{"floor":26.0,"key":"Replay:Bottled Flurry"},{"floor":30,"key":"Replay:Bandana"},{"floor":32,"key":"Pen Nib"},{"floor":42,"key":"Anchor"},{"floor":44,"key":"Boot"},{"floor":45,"key":"ReplayTheSpireMod:Lightbulb"},{"floor":49,"key":"Bag of Marbles"}],"event_choices":[{"damage_healed":0.0,"max_hp_gain":0.0,"max_hp_loss":0.0,"gold_gain":0.0,"event_name":"Upgrade Shrine","player_choice":"Upgraded","floor":2.0,"gold_loss":0.0,"damage_taken":0.0,"cards_upgraded":["Study"]},{"damage_healed":0.0,"max_hp_gain":0.0,"max_hp_loss":0.0,"gold_gain":0.0,"event_name":"Lab","player_choice":"Got Potions","floor":13.0,"gold_loss":0.0,"damage_taken":0.0},{"damage_healed":0.0,"max_hp_gain":0.0,"max_hp_loss":0.0,"gold_gain":0.0,"event_name":"Upgrade Shrine","player_choice":"Upgraded","floor":21.0,"gold_loss":0.0,"damage_taken":0.0,"cards_upgraded":["Establishment"]},{"damage_healed":0,"gold_gain":0,"player_choice":"Max HP","damage_taken":0,"max_hp_gain":0,"max_hp_loss":4,"event_name":"Winding Halls","floor":36,"gold_loss":0},{"cards_removed":["Defend_P"],"damage_healed":0,"gold_gain":0,"player_choice":"Removed Skill","damage_taken":0,"max_hp_gain":0,"max_hp_loss":0,"event_name":"Falling","floor":41,"gold_loss":0}],"is_beta":false,"boss_relics":[{"not_picked":["Coffee Dripper","Replay:Drink Me"],"picked":"HolyWater"},{"not_picked":["Pandora\u0027s Box","ChewingGum"],"picked":"SacredBark"}],"items_purged_floors":[20,50],"is_endless":false,"potions_floor_spawned":[1,5,10,18,19,27,30,35,37,46],"ascension_level":12}}