{"host":"m3herrhkesxm9ooc","time":1609243416,"event":{"mods":["BaseMod","Hermit","Minty Spire (QoL Compilation)","StSLib","The Hierophant"],"gold_per_floor":[112,112,130,150,165,165,190,209,232,232,232,244,264,274,274,347,347,366,376,56,73,93,124,124,21,44,56,56,73,73,100,100,175,175,195,37,47,64,339,339,367,367,420,440,52,52,68,68,68,68],"floor_reached":51,"playtime":2285,"items_purged":[],"score":1367,"play_id":"c8264a60-f6d3-44e6-8259-5acc8e28b7b8","local_time":"20201229210336","is_ascension_mode":true,"campfire_choices":[{"data":"hermit:FlashPowder","floor":6.0,"key":"SMITH"},{"floor":10.0,"key":"REST"},{"floor":15,"key":"REST"},{"floor":24,"key":"REST"},{"floor":30,"key":"REST"},{"data":"hermit:Maintenance","floor":32,"key":"SMITH"},{"floor":40,"key":"REST"},{"floor":42,"key":"REST"},{"data":"hermit:Gestalt","floor":46,"key":"SMITH"},{"data":"hermit:HeroicBravado","floor":49,"key":"SMITH"}],"circlet_count":0,"master_deck":["AscendersBane","hermit:Strike_Hermit","hermit:Strike_Hermit","hermit:Strike_Hermit","hermit:Strike_Hermit","hermit:Defend_Hermit","hermit:Defend_Hermit+1","hermit:Defend_Hermit","hermit:Snapshot","hermit:Covet","hermit:BodyArmor","hermit:WideOpen","hermit:Grudge","hermit:FlashPowder+1","hermit:Gestalt+1","hermit:NoHoldsBarred","hermit:ShadowCloak","hermit:Maintenance+1","hermit:Headshot","hermit:FatalDesire","hermit:Headshot","hermit:Shortfuse","hermit:Spite","hermit:Gestalt+1","hermit:Virtue","hermit:Horror","hermit:BlackWind","hermit:Deadeye","hermit:HeroicBravado+1","hermit:HighCaliber+1","hermit:Glare","hermit:Virtue","Regret","hermit:Coalescence+1","hermit:FlashPowder+1","hermit:LowProfile"],"relics":["hermit:Momento","NeowsBlessing","Eternal Feather","Nunchaku","WarpedTongs","Velvet Choker","Meat on the Bone","War Paint","hermit:RyeStalk","Pen Nib","Mercury Hourglass","Empty Cage","Lantern","Kunai","Omamori","Bag of Marbles","TheAbacus"],"acts_visited":["Exordium","TheCity","TheBeyond"],"potions_floor_usage":[16,21,27,28,29,47,50],"damage_taken":[{"damage":0.0,"enemies":"2 Louse","floor":1.0,"turns":1.0},{"damage":0.0,"enemies":"Cultist","floor":3.0,"turns":1.0},{"damage":0.0,"enemies":"Jaw Worm","floor":4.0,"turns":1.0},{"damage":14.0,"enemies":"Red Slaver","floor":5.0,"turns":2.0},{"damage":26.0,"enemies":"Gremlin Nob","floor":7.0,"turns":5.0},{"damage":13.0,"enemies":"Lots of Slimes","floor":8.0,"turns":5.0},{"damage":2.0,"enemies":"Blue Slaver","floor":12.0,"turns":3.0},{"damage":3.0,"enemies":"Gremlin Gang","floor":13.0,"turns":2.0},{"damage":0,"enemies":"Large Slime","floor":14,"turns":4},{"damage":10,"enemies":"The Guardian","floor":16,"turns":10},{"damage":0,"enemies":"3 Byrds","floor":18,"turns":3},{"damage":0,"enemies":"Chosen","floor":19,"turns":5},{"damage":2,"enemies":"3 Cultists","floor":21,"turns":5},{"damage":4,"enemies":"Chosen and Byrds","floor":22,"turns":7},{"damage":21,"enemies":"Gremlin Leader","floor":23,"turns":7},{"damage":22,"enemies":"Shelled Parasite and Fungi","floor":27,"turns":5},{"damage":0,"enemies":"Book of Stabbing","floor":28,"turns":1},{"damage":5,"enemies":"Cultist and Chosen","floor":29,"turns":5},{"damage":3,"enemies":"Gremlin Leader","floor":31,"turns":7},{"damage":54,"enemies":"Collector","floor":33,"turns":8},{"damage":24,"enemies":"3 Shapes","floor":35,"turns":4},{"damage":26,"enemies":"3 Darklings","floor":37,"turns":3},{"damage":13,"enemies":"Spire Growth","floor":38,"turns":6},{"damage":40,"enemies":"Reptomancer","floor":41,"turns":5},{"damage":2,"enemies":"Maw","floor":44,"turns":8},{"damage":18,"enemies":"Sphere and 2 Shapes","floor":47,"turns":4},{"damage":38,"enemies":"Time Eater","floor":50,"turns":13}],"seed_played":"-7413701187551949624","potions_obtained":[{"floor":1.0,"key":"Ancient Potion"},{"floor":3.0,"key":"Energy Potion"},{"floor":8.0,"key":"DistilledChaos"},{"floor":13.0,"key":"Ancient Potion"},{"floor":19,"key":"Swift Potion"},{"floor":23,"key":"DuplicationPotion"},{"floor":27,"key":"SmokeBomb"},{"floor":38,"key":"BlessingOfTheForge"},{"floor":44,"key":"SpeedPotion"}],"is_trial":false,"path_per_floor":["M","?","M","M","M","R","E","M","T","R","?","M","M","M","R","B",null,"M","M","$","M","M","E","R","?","T","M","E","M","R","E","R","B",null,"M","$","M","M","?","R","E","R","T","M","$","R","M","?","R","B",null],"character_chosen":"HERMIT","items_purchased":["Meat on the Bone","hermit:Spite","Lantern","Bag of Marbles","Strength Potion","TheAbacus"],"campfire_rested":6,"item_purchase_floors":[20,20,36,45,45,45],"current_hp_per_floor":[64,64,64,64,50,50,24,11,11,41,41,39,36,36,69,59,68,68,68,68,66,62,41,71,71,71,49,49,44,71,68,71,29,61,37,37,23,22,22,61,33,71,71,69,69,71,53,53,71,45],"gold":68,"neow_bonus":"THREE_ENEMY_KILL","is_daily":false,"chose_seed":false,"campfire_upgraded":4,"win_rate":0.0,"timestamp":1609243416,"path_taken":["M","?","M","?","M","R","E","M","T","R","?","?","M","?","R","BOSS","M","M","$","M","M","E","R","?","T","?","E","M","R","E","R","BOSS","M","$","M","M","?","R","E","R","T","?","$","R","M","?","R","BOSS"],"items_purchased_type":["Relic","Card","Relic","Relic","Potion","Relic"],"build_version":"2020-12-22","purchased_purges":0,"victory":true,"max_hp_per_floor":[71,71,71,71,71,71,71,71,71,71,71,71,71,71,71,71,71,71,71,71,71,71,71,71,71,71,71,71,71,71,71,71,71,71,71,71,71,71,71,71,71,71,71,71,71,71,71,71,71,71],"card_choices":[{"not_picked":["hermit:LoneWolf","hermit:Snipe"],"picked":"hermit:BodyArmor","floor":1.0},{"not_picked":["hermit:Virtue","hermit:Ricochet"],"picked":"hermit:WideOpen","floor":3.0},{"not_picked":["hermit:EyeOfTheStorm","hermit:Vantage"],"picked":"hermit:Grudge","floor":4.0},{"not_picked":["hermit:LuckOfTheDraw","hermit:Dive"],"picked":"hermit:FlashPowder","floor":5.0},{"not_picked":["hermit:BlackWind","hermit:DeadMansHand"],"picked":"hermit:Gestalt","floor":7.0},{"not_picked":["hermit:Quickdraw","hermit:ItchyTrigger"],"picked":"hermit:NoHoldsBarred","floor":8.0},{"not_picked":["hermit:ItchyTrigger","hermit:Horror"],"picked":"hermit:ShadowCloak","floor":12.0},{"not_picked":["hermit:HoleUp","hermit:LuckOfTheDraw"],"picked":"hermit:Maintenance","floor":13.0},{"not_picked":["hermit:BodyArmor","hermit:ItchyTrigger"],"picked":"hermit:Headshot","floor":14},{"not_picked":["hermit:OverwhelmingPower","hermit:HeroicBravado"],"picked":"hermit:FatalDesire","floor":16},{"not_picked":["hermit:Desperado","hermit:CalledShot"],"picked":"hermit:Headshot","floor":18},{"not_picked":["hermit:Roulette","hermit:Brawl"],"picked":"hermit:Shortfuse","floor":19},{"not_picked":["hermit:Desperado","hermit:Showdown"],"picked":"hermit:Gestalt+1","floor":21},{"not_picked":["hermit:WideOpen","hermit:Roulette"],"picked":"hermit:Virtue","floor":22},{"not_picked":["hermit:SprayPray","hermit:Quickdraw","hermit:Vantage"],"picked":"SKIP","floor":23},{"not_picked":["hermit:TrackingShot","hermit:Feint+1"],"picked":"hermit:Horror","floor":27},{"not_picked":["hermit:TrackingShot","hermit:Quickdraw"],"picked":"hermit:BlackWind","floor":29},{"not_picked":["hermit:Snipe","hermit:TrackingShot"],"picked":"hermit:Deadeye","floor":31},{"not_picked":["hermit:Dissolve","hermit:EternalForm"],"picked":"hermit:HeroicBravado","floor":33},{"not_picked":["hermit:Ricochet+1","hermit:LowProfile"],"picked":"hermit:HighCaliber+1","floor":35},{"not_picked":["hermit:Manifest","hermit:Misfire+1"],"picked":"hermit:Glare","floor":37},{"not_picked":["hermit:NoHoldsBarred","hermit:ItchyTrigger"],"picked":"hermit:Virtue","floor":38},{"not_picked":["hermit:Misfire","hermit:ItchyTrigger"],"picked":"hermit:Coalescence+1","floor":41},{"not_picked":["hermit:ItchyTrigger","hermit:Quickdraw"],"picked":"hermit:FlashPowder+1","floor":44},{"not_picked":["hermit:Spite","hermit:CursedWeapon+1"],"picked":"hermit:LowProfile","floor":47}],"player_experience":665244,"relics_obtained":[{"floor":7.0,"key":"Eternal Feather"},{"floor":9.0,"key":"Nunchaku"},{"floor":23,"key":"War Paint"},{"floor":26,"key":"Pen Nib"},{"floor":31,"key":"Mercury Hourglass"},{"floor":41,"key":"Kunai"},{"floor":43,"key":"Omamori"}],"event_choices":[{"damage_healed":0.0,"max_hp_gain":0.0,"max_hp_loss":0.0,"gold_gain":0.0,"event_name":"Wheel of Change","player_choice":"Cursed","floor":2.0,"gold_loss":0.0,"damage_taken":0.0,"cards_obtained":["Decay"]},{"damage_healed":0.0,"max_hp_gain":0.0,"max_hp_loss":0.0,"gold_gain":0.0,"event_name":"Accursed Blacksmith","player_choice":"Rummage","floor":11.0,"gold_loss":0.0,"damage_taken":0.0,"relics_obtained":["WarpedTongs"],"cards_obtained":["Pain"]},{"damage_healed":0,"gold_gain":0,"player_choice":"Paid Gold","damage_taken":0,"relics_obtained":["hermit:RyeStalk"],"max_hp_gain":0,"max_hp_loss":0,"event_name":"WeMeetAgain","floor":25,"gold_loss":103},{"damage_healed":0,"gold_gain":275,"player_choice":"Desecrate","damage_taken":0,"max_hp_gain":0,"max_hp_loss":0,"event_name":"Golden Shrine","floor":39,"gold_loss":0,"cards_obtained":["Regret"]},{"cards_removed":["hermit:Defend_Hermit"],"damage_healed":0,"gold_gain":0,"player_choice":"Removed Skill","damage_taken":0,"max_hp_gain":0,"max_hp_loss":0,"event_name":"Falling","floor":48,"gold_loss":0}],"is_beta":false,"boss_relics":[{"not_picked":["Pandora\u0027s Box","Coffee Dripper"],"picked":"Velvet Choker"},{"not_picked":["Runic Pyramid","Fusion Hammer"],"picked":"Empty Cage"}],"items_purged_floors":[],"is_endless":false,"potions_floor_spawned":[1,3,8,12,13,19,23,27,28,38,44],"ascension_level":16}}