{"host":"mi0eibewekhugwl1","time":1609241292,"event":{"mods":["AchievementEnabler","BaseMod","Colored Map","Colored Powertips","DeckTracker","Keyboard Shortcuts","Minty Spire (QoL Compilation)","Quick Restart","Rare Cards Sparkle","Relic Stats","StSLib","SuperFastMode","everything is the same but u backflip on backflip"],"gold_per_floor":[114,114,140,77,89,128,154,180,216,228,268,335,359,388,400,483,495,524,565,577,343,362,362,372,398,425,425,443,27,27,27,27,27,27],"floor_reached":33,"playtime":512,"items_purged":["Strike_R","Strike_R"],"score":600,"play_id":"cb3fba0d-4b8e-4e66-aa52-ce4eca240bec","local_time":"20201229202812","is_ascension_mode":true,"campfire_choices":[{"data":"Cleave","floor":10,"key":"SMITH"},{"data":"Rampage","floor":15,"key":"SMITH"},{"floor":23,"key":"REST"},{"floor":27,"key":"REST"},{"data":"Evolve","floor":30,"key":"SMITH"},{"data":"Fire Breathing","floor":32,"key":"SMITH"}],"circlet_count":0,"master_deck":["AscendersBane","Strike_R","Defend_R","Defend_R","Defend_R","Defend_R","Bash","Rampage+1","Cleave+1","Fire Breathing+1","Twin Strike","Pommel Strike","Offering","Wild Strike","Shrug It Off+1","Flame Barrier","Evolve+1","Wild Strike"],"relics":["Burning Blood","NeowsBlessing","MawBank","Akabeko","Art of War","Pen Nib","Anchor","Mark of Pain","Red Mask","Bag of Marbles","MealTicket","OrangePellets"],"acts_visited":["Exordium","TheCity"],"potions_floor_usage":[11,13,19,25,25,28,33,33],"damage_taken":[{"damage":0,"enemies":"Jaw Worm","floor":1,"turns":1},{"damage":0,"enemies":"2 Louse","floor":3,"turns":1},{"damage":0,"enemies":"Gremlin Nob","floor":6,"turns":1},{"damage":0,"enemies":"Small Slimes","floor":7,"turns":2},{"damage":7,"enemies":"Looter","floor":8,"turns":3},{"damage":25,"enemies":"3 Sentries","floor":11,"turns":4},{"damage":0,"enemies":"Lots of Slimes","floor":13,"turns":4},{"damage":5,"enemies":"Exordium Thugs","floor":14,"turns":4},{"damage":27,"enemies":"Slime Boss","floor":16,"turns":7},{"damage":21,"enemies":"Chosen","floor":18,"turns":4},{"damage":9,"enemies":"Masked Bandits","floor":19,"turns":3},{"damage":28,"enemies":"Spheric Guardian","floor":22,"turns":4},{"damage":13,"enemies":"3 Cultists","floor":24,"turns":3},{"damage":29,"enemies":"Gremlin Leader","floor":25,"turns":5},{"damage":9,"enemies":"Shelled Parasite and Fungi","floor":28,"turns":3},{"damage":66,"enemies":"Automaton","floor":33,"turns":6}],"seed_played":"-7534000621171700871","potions_obtained":[{"floor":1,"key":"SkillPotion"},{"floor":6,"key":"PowerPotion"},{"floor":14,"key":"Ancient Potion"},{"floor":16,"key":"Strength Potion"},{"floor":25,"key":"PowerPotion"},{"floor":28,"key":"AttackPotion"}],"is_trial":false,"path_per_floor":["M","?","M","?","?","E","M","M","T","R","E","T","M","M","R","B",null,"M","?","?","$","M","R","M","E","T","R","M","$","R","$","R","B"],"character_chosen":"IRONCLAD","items_purchased":["Wild Strike","EntropicBrew","Evolve","OrangePellets","Wild Strike"],"campfire_rested":2,"item_purchase_floors":[21,21,29,29,29],"current_hp_per_floor":[74,39,45,45,38,44,50,49,49,49,30,30,36,37,37,16,60,45,42,42,42,20,42,35,12,12,34,31,46,46,61,61,0,0],"gold":27,"neow_bonus":"THREE_ENEMY_KILL","is_daily":false,"chose_seed":false,"campfire_upgraded":4,"win_rate":0.0,"timestamp":1609241292,"path_taken":["M","?","M","?","?","E","M","M","T","R","E","?","?","M","R","BOSS","M","?","?","$","M","R","M","E","T","R","M","$","R","?","R","BOSS"],"items_purchased_type":["Card","Potion","Card","Relic","Card"],"build_version":"2020-12-22","purchased_purges":2,"victory":false,"max_hp_per_floor":[75,75,75,75,75,75,75,75,75,75,75,75,75,75,75,75,75,75,75,75,75,75,75,75,75,75,75,75,75,75,75,75,75,75],"relic_stats":{"OrangePellets":[0],"counters":[16,55],"MealTicket":30,"Pen Nib":[9],"Art of War":[1],"MawBank":228,"obtain_stats":[{"OrangePellets":29,"Anchor":12,"NeowsBlessing":0,"MealTicket":26,"Pen Nib":11,"Mark of Pain":17,"Art of War":9,"Red Mask":19,"Bag of Marbles":25,"MawBank":2,"Burning Blood":0,"Akabeko":6},{"OrangePellets":15,"Anchor":6,"NeowsBlessing":0,"MealTicket":14,"Pen Nib":6,"Mark of Pain":9,"Art of War":5,"Red Mask":11,"Bag of Marbles":14,"MawBank":1,"Burning Blood":0,"Akabeko":3},{"OrangePellets":49,"Anchor":12,"NeowsBlessing":0,"MealTicket":46,"Pen Nib":12,"Mark of Pain":27,"Art of War":8,"Red Mask":34,"Bag of Marbles":46,"MawBank":1,"Burning Blood":0,"Akabeko":3}],"Burning Blood":90},"card_choices":[{"not_picked":["Battle Trance","Metallicize"],"picked":"Rampage","floor":1},{"not_picked":["Clash","Anger"],"picked":"Cleave","floor":3},{"not_picked":["Corruption","Wild Strike"],"picked":"Fire Breathing","floor":6},{"not_picked":["Blood for Blood","Iron Wave"],"picked":"Twin Strike","floor":7},{"not_picked":["Sever Soul","Body Slam","Warcry"],"picked":"SKIP","floor":8},{"not_picked":["Cleave","Uppercut","Sever Soul"],"picked":"SKIP","floor":11},{"not_picked":["Spot Weakness","Clothesline"],"picked":"Pommel Strike","floor":13},{"not_picked":["Havoc","Impervious","Heavy Blade"],"picked":"SKIP","floor":14},{"not_picked":["Double Tap","Demon Form"],"picked":"Offering","floor":16},{"not_picked":["Feel No Pain","Wild Strike","Cleave+1"],"picked":"SKIP","floor":18},{"not_picked":["Flex","Rampage","Anger"],"picked":"SKIP","floor":22},{"not_picked":["Twin Strike","Spot Weakness"],"picked":"Shrug It Off+1","floor":24},{"not_picked":["Clash","Bloodletting","Anger"],"picked":"SKIP","floor":25},{"not_picked":["Flex+1","Uppercut"],"picked":"Flame Barrier","floor":28}],"player_experience":1721273,"relics_obtained":[{"floor":6,"key":"Akabeko"},{"floor":9,"key":"Art of War"},{"floor":11,"key":"Pen Nib"},{"floor":12,"key":"Anchor"},{"floor":19,"key":"Red Mask"},{"floor":25,"key":"Bag of Marbles"},{"floor":26,"key":"MealTicket"}],"event_choices":[{"damage_healed":0,"gold_gain":0,"player_choice":"Success","damage_taken":35,"relics_obtained":["MawBank"],"max_hp_gain":0,"max_hp_loss":0,"event_name":"Scrap Ooze","floor":2,"gold_loss":0},{"cards_removed":["Strike_R"],"damage_healed":0,"gold_gain":0,"player_choice":"Card Removal","damage_taken":0,"max_hp_gain":0,"max_hp_loss":0,"event_name":"The Cleric","floor":4,"gold_loss":75},{"cards_removed":["Strike_R"],"damage_healed":0,"gold_gain":0,"player_choice":"Card Removal","damage_taken":7,"max_hp_gain":0,"max_hp_loss":0,"event_name":"Golden Wing","floor":5,"gold_loss":0},{"damage_healed":0,"gold_gain":0,"player_choice":"Fought Bandits","damage_taken":0,"max_hp_gain":0,"max_hp_loss":0,"event_name":"Masked Bandits","floor":19,"gold_loss":0},{"damage_healed":0,"gold_gain":0,"player_choice":"Ignored","damage_taken":0,"max_hp_gain":0,"max_hp_loss":0,"event_name":"Cursed Tome","floor":20,"gold_loss":0}],"is_beta":false,"boss_relics":[{"not_picked":["Cursed Key","Velvet Choker"],"picked":"Mark of Pain"}],"items_purged_floors":[21,29],"is_endless":false,"potions_floor_spawned":[1,6,8,14,16,25,28],"killed_by":"Automaton","ascension_level":20}}