{"host":"ecaj4hn004xnnrw9","time":1609211385,"event":{"mods":["AchievementEnabler","BaseMod","Hermit","Minty Spire (QoL Compilation)","Quick Restart","Replay The Spire","Shop Mod","StSLib","The Jungle"],"gold_per_floor":[110,126,126,142,142,170,188,188,213,230,248,248,275,285,285,385,385,404,404,27,38,48,48,73,73,73,100,118,146,157,171,171,268,268,287,306,306,354,354,354,387,32,57,70,87,103,115,125,125,125],"floor_reached":51,"playtime":2389,"items_purged":["Decay","Strike_R"],"score":1132,"play_id":"d4d968fc-617b-4cd5-b4f2-51e34043620f","local_time":"20201229030945","is_ascension_mode":true,"campfire_choices":[{"data":"ReplayTheSpireMod:LeadingStrike","floor":8,"key":"SMITH"},{"data":"Bash","floor":12,"key":"SMITH"},{"data":"Uppercut","floor":15,"key":"SMITH"},{"data":"Metallicize","floor":23,"key":"SMITH"},{"data":"Bludgeon","floor":25,"key":"SMITH"},{"data":"Bludgeon","floor":32,"key":"SMITH"},{"floor":40,"key":"REST"},{"floor":49,"key":"REST"}],"circlet_count":0,"master_deck":["Strike_R+1","Strike_R","Strike_R","Defend_R","Defend_R","Defend_R","Defend_R+1","Bash+1","Hemokinesis","Clothesline+1","Pommel Strike","Shrug It Off","ReplayTheSpireMod:LeadingStrike+1","Pot Of Greed","Pot Of Greed","Uppercut+1","Bludgeon+1","AbeCurse","Metallicize+1","Bludgeon+1","Metallicize+1","ReplayTheSpireMod:Stacked","True Grit+1","Pot Of Greed","Feed","Shrug It Off+1","ReplayTheSpireMod:Brewmster+1","Disarm"],"relics":["Burning Blood","NeowsBlessing","Red Skull","Centennial Puzzle","Grinning Jar","Abe\u0027s Treasure","ClockworkSouvenir","Mango","Bottled Flame","Replay:Kaleidoscope","Iron Hammer","Velvet Choker","Durian","Another Sword","StrikeDummy","Gremlin Food"],"acts_visited":["Exordium","Exordium","TheBeyond"],"potions_floor_usage":[6,16,16,29,33,33,38,38,44,44,45,45,45,47,48,50,50,50,50,50],"damage_taken":[{"damage":0,"enemies":"Jaw Worm","floor":1,"turns":1},{"damage":0,"enemies":"2 Louse","floor":2,"turns":1},{"damage":0,"enemies":"Cultist","floor":4,"turns":1},{"damage":36,"enemies":"3 Sentries","floor":6,"turns":8},{"damage":5,"enemies":"Looter","floor":7,"turns":2},{"damage":2,"enemies":"3 Louse","floor":10,"turns":3},{"damage":6,"enemies":"Exordium Wildlife","floor":11,"turns":3},{"damage":2,"enemies":"Gremlin Nob","floor":13,"turns":2},{"damage":3,"enemies":"Looter","floor":14,"turns":3},{"damage":14,"enemies":"Hexaghost","floor":16,"turns":8},{"damage":16,"enemies":"Shell Parasite","floor":18,"turns":5},{"damage":0,"enemies":"theJungle:GiantWrat","floor":21,"turns":5},{"damage":5,"enemies":"theJungle:2_Snecko_Cultists","floor":22,"turns":4},{"damage":40,"enemies":"theJungle:2_Phrogs","floor":24,"turns":7},{"damage":2,"enemies":"theJungle:MamaSnecko","floor":27,"turns":3},{"damage":7,"enemies":"theJungle:JungleHuntersEncounter","floor":28,"turns":5},{"damage":21,"enemies":"theJungle:2_Phrogs","floor":29,"turns":5},{"damage":0,"enemies":"theJungle:SlimyTreeVines","floor":30,"turns":2},{"damage":2,"enemies":"theJungle:Lyon","floor":31,"turns":2},{"damage":35,"enemies":"theJungle:QueenSpyder","floor":33,"turns":14},{"damage":6,"enemies":"Orb Walker","floor":35,"turns":4},{"damage":20,"enemies":"3 Darklings","floor":36,"turns":6},{"damage":48,"enemies":"2 Orb Walkers","floor":38,"turns":7},{"damage":43,"enemies":"Nemesis","floor":41,"turns":9},{"damage":19,"enemies":"Jaw Worm Horde","floor":44,"turns":4},{"damage":2,"enemies":"Maw","floor":45,"turns":6},{"damage":0,"enemies":"Transient","floor":46,"turns":5},{"damage":14,"enemies":"Sphere and 2 Shapes","floor":47,"turns":5},{"damage":7,"enemies":"Jaw Worm Horde","floor":48,"turns":3},{"damage":13,"enemies":"Time Eater","floor":50,"turns":10}],"seed_played":"-9047760985726713683","potions_obtained":[{"floor":1,"key":"LiquidBronze"},{"floor":2,"key":"CultistPotion"},{"floor":13,"key":"Block Potion"},{"floor":14,"key":"ElixirPotion"},{"floor":16,"key":"Dexterity Potion"},{"floor":18,"key":"Fire Potion"},{"floor":21,"key":"FairyPotion"},{"floor":30,"key":"Block Potion"},{"floor":33,"key":"ColorlessPotion"},{"floor":36,"key":"Energy Potion"},{"floor":47,"key":"LiquidMemories"},{"floor":48,"key":"EssenceOfSteel"}],"is_trial":false,"path_per_floor":["M","M","?","M","?","E","M","R","T","M","M","R","E","M","R","B",null,"M","?","$","M","M","R","E","R","T","E","M","E","M","M","R","B",null,"M","M","?","?","?","R","E","$","T","M","M","M","M","M","R","B",null],"character_chosen":"IRONCLAD","items_purchased":["ClockworkSouvenir","Bludgeon","StrikeDummy"],"campfire_rested":2,"item_purchase_floors":[20,20,42],"current_hp_per_floor":[78,80,80,80,64,34,35,35,35,39,39,39,43,46,46,38,70,60,60,60,66,67,67,47,47,47,51,50,35,41,45,45,16,75,75,61,61,24,24,53,16,16,16,12,16,22,14,16,47,40],"gold":125,"neow_bonus":"THREE_ENEMY_KILL","is_daily":false,"chose_seed":false,"campfire_upgraded":6,"win_rate":0.0,"timestamp":1609211385,"path_taken":["M","M","?","M","?","E","M","R","T","M","?","R","E","M","R","BOSS","M","?","$","?","M","R","E","R","T","E","M","E","M","M","R","BOSS","M","M","?","?","?","R","E","$","T","?","M","M","M","M","R","BOSS"],"items_purchased_type":["Relic","Card","Relic"],"build_version":"2020-12-22","purchased_purges":2,"victory":true,"max_hp_per_floor":[80,80,80,80,80,80,80,80,80,80,80,80,80,80,80,80,80,80,80,80,80,80,80,94,94,94,94,94,94,94,94,94,94,94,94,94,94,99,99,99,99,99,99,103,103,103,103,106,106,106],"card_choices":[{"not_picked":["Clash","Headbutt"],"picked":"Hemokinesis","floor":1},{"not_picked":["Clash","Cleave"],"picked":"Clothesline","floor":2},{"not_picked":["Clothesline","Rupture"],"picked":"Pommel Strike","floor":4},{"not_picked":["Armaments","Evolve"],"picked":"Shrug It Off","floor":6},{"not_picked":["Clothesline","Rampage"],"picked":"ReplayTheSpireMod:LeadingStrike","floor":7},{"not_picked":["Replay:Undeath\u0027s Touch","Body Slam","Blood for Blood"],"picked":"SKIP","floor":10},{"not_picked":["Wild Strike","Clash","Replay:Many Hands"],"picked":"SKIP","floor":11},{"not_picked":["Massacre","Replay:Undeath\u0027s Touch"],"picked":"Uppercut","floor":13},{"not_picked":["Clothesline","Seeing Red","Iron Wave"],"picked":"SKIP","floor":14},{"not_picked":["Exhume","Hemogenesis"],"picked":"Bludgeon","floor":16},{"not_picked":["Havoc","Life Link+1"],"picked":"Metallicize+1","floor":18},{"not_picked":["Perfected Strike+1","Body Slam"],"picked":"Metallicize","floor":21},{"not_picked":["Thunderclap","Sword Boomerang"],"picked":"ReplayTheSpireMod:Stacked","floor":22},{"not_picked":["Fire Breathing+1","Uppercut","Sword Boomerang"],"picked":"SKIP","floor":24},{"not_picked":["Shrug It Off","Havoc"],"picked":"True Grit+1","floor":27},{"not_picked":["Entrench","Abandon","Feel No Pain"],"picked":"SKIP","floor":28},{"not_picked":["Anger","Cleave"],"picked":"Feed","floor":29},{"not_picked":["Rage","Anger+1"],"picked":"Shrug It Off+1","floor":30},{"not_picked":["Whirlwind","Replay:Undeath\u0027s Touch+1","Power Through"],"picked":"SKIP","floor":31},{"not_picked":["Anger","Heavy Blade+1","Thunderclap+1"],"picked":"SKIP","floor":35},{"not_picked":["Clothesline","Cleave","Twin Strike+1"],"picked":"SKIP","floor":36},{"not_picked":["Bandage Up","Madness"],"picked":"ReplayTheSpireMod:Brewmster","floor":37},{"not_picked":["Heavy Blade+1","Pummel+1","Whirlwind"],"picked":"SKIP","floor":41},{"not_picked":["Evolve+1","ReplayTheSpireMod:Limb From Limb+1","Anger+1"],"picked":"SKIP","floor":44},{"not_picked":["True Grit","Shockwave+1","Ghostly Armor"],"picked":"SKIP","floor":45},{"not_picked":["Clash+1","Dark Embrace","Evolve+1"],"picked":"SKIP","floor":46},{"not_picked":["Twin Strike","Pommel Strike+1","Blood for Blood+1"],"picked":"SKIP","floor":47},{"not_picked":["Dark Embrace+1","Infernal Blade"],"picked":"Disarm","floor":48}],"player_experience":203650,"relics_obtained":[{"floor":6,"key":"Red Skull"},{"floor":9,"key":"Centennial Puzzle"},{"floor":13,"key":"Grinning Jar"},{"floor":24,"key":"Mango"},{"floor":26,"key":"Bottled Flame"},{"floor":27,"key":"Replay:Kaleidoscope"},{"floor":29,"key":"Iron Hammer"},{"floor":38,"key":"Durian"},{"floor":41,"key":"Another Sword"},{"floor":43,"key":"Gremlin Food"}],"event_choices":[{"damage_healed":0,"gold_gain":0,"player_choice":"Entered Light","damage_taken":16,"max_hp_gain":0,"max_hp_loss":0,"event_name":"Shining Light","floor":5,"gold_loss":0,"cards_upgraded":["Defend_R","Strike_R"]},{"damage_healed":0,"gold_gain":0,"player_choice":"Cursed","damage_taken":0,"max_hp_gain":0,"max_hp_loss":0,"event_name":"Wheel of Change","floor":19,"gold_loss":0,"cards_obtained":["Decay"]},{"damage_healed":0,"gold_gain":0,"player_choice":"Memory 1","damage_taken":0,"max_hp_gain":0,"max_hp_loss":0,"event_name":"SensoryStone","floor":37,"gold_loss":0},{"damage_healed":0,"gold_gain":0,"player_choice":"Fight","damage_taken":0,"max_hp_gain":0,"max_hp_loss":0,"event_name":"Mysterious Sphere","floor":38,"gold_loss":0},{"cards_removed":["Strike_R"],"damage_healed":0,"gold_gain":0,"player_choice":"Removed Attack","damage_taken":0,"max_hp_gain":0,"max_hp_loss":0,"event_name":"Falling","floor":39,"gold_loss":0}],"is_beta":false,"boss_relics":[{"not_picked":["Replay:Wanted Poster","Coffee Dripper"],"picked":"Abe\u0027s Treasure"},{"not_picked":["Fusion Hammer","ChewingGum"],"picked":"Velvet Choker"}],"items_purged_floors":[20,42],"is_endless":false,"potions_floor_spawned":[1,2,13,14,16,18,21,22,30,33,36,41,47,48],"ascension_level":8}}