{"host":"pe0zhl1vvtkxuc0p","time":1609233918,"event":{"mods":["A Magickal Journey","AchievementEnabler","BaseMod","Card Forge","Challenge The Spire","Chen","Colored Powertips","Curses Come First","GifTheSpireLib","Glutton Mod","Gremlin Mod","Infinite Spire","Minty Spire (QoL Compilation)","Quick Restart","Relic Filter","Shop Mod","Spikes Relics","StSLib","Stuff the Spire","SuperFastMode","Td1madao Mod","The Clintock","The Cursed","The Death Knight","The Druid","The Florist","The Hayseed","The Necromancer","The Sage"],"gold_per_floor":[116,41,59,59,9,40,40,53,53,71,88,116,126,136,136,240,240,258,268,278,294,294,294,294],"floor_reached":23,"playtime":1273,"items_purged":["DeathKnight:Defend_DeathKnight"],"score":257,"play_id":"511de1cb-f6b1-4a5b-a943-2eb8de52940d","local_time":"20201229172518","is_ascension_mode":false,"campfire_choices":[{"floor":15.0,"key":"REST"}],"circlet_count":0,"master_deck":["DeathKnight:Defend_DeathKnight","DeathKnight:Defend_DeathKnight","DeathKnight:RuneTap","DeathKnight:RuneStrike","DeathKnight:Culling","DeathKnight:Runesurge","StuffTheSpire:Innocence","DeathKnight:PlagueStrike","DeathKnight:BloodBoil","DeathKnight:HowlingBlast","DeathKnight:HornOfWinter","DeathKnight:RunicDetonation","DeathKnight:BloodStrike","DeathKnight:DeathAndDecay","DeathKnight:MarkOfBlood","DeathKnight:Hysteria+1","DeathKnight:DancingRuneblade+1","DeathKnight:ThirstingStrike","DeathKnight:IcyTouch","StuffTheSpire:Deluminance","StuffTheSpire:Deluminance","StuffTheSpire:Deluminance","StuffTheSpire:Deluminance","StuffTheSpire:Deluminance"],"relics":["DeathKnight:BrokenRuneblade","Hammer of Thor","Seething Fire","Anvil of the Gods","NeowsBlessing","StuffTheSpire:Experiment12","WarpedTongs","infinitespire:CheckeredPen","Cursed Key","StuffTheSpire:BlackoutCurse"],"acts_visited":["Exordium","TheCity"],"potions_floor_usage":[],"damage_taken":[{"damage":0.0,"enemies":"Cultist","floor":1.0,"turns":1.0},{"damage":0.0,"enemies":"Jaw Worm","floor":3.0,"turns":1.0},{"damage":0.0,"enemies":"Gremlin Nob","floor":6.0,"turns":1.0},{"damage":5.0,"enemies":"2 Louse","floor":8.0,"turns":3.0},{"damage":15.0,"enemies":"Red Slaver","floor":10.0,"turns":3.0},{"damage":0.0,"enemies":"Gremlin Gang","floor":11.0,"turns":2.0},{"damage":8.0,"enemies":"3 Sentries","floor":12.0,"turns":4.0},{"damage":8.0,"enemies":"Exordium Thugs","floor":13.0,"turns":3.0},{"damage":0.0,"enemies":"3 Louse","floor":14.0,"turns":1.0},{"damage":16.0,"enemies":"Slime Boss","floor":16.0,"turns":7.0},{"damage":8.0,"enemies":"Shell Parasite","floor":18.0,"turns":2.0},{"damage":12.0,"enemies":"3 Byrds","floor":19.0,"turns":3.0},{"damage":39,"enemies":"Shelled Parasite and Fungi","floor":20,"turns":5},{"damage":4,"enemies":"Sentry and Sphere","floor":21,"turns":3},{"damage":0,"enemies":"Gremlin Leader","floor":23,"turns":1}],"seed_played":"3308806037999056053","potions_obtained":[{"floor":3.0,"key":"EntropicBrew"},{"floor":6.0,"key":"Explosive Potion"},{"floor":8.0,"key":"SteroidPotion"},{"floor":13.0,"key":"FairyPotion"},{"floor":14.0,"key":"DeathKnight:BottledBloodEchoes"}],"is_trial":false,"path_per_floor":["M","$","M","?","?","E","?","M","T","M","M","E","M","M","R","B",null,"M","M","M","M","?","E"],"character_chosen":"DEATH_KNIGHT","items_purchased":[],"campfire_rested":1,"item_purchase_floors":[],"current_hp_per_floor":[75,75,75,68,68,68,68,63,63,48,48,40,32,32,54,38,75,67,55,16,12,12,12,12],"gold":294,"neow_bonus":"THREE_ENEMY_KILL","is_daily":false,"chose_seed":false,"campfire_upgraded":0,"win_rate":0.0,"timestamp":1609233918,"path_taken":["M","$","M","?","?","E","?","M","T","M","?","E","M","M","R","BOSS","M","M","?","M","?","E"],"items_purchased_type":[],"build_version":"2020-12-22","purchased_purges":1,"victory":false,"max_hp_per_floor":[75,75,75,75,75,75,75,75,75,75,75,75,75,75,75,75,75,75,75,75,75,75,75,75],"card_choices":[{"not_picked":["DeathKnight:RaiseAlly","DeathKnight:BludPresence"],"picked":"DeathKnight:Culling","floor":1.0},{"not_picked":["DeathKnight:Hysteria","DeathKnight:DreadStrike"],"picked":"DeathKnight:Runesurge","floor":3.0},{"not_picked":["DeathKnight:IcyTouch","DeathKnight:Parry"],"picked":"DeathKnight:PlagueStrike","floor":6.0},{"not_picked":["DeathKnight:BoneShield","DeathKnight:FrosPresence"],"picked":"DeathKnight:BloodBoil","floor":8.0},{"not_picked":["DeathKnight:RuneShock","DeathKnight:BoneShield"],"picked":"DeathKnight:HowlingBlast","floor":10.0},{"not_picked":["DeathKnight:DeathGrip","DeathKnight:Ossuary"],"picked":"DeathKnight:HornOfWinter","floor":11.0},{"not_picked":["DeathKnight:RuneShock","DeathKnight:DeathCoil"],"picked":"DeathKnight:RunicDetonation","floor":12.0},{"not_picked":["DeathKnight:BloodEchoes","DeathKnight:RuneShock"],"picked":"DeathKnight:BloodStrike","floor":13.0},{"not_picked":["DeathKnight:RaiseAlly","DeathKnight:FrosPresence"],"picked":"DeathKnight:DeathAndDecay","floor":14.0},{"not_picked":["DeathKnight:Outbreak","DeathKnight:BoneStorm"],"picked":"DeathKnight:MarkOfBlood","floor":16.0},{"not_picked":["DeathKnight:UnholyFrenzy+1","DeathKnight:BloodStrike"],"picked":"DeathKnight:Hysteria+1","floor":18.0},{"not_picked":["DeathKnight:BludPresence+1","DeathKnight:UnholyFrenzy+1"],"picked":"DeathKnight:DancingRuneblade+1","floor":19.0},{"not_picked":["DeathKnight:MindFreeze","DeathKnight:Obliterate"],"picked":"DeathKnight:ThirstingStrike","floor":20},{"not_picked":["DeathKnight:ChainsOfIce","DeathKnight:FrostStrike"],"picked":"DeathKnight:IcyTouch","floor":21}],"player_experience":473443,"relics_obtained":[{"floor":6.0,"key":"StuffTheSpire:Experiment12"},{"floor":12.0,"key":"infinitespire:CheckeredPen"}],"event_choices":[{"cards_removed":["DeathKnight:Strike_DeathKnight"],"damage_healed":0.0,"max_hp_gain":0.0,"max_hp_loss":0.0,"gold_gain":0.0,"event_name":"The Cleric","player_choice":"Card Removal","floor":5.0,"gold_loss":50.0,"damage_taken":0.0},{"damage_healed":0.0,"max_hp_gain":0.0,"max_hp_loss":0.0,"gold_gain":0.0,"event_name":"Accursed Blacksmith","player_choice":"Rummage","floor":7.0,"gold_loss":0.0,"damage_taken":0.0,"relics_obtained":["WarpedTongs"],"cards_obtained":["Pain"]}],"is_beta":false,"boss_relics":[{"not_picked":["Philosopher\u0027s Stone","Astrolabe"],"picked":"Cursed Key"}],"items_purged_floors":[2],"is_endless":false,"potions_floor_spawned":[3,6,8,13,14,16,20],"killed_by":"Gremlin Leader","ascension_level":0}}