{"host":"Niota","time":1609261446,"event":{"mods":["BaseMod","Colored Map","Colored Powertips","DeckTracker","Highlight Path","Minty Spire (QoL Compilation)"],"gold_per_floor":[110,129,146,3,17,46,46,62,62,62,80,80,80,114,114,191,191,204,222,222,222,222,222,9,24,24,49,49,63,94,112,112,189,189,200,4,4,18,18,18,32,32,32,57,57,57,75,110,110,110,110],"floor_reached":50,"playtime":4712,"items_purged":["Strike_G"],"score":1173,"play_id":"13bf90a8-b58d-4418-85ee-37189671bb8c","local_time":"20201229180406","is_ascension_mode":true,"campfire_choices":[{"data":"Glass Knife","floor":7.0,"key":"SMITH"},{"data":"Terror","floor":10.0,"key":"SMITH"},{"data":"Neutralize","floor":12.0,"key":"SMITH"},{"data":"Wraith Form v2","floor":15.0,"key":"SMITH"},{"floor":23.0,"key":"REST"},{"data":"Malaise","floor":28.0,"key":"SMITH"},{"floor":32.0,"key":"REST"},{"data":"Well Laid Plans","floor":40.0,"key":"SMITH"},{"data":"Night Terror","floor":42.0,"key":"SMITH"},{"floor":45.0,"key":"RECALL"},{"data":"Footwork","floor":49.0,"key":"SMITH"}],"circlet_count":0,"master_deck":["AscendersBane","Strike_G","Strike_G","Defend_G","Defend_G","Defend_G","Survivor","Neutralize+1","Heel Hook","Terror+1","Flying Knee","Glass Knife+1","Quick Slash","Dagger Spray","Storm of Steel","Wraith Form v2+1","Dagger Spray","Venomology","Choke","Catalyst","RitualDagger","Deflect","Finisher","Footwork+1","Flash of Steel","Malaise+1","Glass Knife","Heel Hook","Phantasmal Killer+1","Well Laid Plans+1","Venomology","Prepared","Night Terror+1","Leg Sweep","Footwork+1","Parasite","Dodge and Roll+1","PiercingWail"],"relics":["Ring of the Snake","Thread and Needle","Bag of Preparation","Potion Belt","SacredBark","Enchiridion","Membership Card","Ornamental Fan","Ninja Scroll","Anchor","Cursed Key","Lee\u0027s Waffle","The Specimen","Orichalcum"],"acts_visited":["Exordium","TheCity","TheBeyond"],"potions_floor_usage":[50,50,50,50,50,50,50],"damage_taken":[{"damage":12.0,"enemies":"Cultist","floor":1.0,"turns":7.0},{"damage":3.0,"enemies":"Jaw Worm","floor":2.0,"turns":4.0},{"damage":1.0,"enemies":"2 Louse","floor":3.0,"turns":3.0},{"damage":1.0,"enemies":"Looter","floor":5.0,"turns":3.0},{"damage":19.0,"enemies":"3 Sentries","floor":6.0,"turns":12.0},{"damage":2.0,"enemies":"Exordium Wildlife","floor":8.0,"turns":4.0},{"damage":5.0,"enemies":"Red Slaver","floor":11.0,"turns":3.0},{"damage":0.0,"enemies":"Gremlin Nob","floor":14.0,"turns":2.0},{"damage":36.0,"enemies":"The Guardian","floor":16.0,"turns":11.0},{"damage":0.0,"enemies":"Chosen","floor":18.0,"turns":3.0},{"damage":15.0,"enemies":"2 Thieves","floor":19.0,"turns":4.0},{"damage":20.0,"enemies":"Cultist and Chosen","floor":25.0,"turns":8.0},{"damage":0.0,"enemies":"Gremlin Leader","floor":27.0,"turns":4.0},{"damage":1.0,"enemies":"Centurion and Healer","floor":29.0,"turns":4.0},{"damage":1.0,"enemies":"Book of Stabbing","floor":30.0,"turns":5.0},{"damage":0.0,"enemies":"3 Cultists","floor":31.0,"turns":3.0},{"damage":0.0,"enemies":"Champ","floor":33.0,"turns":9.0},{"damage":0.0,"enemies":"3 Darklings","floor":35.0,"turns":3.0},{"damage":4.0,"enemies":"3 Shapes","floor":38.0,"turns":8.0},{"damage":0.0,"enemies":"Maw","floor":41.0,"turns":8.0},{"damage":63.0,"enemies":"Nemesis","floor":44.0,"turns":11.0},{"damage":0.0,"enemies":"Jaw Worm Horde","floor":47.0,"turns":5.0},{"damage":40.0,"enemies":"Reptomancer","floor":48.0,"turns":15.0},{"damage":23,"enemies":"Awakened One","floor":50,"turns":19}],"seed_played":"-7423121235883653939","potions_obtained":[{"floor":2.0,"key":"LiquidMemories"},{"floor":3.0,"key":"FairyPotion"},{"floor":6.0,"key":"DuplicationPotion"},{"floor":11.0,"key":"CunningPotion"},{"floor":14.0,"key":"SkillPotion"},{"floor":19.0,"key":"SneckoOil"},{"floor":29.0,"key":"GamblersBrew"},{"floor":30.0,"key":"LiquidBronze"},{"floor":33.0,"key":"GamblersBrew"},{"floor":38.0,"key":"DistilledChaos"},{"floor":44.0,"key":"GamblersBrew"},{"floor":48.0,"key":"AttackPotion"}],"is_trial":false,"path_per_floor":["M","M","M","$","M","E","R","M","T","R","M","R","?","E","R","B",null,"M","M","?","?","?","R","$","M","T","E","R","M","E","M","R","B",null,"M","$","?","M","?","R","M","R","T","E","R","?","M","E","R","B"],"character_chosen":"THE_SILENT","items_purchased":["Glass Knife","Membership Card","Footwork","Flash of Steel","Night Terror","Lee\u0027s Waffle"],"campfire_rested":2,"item_purchase_floors":[4,24,24,24,36,36],"current_hp_per_floor":[53,50,49,49,48,29,29,27,27,27,22,22,22,22,22,11,57,57,42,36,36,20,41,41,21,21,21,21,20,19,19,40,40,64,64,79,79,75,75,75,79,79,79,60,60,60,60,20,20,0,0],"gold":110,"neow_bonus":"TEN_PERCENT_HP_BONUS","is_daily":false,"chose_seed":false,"campfire_upgraded":8,"win_rate":0.0,"timestamp":1609261446,"path_taken":["M","M","M","$","M","E","R","M","T","R","M","R","?","E","R","BOSS","M","M","?","?","?","R","?","M","T","E","R","M","E","M","R","BOSS","M","$","?","?","?","R","M","R","T","E","R","?","M","E","R","BOSS"],"items_purchased_type":["Card","Relic","Card","Card","Card","Relic"],"build_version":"2020-12-18","purchased_purges":1,"victory":false,"max_hp_per_floor":[72,72,72,72,72,72,72,72,72,72,72,72,72,72,72,72,72,72,72,72,72,72,72,72,72,72,72,72,72,72,72,72,72,72,72,79,79,79,79,79,79,79,79,79,79,79,79,79,79,79,79],"card_choices":[{"not_picked":["Sucker Punch","Quick Slash"],"picked":"Heel Hook","floor":1.0},{"not_picked":["Outmaneuver","Underhanded Strike"],"picked":"Terror","floor":2.0},{"not_picked":["Bane","Prepared"],"picked":"Flying Knee","floor":3.0},{"not_picked":["Caltrops","Deflect"],"picked":"Quick Slash","floor":5.0},{"not_picked":["Concentrate","Sucker Punch"],"picked":"Dagger Spray","floor":6.0},{"not_picked":["Endless Agony","Escape Plan"],"picked":"Storm of Steel","floor":8.0},{"not_picked":["Bane","Quick Slash"],"picked":"Dagger Throw","floor":11.0},{"not_picked":["Underhanded Strike","Flying Knee"],"picked":"Dagger Spray","floor":14.0},{"not_picked":["Malaise","Doppelganger"],"picked":"Venomology","floor":16.0},{"not_picked":["Dodge and Roll","Caltrops"],"picked":"Choke","floor":18.0},{"not_picked":["Dodge and Roll","Riddle With Holes"],"picked":"Catalyst","floor":19.0},{"not_picked":["Backflip+1","Blade Dance"],"picked":"Malaise","floor":25.0},{"not_picked":["Flying Knee+1","Blade Dance"],"picked":"Glass Knife","floor":27.0},{"not_picked":["Underhanded Strike","Caltrops+1"],"picked":"Heel Hook","floor":29.0},{"not_picked":["Riddle With Holes","Underhanded Strike"],"picked":"Phantasmal Killer","floor":30.0},{"not_picked":["Dagger Spray+1","Prepared"],"picked":"Well Laid Plans","floor":31.0},{"not_picked":["Grand Finale","Envenom"],"picked":"Venomology","floor":33.0},{"not_picked":["Dash+1","Bane"],"picked":"Prepared","floor":35.0},{"not_picked":["Dagger Spray","Underhanded Strike"],"picked":"Leg Sweep","floor":38.0},{"not_picked":["Bane+1","Dagger Throw"],"picked":"Footwork+1","floor":41.0},{"not_picked":["Prepared","All Out Attack+1"],"picked":"Dodge and Roll+1","floor":44.0},{"not_picked":["Outmaneuver","Die Die Die"],"picked":"PiercingWail","floor":47.0},{"not_picked":["Poisoned Stab","Underhanded Strike","Sucker Punch"],"picked":"SKIP","floor":48.0}],"player_experience":820707,"relics_obtained":[{"floor":6.0,"key":"Thread and Needle"},{"floor":9.0,"key":"Bag of Preparation"},{"floor":14.0,"key":"Potion Belt"},{"floor":22.0,"key":"Enchiridion"},{"floor":26.0,"key":"Ornamental Fan"},{"floor":27.0,"key":"Ninja Scroll"},{"floor":30.0,"key":"Anchor"},{"floor":44.0,"key":"The Specimen"},{"floor":48.0,"key":"Orichalcum"}],"event_choices":[{"damage_healed":0.0,"max_hp_gain":0.0,"max_hp_loss":0.0,"gold_gain":0.0,"cards_transformed":["Defend_G"],"event_name":"Living Wall","player_choice":"Change","floor":13.0,"gold_loss":0.0,"damage_taken":0.0,"cards_obtained":["Wraith Form v2"]},{"damage_healed":0.0,"max_hp_gain":0.0,"max_hp_loss":0.0,"gold_gain":0.0,"event_name":"Nest","player_choice":"Joined the Cult","floor":20.0,"gold_loss":0.0,"damage_taken":6.0,"cards_obtained":["RitualDagger"]},{"damage_healed":0.0,"max_hp_gain":0.0,"max_hp_loss":0.0,"gold_gain":0.0,"cards_transformed":["Strike_G","Strike_G"],"event_name":"Drug Dealer","player_choice":"Became Test Subject","floor":21.0,"gold_loss":0.0,"damage_taken":0.0,"cards_obtained":["Deflect","Finisher"]},{"damage_healed":0.0,"max_hp_gain":0.0,"max_hp_loss":0.0,"gold_gain":0.0,"event_name":"Cursed Tome","player_choice":"Obtained Book","floor":22.0,"gold_loss":0.0,"damage_taken":16.0},{"cards_removed":["Defend_G"],"damage_healed":0.0,"max_hp_gain":0.0,"max_hp_loss":0.0,"gold_gain":0.0,"event_name":"Bonfire Elementals","player_choice":"Offered Basic","floor":37.0,"gold_loss":0.0,"damage_taken":0.0},{"cards_removed":["Dagger Throw"],"damage_healed":0.0,"max_hp_gain":0.0,"max_hp_loss":0.0,"gold_gain":0.0,"event_name":"Falling","player_choice":"Removed Attack","floor":39.0,"gold_loss":0.0,"damage_taken":0.0},{"damage_healed":0.0,"max_hp_gain":0.0,"max_hp_loss":0.0,"gold_gain":0.0,"event_name":"Upgrade Shrine","player_choice":"Upgraded","floor":46.0,"gold_loss":0.0,"damage_taken":0.0,"cards_upgraded":["Phantasmal Killer"]}],"is_beta":true,"boss_relics":[{"not_picked":["Philosopher\u0027s Stone","WristBlade"],"picked":"SacredBark"},{"not_picked":["SlaversCollar","Runic Pyramid"],"picked":"Cursed Key"}],"items_purged_floors":[36],"is_endless":false,"potions_floor_spawned":[2,3,6,11,14,19,29,30,33,38,44,48],"killed_by":"Awakened One","ascension_level":14}}