{"host":"sc0o2qwpf9j16a4i","time":1609239954,"event":{"mods":["AchievementEnabler","BaseMod","BetterRewards","Block Reminder","Colored Map","Colored Powertips","Custom Start","Highlight Path","Minty Spire (QoL Compilation)","Relic Stats"],"gold_per_floor":[110,110,35,48,62,96,96,131,131,131,157,177,226,236,236,308,308,327,1,1,26,80,80,100,100,100,129,140,154,154,54,54,131,131,150,177,1194,1194,1221,1221,1221,1221],"floor_reached":41,"playtime":1658,"items_purged":["Pain","Writhe"],"score":998,"play_id":"17ef00d8-544d-45ac-b53f-7b8cbeeb1ff0","local_time":"20201229130554","is_ascension_mode":true,"campfire_choices":[{"floor":7.0,"key":"REST"},{"data":"Conclude","floor":10.0,"key":"SMITH"},{"floor":15.0,"key":"REST"},{"data":"Vault","floor":23,"key":"SMITH"},{"data":"Scrawl","floor":25,"key":"SMITH"},{"data":"Adaptation","floor":32,"key":"SMITH"},{"floor":40,"key":"RECALL"}],"circlet_count":0,"master_deck":["AscendersBane","Eruption","Vigilance","Consecrate","Adaptation+1","Protect","BowlingBash","Conclude+1","CrushJoints","FollowUp","SandsOfTime","Vault+1","ReachHeaven","Swivel","Scrawl+1","Protect","EmptyBody","PathToVictory","WheelKick","Wireheading","Crescendo","Meditate","DeceiveReality","Establishment","CurseOfTheBell","WaveOfTheHand","Flash of Steel+1","Good Instincts","Swift Strike+1","Normality","Normality","Halt"],"relics":["PureWater","WarpedTongs","Gambling Chip","Eternal Feather","CaptainsWheel","Yang","Whetstone","Pandora\u0027s Box","Happy Flower","ClockworkSouvenir","Red Mask","Toy Ornithopter","Blue Candle","Calling Bell","CeramicFish","Molten Egg 2","Turnip","Pear"],"acts_visited":["Exordium","TheCity","TheBeyond"],"potions_floor_usage":[33,33,39,39],"damage_taken":[{"damage":0.0,"enemies":"Cultist","floor":1.0,"turns":3.0},{"damage":0.0,"enemies":"2 Louse","floor":4.0,"turns":4.0},{"damage":7.0,"enemies":"Jaw Worm","floor":5.0,"turns":4.0},{"damage":24.0,"enemies":"Gremlin Nob","floor":6.0,"turns":4.0},{"damage":7.0,"enemies":"3 Sentries","floor":8.0,"turns":5.0},{"damage":11.0,"enemies":"Lagavulin","floor":11.0,"turns":7.0},{"damage":0.0,"enemies":"Gremlin Gang","floor":12.0,"turns":3.0},{"damage":12.0,"enemies":"3 Sentries","floor":13.0,"turns":6.0},{"damage":4.0,"enemies":"Exordium Wildlife","floor":14.0,"turns":4.0},{"damage":0.0,"enemies":"Slime Boss","floor":16.0,"turns":3.0},{"damage":6.0,"enemies":"Shell Parasite","floor":18.0,"turns":4.0},{"damage":24,"enemies":"Masked Bandits","floor":21,"turns":3},{"damage":0,"enemies":"2 Thieves","floor":24,"turns":4},{"damage":0,"enemies":"Gremlin Leader","floor":27,"turns":4},{"damage":0,"enemies":"Snake Plant","floor":28,"turns":4},{"damage":0,"enemies":"Cultist and Chosen","floor":29,"turns":3},{"damage":53,"enemies":"Collector","floor":33,"turns":9},{"damage":1,"enemies":"3 Shapes","floor":35,"turns":5},{"damage":5,"enemies":"3 Darklings","floor":39,"turns":4},{"damage":39,"enemies":"Writhing Mass","floor":41,"turns":3}],"seed_played":"-2403446411083220557","potions_obtained":[{"floor":1.0,"key":"FearPotion"},{"floor":6.0,"key":"GamblersBrew"},{"floor":11.0,"key":"ColorlessPotion"},{"floor":12.0,"key":"BottledMiracle"},{"floor":16.0,"key":"SteroidPotion"},{"floor":27,"key":"Energy Potion"},{"floor":33,"key":"Fire Potion"},{"floor":35,"key":"BottledMiracle"}],"is_trial":false,"path_per_floor":["M","?","$","M","M","E","R","E","T","R","E","M","E","M","R","B",null,"M","$","?","?","T","R","M","R","T","E","M","M","?","$","R","B",null,"M","?","?","T","M","R","M"],"character_chosen":"WATCHER","items_purchased":["Happy Flower","ClockworkSouvenir"],"campfire_rested":2,"item_purchase_floors":[19,19],"current_hp_per_floor":[61,61,61,61,54,30,50,43,43,52,41,41,29,25,54,54,65,59,59,59,35,35,47,47,59,59,59,59,59,59,59,68,20,56,55,45,45,55,60,78,39,39],"gold":1221,"neow_bonus":"","is_daily":false,"chose_seed":false,"campfire_upgraded":4,"win_rate":0.0,"timestamp":1609239954,"path_taken":["M","?","?","M","M","E","R","E","T","R","E","M","E","M","R","BOSS","M","$","?","?","?","R","M","R","T","E","?","M","?","$","R","BOSS","M","?","?","?","M","R","M"],"items_purchased_type":["Relic","Relic"],"build_version":"2020-12-22","purchased_purges":2,"victory":false,"max_hp_per_floor":[68,68,68,68,68,68,68,68,68,68,68,68,68,68,68,68,68,68,68,68,68,68,68,68,68,68,68,68,68,68,68,68,68,68,68,68,68,78,78,78,78,78],"relic_stats":{"Happy Flower":[13],"counters":[124,644],"Blue Candle":[3],"CeramicFish":63,"Eternal Feather":69,"Yang":[122],"Whetstone":["Strike_P","Strike_P"],"WarpedTongs":[83],"Gambling Chip":[43],"Pandora\u0027s Box":["ReachHeaven","Swivel","Scrawl","Protect","EmptyBody","PathToVictory","WheelKick","Wireheading"],"Turnip":[0],"obtain_stats":[{"TwistedFunnel":0,"CeramicFish":9,"Vajra":7,"Runic Capacitor":37,"Whetstone":13,"Bottled Tornado":44,"Boot":10,"Old Coin":40,"Blood Vial":43,"Centennial Puzzle":40,"Strawberry":8,"Prayer Wheel":7,"Necronomicon":20,"Toxic Egg 2":6,"Pear":38,"Happy Flower":19,"Blue Candle":30,"Velvet Choker":17,"Eternal Feather":47,"Pen Nib":9,"War Paint":41,"Akabeko":0,"Cables":12,"WarpedTongs":2,"SlaversCollar":34,"Snecko Eye":17,"Pandora\u0027s Box":17,"Molten Egg 2":5,"Symbiotic Virus":27,"Regal Pillow":0,"Lantern":23,"Singing Bowl":0,"Torii":38,"Yang":11,"Bag of Preparation":9,"Cursed Key":0,"Smiling Mask":30,"ClockworkSouvenir":46,"Dream Catcher":8,"Tough Bandages":0,"Pantograph":24,"Gambling Chip":6,"Tiny Chest":13,"Red Mask":21,"Ring of the Snake":0,"Potion Belt":11,"Lee\u0027s Waffle":0,"Inserter":34,"Golden Idol":5,"PreservedInsect":6,"The Courier":7,"Frozen Egg 2":0,"Orichalcum":47,"White Beast Statue":0,"Calling Bell":34,"CaptainsWheel":9,"Busted Crown":34,"Ornamental Fan":9,"Bloody Idol":20,"Turnip":34,"Bag of Marbles":46,"Bottled Lightning":31,"Membership Card":12,"PureWater":0,"FossilizedHelix":45,"Toy Ornithopter":0},{"TwistedFunnel":43,"CeramicFish":48,"Vajra":71,"Runic Capacitor":97,"Whetstone":112,"Bottled Tornado":100,"Boot":23,"Old Coin":39,"Blood Vial":39,"Centennial Puzzle":63,"Strawberry":48,"Prayer Wheel":83,"Necronomicon":89,"Toxic Egg 2":21,"Pear":122,"Happy Flower":115,"Blue Candle":120,"Velvet Choker":87,"Eternal Feather":41,"Pen Nib":71,"War Paint":99,"Akabeko":43,"Cables":85,"WarpedTongs":105,"SlaversCollar":59,"Snecko Eye":14,"Pandora\u0027s Box":27,"Molten Egg 2":46,"Symbiotic Virus":93,"Regal Pillow":67,"Lantern":91,"Singing Bowl":43,"Torii":98,"Yang":110,"Bag of Preparation":11,"Cursed Key":0,"Smiling Mask":57,"ClockworkSouvenir":40,"Dream Catcher":22,"Tough Bandages":43,"Pantograph":31,"Gambling Chip":108,"Tiny Chest":49,"Red Mask":116,"Ring of the Snake":0,"Potion Belt":72,"Lee\u0027s Waffle":67,"Inserter":95,"Golden Idol":3,"PreservedInsect":4,"The Courier":11,"Frozen Egg 2":67,"Orichalcum":102,"White Beast Statue":43,"Calling Bell":121,"CaptainsWheel":109,"Busted Crown":35,"Ornamental Fan":22,"Bloody Idol":15,"Turnip":121,"Bag of Marbles":40,"Bottled Lightning":34,"Membership Card":72,"PureWater":0,"FossilizedHelix":64,"Toy Ornithopter":67},{"TwistedFunnel":217,"CeramicFish":232,"Vajra":389,"Runic Capacitor":513,"Whetstone":594,"Bottled Tornado":530,"Boot":119,"Old Coin":192,"Blood Vial":192,"Centennial Puzzle":347,"Strawberry":232,"Prayer Wheel":443,"Necronomicon":470,"Toxic Egg 2":110,"Pear":637,"Happy Flower":605,"Blue Candle":623,"Velvet Choker":459,"Eternal Feather":203,"Pen Nib":389,"War Paint":523,"Akabeko":217,"Cables":449,"WarpedTongs":561,"SlaversCollar":315,"Snecko Eye":84,"Pandora\u0027s Box":131,"Molten Egg 2":222,"Symbiotic Virus":494,"Regal Pillow":372,"Lantern":484,"Singing Bowl":217,"Torii":517,"Yang":585,"Bag of Preparation":65,"Cursed Key":0,"Smiling Mask":296,"ClockworkSouvenir":197,"Dream Catcher":116,"Tough Bandages":217,"Pantograph":146,"Gambling Chip":573,"Tiny Chest":236,"Red Mask":608,"Ring of the Snake":0,"Potion Belt":393,"Lee\u0027s Waffle":372,"Inserter":506,"Golden Idol":13,"PreservedInsect":21,"The Courier":65,"Frozen Egg 2":372,"Orichalcum":544,"White Beast Statue":217,"Calling Bell":632,"CaptainsWheel":578,"Busted Crown":169,"Ornamental Fan":116,"Bloody Idol":90,"Turnip":632,"Bag of Marbles":197,"Bottled Lightning":161,"Membership Card":393,"PureWater":0,"FossilizedHelix":356,"Toy Ornithopter":372}],"Toy Ornithopter":15},"card_choices":[{"not_picked":["Crescendo","Meditate"],"picked":"Consecrate","floor":1.0},{"not_picked":["ThirdEye","DeceiveReality"],"picked":"Adaptation","floor":4.0},{"not_picked":["ClearTheMind","Evaluate"],"picked":"Protect","floor":5.0},{"not_picked":["Consecrate","Protect"],"picked":"BowlingBash","floor":6.0},{"not_picked":["ThirdEye","Swivel"],"picked":"Conclude","floor":8.0},{"not_picked":["Judgement","SashWhip"],"picked":"CrushJoints","floor":11.0},{"not_picked":["PathToVictory","EmptyBody","WreathOfFlame"],"picked":"SKIP","floor":12.0},{"not_picked":["PathToVictory","Blasphemy"],"picked":"FollowUp","floor":13.0},{"not_picked":["Nirvana","EmptyBody"],"picked":"SandsOfTime","floor":14.0},{"not_picked":["SpiritShield","MasterReality"],"picked":"Vault","floor":16.0},{"not_picked":["DeceiveReality","Study"],"picked":"Crescendo","floor":18.0},{"not_picked":["ClearTheMind","Protect"],"picked":"Meditate","floor":21},{"not_picked":["Weave","Collect","BowlingBash"],"picked":"SKIP","floor":24},{"not_picked":["SignatureMove","Pray"],"picked":"DeceiveReality","floor":27},{"not_picked":["ClearTheMind","Consecrate","Meditate"],"picked":"SKIP","floor":28},{"not_picked":["Evaluate","ForeignInfluence","Crescendo+1"],"picked":"SKIP","floor":29},{"not_picked":["Devotion","ConjureBlade"],"picked":"Establishment","floor":33},{"not_picked":["Study+1","EmptyBody"],"picked":"WaveOfTheHand","floor":35},{"not_picked":["Mayhem","Good Instincts"],"picked":"Flash of Steel+1","floor":36},{"not_picked":["Secret Weapon","Madness"],"picked":"Good Instincts","floor":36},{"not_picked":["Purity","Enlightenment"],"picked":"Swift Strike+1","floor":36},{"not_picked":["ThirdEye","ReachHeaven+1"],"picked":"Halt","floor":39}],"player_experience":383394,"relics_obtained":[{"floor":6.0,"key":"Gambling Chip"},{"floor":8.0,"key":"Eternal Feather"},{"floor":9.0,"key":"CaptainsWheel"},{"floor":11.0,"key":"Yang"},{"floor":13.0,"key":"Whetstone"},{"floor":21,"key":"Red Mask"},{"floor":22,"key":"Toy Ornithopter"},{"floor":34,"key":"CeramicFish"},{"floor":34,"key":"Molten Egg 2"},{"floor":34,"key":"Turnip"},{"floor":38,"key":"Pear"}],"event_choices":[{"damage_healed":0.0,"max_hp_gain":0.0,"max_hp_loss":0.0,"gold_gain":0.0,"event_name":"Accursed Blacksmith","player_choice":"Rummage","floor":2.0,"gold_loss":0.0,"damage_taken":0.0,"relics_obtained":["WarpedTongs"],"cards_obtained":["Pain"]},{"damage_healed":0.0,"max_hp_gain":0.0,"max_hp_loss":0.0,"gold_gain":0.0,"event_name":"Vampires","player_choice":"Ignored","floor":20.0,"gold_loss":0.0,"damage_taken":0.0},{"damage_healed":0,"gold_gain":0,"player_choice":"Fought Bandits","damage_taken":0,"max_hp_gain":0,"max_hp_loss":0,"event_name":"Masked Bandits","floor":21,"gold_loss":0},{"damage_healed":0,"gold_gain":0,"player_choice":"Opened","damage_taken":0,"relics_obtained":["Blue Candle"],"max_hp_gain":0,"max_hp_loss":0,"event_name":"The Mausoleum","floor":30,"gold_loss":0,"cards_obtained":["Writhe"]},{"damage_healed":0,"gold_gain":0,"player_choice":"Memory 3","damage_taken":10,"max_hp_gain":0,"max_hp_loss":0,"event_name":"SensoryStone","floor":36,"gold_loss":0},{"damage_healed":0,"gold_gain":999,"player_choice":"Gold","damage_taken":0,"max_hp_gain":0,"max_hp_loss":0,"event_name":"MindBloom","floor":37,"gold_loss":0,"cards_obtained":["Normality","Normality"]}],"is_beta":false,"boss_relics":[{"not_picked":["Ectoplasm","Velvet Choker"],"picked":"Pandora\u0027s Box"},{"not_picked":["Fusion Hammer","Busted Crown"],"picked":"Calling Bell"}],"items_purged_floors":[3,31],"is_endless":false,"potions_floor_spawned":[1,6,11,12,16,27,28,33,35],"killed_by":"Writhing Mass","ascension_level":18}}