{"host":"m1ntkrf87179kmo6","time":1609268919,"event":{"mods":["BaseMod","Better Third Choice","Minty Spire (QoL Compilation)","Shade Mod","StSLib"],"gold_per_floor":[114,124,46,46,46,46,58,112,191,217,217,228,242,252,252,355,355,375,474,488,488,488,488,500,500,579,590,600,515,531,208,208,308,308,320,339,339,28,47,47,63,77,101,101,119,119,119,119],"floor_reached":47,"playtime":3311,"items_purged":[],"score":431,"play_id":"ba698c92-55d6-4651-832c-d19a8bfdbfd1","local_time":"20201229140839","is_ascension_mode":false,"campfire_choices":[{"data":"Shade:TouchOfTheGrave","floor":6.0,"key":"SMITH"},{"floor":11.0,"key":"RECALL"},{"floor":15.0,"key":"REST"},{"floor":23.0,"key":"REST"},{"floor":25.0,"key":"REST"},{"data":"Shade:AncientSpear","floor":32.0,"key":"SMITH"},{"data":"Shade:AncientSpear","floor":40.0,"key":"SMITH"},{"floor":46,"key":"REST"}],"circlet_count":0,"master_deck":["Shade:Strike_Shade+1","Shade:Strike_Shade+1","Shade:Strike_Shade+1","Shade:Strike_Shade+1","Shade:Defend_Shade+1","Shade:Defend_Shade+1","Shade:Defend_Shade+1","Shade:Defend_Shade+1","Shade:AnimateDead","Shade:CarefulCut","Shade:ExtraLimbs","Shade:AncientSpear+1","Shade:TouchOfTheGrave+1","Shade:AncientSpear+1","Shade:GreyBargain+1","Shade:FleshToFlesh+1","Shade:Carnophage","Shade:Bite_Shade","Shade:ClawBack","Shade:SensePrey+1","Shade:FleshLikeOak+1","Shade:RitualOffering+1","Shade:OpenGraves","Shade:Premonition+1"],"relics":["Shade:YorickSkull","Toxic Egg 2","White Beast Statue","SlaversCollar","Tiny Chest","Bottled Tornado","Oddly Smooth Stone","Eternal Feather","Letter Opener","Singing Bowl"],"acts_visited":["Exordium","TheCity","TheBeyond"],"potions_floor_usage":[41,41,41,42,45,47],"damage_taken":[{"damage":0.0,"enemies":"Cultist","floor":1.0,"turns":3.0},{"damage":0.0,"enemies":"Jaw Worm","floor":2.0,"turns":3.0},{"damage":1.0,"enemies":"2 Louse","floor":7.0,"turns":2.0},{"damage":10.0,"enemies":"Gremlin Nob","floor":10.0,"turns":3.0},{"damage":0.0,"enemies":"Large Slime","floor":12.0,"turns":3.0},{"damage":3.0,"enemies":"3 Louse","floor":13.0,"turns":2.0},{"damage":0.0,"enemies":"Blue Slaver","floor":14.0,"turns":3.0},{"damage":28.0,"enemies":"The Guardian","floor":16.0,"turns":8.0},{"damage":16.0,"enemies":"Spheric Guardian","floor":18.0,"turns":4.0},{"damage":0.0,"enemies":"Shell Parasite","floor":20.0,"turns":3.0},{"damage":19.0,"enemies":"Chosen and Byrds","floor":24.0,"turns":7.0},{"damage":10.0,"enemies":"3 Cultists","floor":27.0,"turns":5.0},{"damage":1.0,"enemies":"Snake Plant","floor":28.0,"turns":4.0},{"damage":7.0,"enemies":"Centurion and Healer","floor":30.0,"turns":7.0},{"damage":6.0,"enemies":"Automaton","floor":33.0,"turns":11.0},{"damage":7.0,"enemies":"3 Shapes","floor":35.0,"turns":4.0},{"damage":0.0,"enemies":"Orb Walker","floor":36.0,"turns":4.0},{"damage":19.0,"enemies":"Jaw Worm Horde","floor":39.0,"turns":5.0},{"damage":15,"enemies":"Spire Growth","floor":41,"turns":6},{"damage":26,"enemies":"Maw","floor":42,"turns":9},{"damage":8,"enemies":"Sphere and 2 Shapes","floor":45,"turns":4},{"damage":48,"enemies":"Writhing Mass","floor":47,"turns":7}],"seed_played":"-8283231669017236912","potions_obtained":[{"floor":0.0,"key":"LiquidBronze"},{"floor":0.0,"key":"BlessingOfTheForge"},{"floor":0.0,"key":"DistilledChaos"},{"floor":12.0,"key":"EntropicBrew"},{"floor":13.0,"key":"Block Potion"},{"floor":14.0,"key":"SkillPotion"},{"floor":16.0,"key":"PowerPotion"},{"floor":18.0,"key":"FearPotion"},{"floor":20.0,"key":"Regen Potion"},{"floor":24.0,"key":"Fire Potion"},{"floor":27.0,"key":"PowerPotion"},{"floor":28.0,"key":"Swift Potion"},{"floor":30.0,"key":"Fire Potion"},{"floor":33.0,"key":"BlessingOfTheForge"},{"floor":35.0,"key":"Fire Potion"},{"floor":36.0,"key":"Swift Potion"},{"floor":39.0,"key":"Block Potion"},{"floor":41,"key":"AttackPotion"},{"floor":42,"key":"DuplicationPotion"},{"floor":45,"key":"SpeedPotion"}],"is_trial":false,"path_per_floor":["M","M","$","?","$","R","M","?","T","E","R","M","M","M","R","B",null,"M","?","M","?","T","R","M","R","T","M","M","?","M","$","R","B",null,"M","M","?","$","M","R","M","M","T","T","M","R","M"],"character_chosen":"SHADE","items_purchased":["Shade:TouchOfTheGrave","Eternal Feather","Shade:ClawBack","Shade:SensePrey+1","Shade:RitualOffering+1","Letter Opener"],"campfire_rested":4,"item_purchase_floors":[3,31,31,31,38,38],"current_hp_per_floor":[65,65,65,65,65,65,64,64,64,54,54,54,51,51,65,37,65,49,49,49,49,49,65,46,65,65,55,54,54,65,65,65,61,65,58,60,60,60,43,55,43,19,19,19,11,42,0,0],"gold":119,"neow_bonus":"THREE_SMALL_POTIONS","is_daily":false,"chose_seed":false,"campfire_upgraded":3,"win_rate":0.0,"timestamp":1609268919,"path_taken":["M","M","$","?","?","R","?","?","T","E","R","M","M","M","R","BOSS","M","?","M","?","?","R","M","R","T","M","M","?","M","$","R","BOSS","M","M","?","$","M","R","?","M","T","?","M","R","M"],"items_purchased_type":["Card","Relic","Card","Card","Card","Relic"],"build_version":"2020-12-22","purchased_purges":0,"victory":false,"max_hp_per_floor":[65,65,65,65,65,65,65,65,65,65,65,65,65,65,65,65,65,65,65,65,65,65,65,65,65,65,65,65,65,65,65,65,65,65,65,65,65,65,65,65,65,65,65,65,65,65,65,65],"card_choices":[{"not_picked":["Shade:AncientSpear","Shade:FuneraryArmor"],"picked":"Shade:ExtraLimbs","floor":1.0},{"not_picked":["Shade:SensePrey","Shade:BoneShards"],"picked":"Shade:AncientSpear","floor":2.0},{"not_picked":["Shade:FeralStrike","Shade:SkeletonArmy","Shade:WallOfFlesh"],"picked":"SKIP","floor":7.0},{"not_picked":["Shade:BoneShards","Shade:CallWraith+1"],"picked":"Shade:AncientSpear","floor":10.0},{"not_picked":["Shade:Brains+1","Shade:LichForm"],"picked":"Shade:GreyBargain+1","floor":12.0},{"not_picked":["Shade:GoDigging+1","Shade:AncientSpear"],"picked":"Shade:FleshToFlesh+1","floor":13.0},{"not_picked":["Shade:RavenousHorde+1","Shade:Doomsay","Shade:CommandSoldier+1"],"picked":"SKIP","floor":14.0},{"not_picked":["Shade:FeralStrike","Shade:ScuttlingHand+1","Shade:Bonestorm"],"picked":"SKIP","floor":18.0},{"not_picked":["Shade:FingerOfDeath","Shade:FleshOffering+1","Shade:PotionOfRestlessness+1"],"picked":"SKIP","floor":20.0},{"not_picked":["Shade:AncientSpear","Shade:TouchOfTheGrave"],"picked":"Shade:Carnophage","floor":24.0},{"not_picked":["Shade:SoulToxin+1","Shade:Patience+1","Shade:Doomsay"],"picked":"SKIP","floor":27.0},{"not_picked":["Shade:ExtraLimbs","Shade:Doomsay+1"],"picked":"Shade:Bite_Shade","floor":28.0},{"not_picked":["Shade:CommandSoldier+1","Shade:FeralStrike","Shade:Asphyxiate"],"picked":"SKIP","floor":30.0},{"not_picked":["Shade:GoDigging+1","Shade:OpenGraves+1"],"picked":"Shade:FleshLikeOak+1","floor":35.0},{"not_picked":["Shade:SoulToxin+1","Shade:CoffinDance","Shade:AncientSpear+1"],"picked":"SKIP","floor":36.0},{"not_picked":["Shade:Trample+1","Shade:Haruspicy+1","Shade:BoneShards+1"],"picked":"SKIP","floor":39.0},{"not_picked":["Shade:DangerousRitual+1","Shade:FingerOfDeath+1","Shade:ScuttlingHand"],"picked":"SKIP","floor":41},{"not_picked":["Shade:GraveStillness+1","Shade:FeralStrike"],"picked":"Shade:OpenGraves","floor":42},{"not_picked":["Shade:SanguineRitual+1","Shade:CommandSoldier+1"],"picked":"Shade:Premonition+1","floor":45}],"player_experience":1153100,"relics_obtained":[{"floor":9.0,"key":"Toxic Egg 2"},{"floor":10.0,"key":"White Beast Statue"},{"floor":22.0,"key":"Tiny Chest"},{"floor":26.0,"key":"Bottled Tornado"},{"floor":44,"key":"Singing Bowl"}],"event_choices":[{"damage_healed":0.0,"max_hp_gain":0.0,"max_hp_loss":0.0,"gold_gain":0.0,"event_name":"NoteForYourself","player_choice":"Ignored","floor":4.0,"gold_loss":0.0,"damage_taken":0.0},{"damage_healed":0.0,"max_hp_gain":0.0,"max_hp_loss":0.0,"gold_gain":54.0,"event_name":"Golden Wing","player_choice":"Gained Gold","floor":8.0,"gold_loss":0.0,"damage_taken":0.0},{"damage_healed":0.0,"max_hp_gain":0.0,"max_hp_loss":0.0,"gold_gain":99.0,"event_name":"betterThird:BetterNest","player_choice":"Steal","floor":19.0,"gold_loss":0.0,"damage_taken":0.0},{"damage_healed":0.0,"max_hp_gain":0.0,"max_hp_loss":8.0,"gold_gain":0.0,"event_name":"betterThird:BetterWriting","player_choice":"Simplicity","floor":21.0,"gold_loss":0.0,"damage_taken":0.0},{"damage_healed":0.0,"max_hp_gain":0.0,"max_hp_loss":0.0,"gold_gain":0.0,"event_name":"Addict","player_choice":"Obtained Relic","floor":29.0,"gold_loss":85.0,"damage_taken":0.0,"relics_obtained":["Oddly Smooth Stone"]},{"damage_healed":0.0,"max_hp_gain":0.0,"max_hp_loss":0.0,"gold_gain":0.0,"event_name":"betterThird:BetterPortal","player_choice":"Ignored","floor":37.0,"gold_loss":0.0,"damage_taken":0.0}],"is_beta":false,"boss_relics":[{"not_picked":["SacredBark","Shade:YorickPolishedSkull"],"picked":"SlaversCollar"},{"not_picked":["Snecko Eye","Sozu","Cursed Key"]}],"items_purged_floors":[],"is_endless":false,"potions_floor_spawned":[2,12,13,14,16,18,20,24,27,28,30,33,35,36,39,41,42,45],"killed_by":"Writhing Mass","ascension_level":0}}