{"host":"dwuuoil11k0tfg93","time":1609231261,"event":{"mods":["BaseMod","Koishi","Minty Spire (QoL Compilation)","Reimu£®≤©¿ˆ¡È√Œ£©","Remilia£®¿Ÿ√◊¿Ú—«£©","Replay The Spire","StSLib","WarShipGirlsR/’ΩΩ¢…Ÿ≈ÆR mod","Yakumo Yukari mod","Youmu£®ªÍ∆«—˝√Œ£©","°æ“≈ŒÔø®≈∆°øREMEMod"],"gold_per_floor":[118,138,92,109,127,153,153,228,254,254,254,15,34,34,34,139,139,159,119,218,218,234,234,266,278,328,328,342,360,370,382,382,484,484,495,495,510,510,114,149,149,161,161,177,177,190,190,190,180,180,180,219,24,53,53],"floor_reached":56,"playtime":5078,"items_purged":[],"score":1154,"play_id":"0aee8f3c-2a2a-4d73-ad30-ffdc07541f9b","local_time":"20201229164101","is_ascension_mode":false,"campfire_choices":[{"floor":7.0,"key":"REST"},{"data":"BloodyHallows","floor":11.0,"key":"SMITH"},{"data":"Apotheosis","floor":15.0,"key":"SMITH"},{"data":"ScarletDream","floor":23.0,"key":"SMITH"},{"floor":27.0,"key":"REST"},{"floor":45,"key":"RECALL"},{"floor":47,"key":"REST"}],"circlet_count":0,"master_deck":["Strike_RM","Strike_RM","Strike_RM","Strike_RM","Defend_RM","Defend_RM","Defend_RM","Defend_RM","RedMoon","ScarletShoot","Ultimatum","MastersStateliness","ReplayTheSpireMod:From All Sides","BloodyHallows+1","FitfulNightmare+1","AfternoonTea","DiffusionOfMisfortune","Apotheosis+1","TwelveNightmare+1","ForecastOfChange+1","FitfulNightmare","ScarletNetherworld","ScarletDream+1","NightLord","ScarletMeister","VampireSweep","BloodyCatastrophe","ReplayTheSpireMod:From All Sides","BombardNight","StarOfDavid+1","MillenniumVampire","SuperhumanBloodyKnife","ForecastOfChange"],"relics":["ScarletHat","REME_ComplimentaryCards","Dream Catcher","Omamori","APieceOfRedMist","Red Mask","Vajra","Calling Bell","Potion Belt","Replay:Bottled Steam","Replay:Multitool","Regal Pillow","Replay:Rubber Ducky","Pantograph","Simple Rune","ReplayTheSpireMod:Lightbulb","Boot","White Beast Statue"],"acts_visited":["TheCity","TheBeyond","TheEnding"],"potions_floor_usage":[34,54,55,55,55,55],"damage_taken":[{"damage":0.0,"enemies":"Cultist","floor":1.0,"turns":3.0},{"damage":0.0,"enemies":"Jaw Worm","floor":2.0,"turns":5.0},{"damage":1.0,"enemies":"2 Louse","floor":4.0,"turns":3.0},{"damage":9.0,"enemies":"Large Slime","floor":5.0,"turns":5.0},{"damage":24.0,"enemies":"3 Sentries","floor":6.0,"turns":8.0},{"damage":6.0,"enemies":"Blue Slaver","floor":13.0,"turns":3.0},{"damage":68.0,"enemies":"The Guardian","floor":16.0,"turns":7.0},{"damage":0.0,"enemies":"Spheric Guardian","floor":18.0,"turns":4.0},{"damage":12.0,"enemies":"Shell Parasite","floor":22.0,"turns":5.0},{"damage":11.0,"enemies":"Masked Bandits","floor":24.0,"turns":3.0},{"damage":20.0,"enemies":"Shelled Parasite and Fungi","floor":25.0,"turns":7.0},{"damage":0.0,"enemies":"Chosen and Byrds","floor":28.0,"turns":3.0},{"damage":5.0,"enemies":"Centurion and Healer","floor":29.0,"turns":6.0},{"damage":7.0,"enemies":"Sentry and Sphere","floor":30.0,"turns":3.0},{"damage":0.0,"enemies":"Cultist and Chosen","floor":31.0,"turns":4.0},{"damage":26.0,"enemies":"Champ","floor":33.0,"turns":9.0},{"damage":15,"enemies":"3 Shapes","floor":35,"turns":3},{"damage":15,"enemies":"3 Darklings","floor":37,"turns":3},{"damage":25,"enemies":"Reptomancer","floor":40,"turns":6},{"damage":9,"enemies":"Writhing Mass","floor":42,"turns":6},{"damage":30,"enemies":"Transient","floor":44,"turns":5},{"damage":10,"enemies":"3 Darklings","floor":46,"turns":4},{"damage":8,"enemies":"Time Eater","floor":50,"turns":7},{"damage":47,"enemies":"Shield and Spear","floor":54,"turns":7},{"damage":84,"enemies":"The Heart","floor":55,"turns":7}],"seed_played":"-3915040418871679899","potions_obtained":[{"floor":4.0,"key":"EntropicBrew"},{"floor":5.0,"key":"Milkshake"},{"floor":16.0,"key":"SkillPotion"},{"floor":25.0,"key":"AttackPotion"},{"floor":31.0,"key":"Adrenaline Potion"},{"floor":37,"key":"DistilledChaos"},{"floor":40,"key":"AttackPotion"},{"floor":52,"key":"Fire Potion"}],"is_trial":false,"path_per_floor":["M","M","$","M","M","E","R","?","T","?","R","$","M","$","R","B",null,"M","$","?","?","M","R","?","M","T","R","M","M","M","M","R","B",null,"M","?","M","?","$","E","R","M","T","M","R","M","R","?","R","B",null,"R","$","E","B",null],"character_chosen":"REMILIA","items_purchased":["MastersStateliness","Apotheosis","TwelveNightmare+1","ScarletNetherworld","Replay:Rubber Ducky","Pantograph","Boot","Strength Potion"],"campfire_rested":3,"item_purchase_floors":[3,12,12,19,39,39,53,53],"current_hp_per_floor":[82,82,82,81,73,53,77,66,66,66,66,66,60,60,60,16,82,82,82,82,82,70,70,62,49,49,73,77,75,73,76,76,76,82,73,73,67,67,67,60,82,78,78,66,66,58,82,82,82,82,82,82,82,49,39],"gold":53,"neow_bonus":"TEN_PERCENT_HP_BONUS","is_daily":false,"chose_seed":false,"campfire_upgraded":3,"win_rate":0.0,"timestamp":1609231261,"path_taken":["M","M","$","?","M","E","R","?","T","?","R","$","?","$","R","BOSS","M","?","?","?","M","R","?","M","T","R","M","?","M","M","R","BOSS","M","?","?","?","$","E","R","M","T","M","R","?","R","?","R","BOSS","R","$","E","BOSS"],"items_purchased_type":["Card","Card","Card","Card","Relic","Relic","Relic","Potion"],"build_version":"2020-12-22","purchased_purges":0,"victory":true,"max_hp_per_floor":[82,82,82,82,82,82,82,82,82,82,82,82,82,82,82,82,82,82,82,82,82,82,82,82,82,82,82,82,82,82,82,82,82,82,82,82,82,82,82,82,82,82,82,82,82,82,82,82,82,82,82,82,82,82,82],"card_choices":[{"not_picked":["BlasphemousPunishment","VampireClaw"],"picked":"RedRainbow","floor":1.0},{"not_picked":["VampireClaw","BloodyTrap"],"picked":"Ultimatum","floor":2.0},{"not_picked":["EndlessAdversity","Stigmanizer","UnderTheZenith"],"picked":"SKIP","floor":4.0},{"not_picked":["ScarletDevil","BlasphemousPunishment"],"picked":"BloodyHallows","floor":5.0},{"not_picked":["BlasphemousPunishment","ChainGang"],"picked":"FitfulNightmare","floor":5.0},{"not_picked":["ScarletDevil","BloodAndWine"],"picked":"AfternoonTea","floor":6.0},{"not_picked":["CharismaGuard","UnderTheZenith"],"picked":"DiffusionOfMisfortune","floor":7.0},{"not_picked":["ChaoticDestiny","BloodHunter","ReincarnationDial"],"picked":"SKIP","floor":13.0},{"not_picked":["VampireKiss","Stigmanizer","ScarletImprint"],"picked":"SKIP","floor":13.0},{"not_picked":["TricksterDevil","TransientEternity"],"picked":"ForecastOfChange","floor":16.0},{"not_picked":["MastersStateliness","UnstableMagic"],"picked":"FitfulNightmare","floor":18.0},{"not_picked":["DiffusionOfMisfortune","EternalNight"],"picked":"ScarletDream","floor":22.0},{"not_picked":["NightDance","ScarletNetherworld","ChainGang"],"picked":"SKIP","floor":25.0},{"not_picked":["EmergencyRegeneration","RedRainbow"],"picked":"NightLord","floor":27.0},{"not_picked":["FavorOfDestiny","UnstableMagic","Ultimatum"],"picked":"SKIP","floor":28.0},{"not_picked":["EndlessAdversity+1","RedMagic+1","BloodyTrap"],"picked":"SKIP","floor":28.0},{"not_picked":["Stigmanizer","StarOfDavid"],"picked":"ScarletMeister","floor":29.0},{"not_picked":["DevilSight","VampireKiss","CharismaGuard"],"picked":"SKIP","floor":30.0},{"not_picked":["Ultimatum","NightDance+1","FavorOfDestiny"],"picked":"SKIP","floor":31.0},{"not_picked":["ScarletCoffin","CeilingFear"],"picked":"BloodyCatastrophe","floor":33.0},{"not_picked":["StarOfDavid","DevilSight+1","NightDance+1"],"picked":"SKIP","floor":35},{"not_picked":["BlasphemousPunishment","RedRainbow+1"],"picked":"BombardNight","floor":37},{"not_picked":["ReincarnationDial","RedNightlessCastle","HunterOfTheNight"],"picked":"SKIP","floor":40},{"not_picked":["UnstableMagic","BlasphemousPunishment"],"picked":"StarOfDavid+1","floor":41},{"not_picked":["Stigmanizer+1","VampireFantasy","Septette"],"picked":"SKIP","floor":42},{"not_picked":["UnderTheZenith","LeisurelyOfLord+1","Stigmanizer+1"],"picked":"SKIP","floor":44},{"not_picked":["BloodyHallows","UnstableMagic","Maim"],"picked":"SKIP","floor":46},{"not_picked":["NightDance","ScarletDevil+1"],"picked":"MillenniumVampire","floor":47},{"not_picked":[],"picked":"SuperhumanBloodyKnife","floor":49},{"not_picked":[],"picked":"ForecastOfChange","floor":49},{"not_picked":["UnderTheZenith","StarOfDavid+1","GlobalNightmare"],"picked":"SKIP","floor":54}],"player_experience":48682,"relics_obtained":[{"floor":6.0,"key":"Dream Catcher"},{"floor":9.0,"key":"Omamori"},{"floor":24.0,"key":"Red Mask"},{"floor":26.0,"key":"Vajra"},{"floor":34,"key":"Potion Belt"},{"floor":34,"key":"Replay:Bottled Steam"},{"floor":34,"key":"Replay:Multitool"},{"floor":40,"key":"Simple Rune"},{"floor":52,"key":"ReplayTheSpireMod:Lightbulb"},{"floor":54,"key":"White Beast Statue"}],"event_choices":[{"damage_healed":0.0,"max_hp_gain":0.0,"max_hp_loss":0.0,"gold_gain":75.0,"event_name":"World of Goop","player_choice":"Gather Gold","floor":8.0,"gold_loss":0.0,"damage_taken":11.0},{"damage_healed":0.0,"max_hp_gain":0.0,"max_hp_loss":0.0,"gold_gain":0.0,"event_name":"Upgrade Shrine","player_choice":"Upgraded","floor":10.0,"gold_loss":0.0,"damage_taken":0.0,"cards_upgraded":["FitfulNightmare"]},{"damage_healed":0.0,"max_hp_gain":0.0,"max_hp_loss":0.0,"gold_gain":99.0,"event_name":"Nest","player_choice":"Stole From Cult","floor":20.0,"gold_loss":0.0,"damage_taken":0.0},{"damage_healed":0.0,"max_hp_gain":0.0,"max_hp_loss":0.0,"gold_gain":0.0,"event_name":"Back to Basics","player_choice":"Simplicity","floor":21.0,"gold_loss":0.0,"damage_taken":0.0,"cards_upgraded":["Strike_RM","Strike_RM","Strike_RM","Strike_RM","Defend_RM","Defend_RM","Defend_RM","Defend_RM"]},{"damage_healed":0.0,"max_hp_gain":0.0,"max_hp_loss":0.0,"gold_gain":0.0,"event_name":"Masked Bandits","player_choice":"Fought Bandits","floor":24.0,"gold_loss":0.0,"damage_taken":0.0},{"damage_healed":0,"gold_gain":0,"player_choice":"Copied","damage_taken":0,"max_hp_gain":0,"max_hp_loss":0,"event_name":"Duplicator","floor":36,"gold_loss":0,"cards_obtained":["ReplayTheSpireMod:From All Sides"]},{"damage_healed":0,"gold_gain":0,"player_choice":"Gave Potion","damage_taken":0,"relics_obtained":["Regal Pillow"],"max_hp_gain":0,"max_hp_loss":0,"event_name":"WeMeetAgain","floor":38,"gold_loss":0}],"is_beta":false,"boss_relics":[{"not_picked":["Black Star","Sozu"],"picked":"APieceOfRedMist"},{"not_picked":["Replay:Grab Bag","Astrolabe"],"picked":"Calling Bell"}],"items_purged_floors":[],"is_endless":false,"potions_floor_spawned":[4,5,16,25,29,31,37,40,46],"ascension_level":0}}