{"host":"qwp6882a7gaon7u5","time":1609222422,"event":{"mods":["ATMod(°¢èªMod)","BaseMod","BetterRewards","Minty Spire (QoL Compilation)","Red Circlet Mod","Replay The Spire","RumiaBox-Â¶Ã×æ«µÄÉñÃØºÐ×Ó","Spicy Shops","StSLib","¡¾¹¦ÄÜMod¡¿»ìãçÖ®»·ÐÞ¸´²¹¶¡","¡¾ÒÅÎï¿¨ÅÆ¡¿REMEMod"],"gold_per_floor":[112,112,131,131,143,159,159,177,203,228,238,238,238],"floor_reached":12,"playtime":1957,"items_purged":["Strike_G"],"score":86,"play_id":"9428cbc4-549c-4f7b-8fca-aa752fce2573","local_time":"20201229141342","is_ascension_mode":true,"campfire_choices":[{"data":"AT_EssenceShift","floor":7,"key":"SMITH"}],"circlet_count":0,"master_deck":["Strike_G","Strike_G","Strike_G","Strike_G","Defend_G","Defend_G","Defend_G","Defend_G","Defend_G","Survivor","Neutralize","AT_EssenceShift+1","AT_EssenceShift+1","Well Laid Plans","Outmaneuver","Dagger Spray","ReplayTheSpireMod:Tripwire","Cloak And Dagger"],"relics":["Ring of the Snake","REME_ComplimentaryCards","AT_ATBox","Blue Doll","TwistedFunnel","AddBug","SecretRecord"],"acts_visited":["Exordium"],"potions_floor_usage":[],"damage_taken":[{"damage":0,"enemies":"2 Louse","floor":1,"turns":2},{"damage":0,"enemies":"Cultist","floor":3,"turns":4},{"damage":7,"enemies":"Jaw Worm","floor":5,"turns":6},{"damage":20,"enemies":"Large Slime","floor":6,"turns":11},{"damage":1,"enemies":"Red Slaver","floor":8,"turns":3},{"damage":11,"enemies":"3 Sentries","floor":10,"turns":5},{"damage":0,"enemies":"2 Fungi Beasts","floor":11,"turns":2},{"damage":19,"enemies":"Lagavulin","floor":12,"turns":3}],"seed_played":"187577362874775843","potions_obtained":[{"floor":3,"key":"Poison Potion"},{"floor":5,"key":"Milkshake"},{"floor":6,"key":"SteroidPotion"},{"floor":11,"key":"Fire Potion"}],"is_trial":false,"path_per_floor":["M","?","M","?","M","M","R","M","T","E","M","E"],"character_chosen":"THE_SILENT","items_purchased":["Blue Doll","TwistedFunnel"],"campfire_rested":0,"item_purchase_floors":[0,0],"current_hp_per_floor":[58,58,58,58,51,31,31,30,30,19,19,0,0],"gold":238,"neow_bonus":"","is_daily":false,"chose_seed":false,"campfire_upgraded":1,"win_rate":0.0,"timestamp":1609222422,"path_taken":["M","?","?","?","?","M","R","M","T","E","M","E"],"items_purchased_type":["Relic","Relic"],"build_version":"2020-12-22","purchased_purges":1,"victory":false,"max_hp_per_floor":[70,70,70,70,70,70,70,70,70,70,70,70,70],"card_choices":[{"not_picked":["Sucker Punch","Underhanded Strike","PiercingWail"],"picked":"SKIP","floor":1},{"not_picked":["Slice","Dagger Throw"],"picked":"Well Laid Plans","floor":3},{"not_picked":["Bullet Time","Sucker Punch"],"picked":"Outmaneuver","floor":5},{"not_picked":["Prepared","Catalyst"],"picked":"Dagger Spray","floor":6},{"not_picked":["Sucker Punch","Replay:Poison Smokescreen","Riddle With Holes"],"picked":"SKIP","floor":8},{"not_picked":["AT_Desolate","Dagger Throw"],"picked":"ReplayTheSpireMod:Tripwire","floor":10},{"not_picked":["Bane","Dagger Spray"],"picked":"Cloak And Dagger","floor":11}],"player_experience":145154,"relics_obtained":[{"floor":1,"key":"AddBug"},{"floor":9,"key":"Bag of Marbles"},{"floor":10,"key":"Replay:Bandana"}],"event_choices":[{"damage_healed":0,"gold_gain":0,"player_choice":"Trade","damage_taken":0,"relics_obtained":["GremlinMask"],"max_hp_gain":0,"max_hp_loss":0,"event_name":"FaceTrader","floor":4,"gold_loss":0}],"is_beta":false,"boss_relics":[],"items_purged_floors":[0],"is_endless":false,"potions_floor_spawned":[3,5,6,11],"killed_by":"Lagavulin","ascension_level":1}}