{"host":"u2grshebrc5rdzdn","time":1609283069,"event":{"mods":["BaseMod","Jorbs\u0027s Wanderer Trilogy","Minty Spire (QoL Compilation)","StSLib"],"gold_per_floor":[119,69,69,88,13,13,43,53,53,81,100,135,135,150,150,248,298,314,264,294,169,179,205,244,244,244,278,147,147,172,172,172,282,282,307,329,394,344,344,344,388,388,412,442,442,442,460,478,478,478],"floor_reached":51,"playtime":4530,"items_purged":["stsjorbsmod:FreshAdventure","stsjorbsmod:DoubleCheck","stsjorbsmod:FranticSearch+1","stsjorbsmod:ChatteringStrike","stsjorbsmod:GatherPower"],"score":1142,"play_id":"717ea83c-4386-4cd5-8291-c74ed042b82a","local_time":"20201230000429","is_ascension_mode":true,"campfire_choices":[{"data":"stsjorbsmod:FranticSearch","floor":6,"key":"SMITH"},{"data":"stsjorbsmod:Banish","floor":13,"key":"SMITH"},{"data":"stsjorbsmod:FlameWard","floor":15,"key":"SMITH"},{"data":"stsjorbsmod:Mania","floor":25,"key":"SMITH"},{"data":"stsjorbsmod:Prestidigitation+1","floor":32,"key":"PURGE"},{"data":"stsjorbsmod:FlameWard+1","floor":40,"key":"PURGE"},{"data":"stsjorbsmod:EyeOfTheStorm","floor":42,"key":"PURGE"},{"data":"stsjorbsmod:OldPocket","floor":45,"key":"PURGE"},{"data":"stsjorbsmod:FlameWard+1","floor":49,"key":"PURGE"}],"circlet_count":0,"master_deck":["stsjorbsmod:ForbiddenGrimoire+1","stsjorbsmod:Mania+1","stsjorbsmod:Banish+1","stsjorbsmod:Inferno","stsjorbsmod:Mania","stsjorbsmod:Patron","RitualDagger+1","stsjorbsmod:DeathThroes+1"],"relics":["Pandora\u0027s Box","Ice Cream","Calipers","Smiling Mask","Lantern","Tiny House","TungstenRod","Molten Egg 2","Peace Pipe","Sozu","Du-Vu Doll","Potion Belt","Juzu Bracelet"],"acts_visited":["Exordium","TheCity","TheBeyond"],"potions_floor_usage":[50],"damage_taken":[{"damage":0,"enemies":"2 Louse","floor":1,"turns":2},{"damage":0,"enemies":"Cultist","floor":4,"turns":4},{"damage":0,"enemies":"Gremlin Nob","floor":7,"turns":5},{"damage":0,"enemies":"Small Slimes","floor":8,"turns":3},{"damage":4,"enemies":"3 Sentries","floor":10,"turns":6},{"damage":0,"enemies":"Blue Slaver","floor":11,"turns":3},{"damage":0,"enemies":"Lagavulin","floor":12,"turns":3},{"damage":0,"enemies":"Exordium Wildlife","floor":14,"turns":3},{"damage":27,"enemies":"The Guardian","floor":16,"turns":7},{"damage":0,"enemies":"Shell Parasite","floor":18,"turns":5},{"damage":0,"enemies":"Spheric Guardian","floor":20,"turns":5},{"damage":9,"enemies":"Snecko","floor":22,"turns":6},{"damage":1,"enemies":"Gremlin Leader","floor":23,"turns":3},{"damage":0,"enemies":"Shelled Parasite and Fungi","floor":24,"turns":5},{"damage":0,"enemies":"Book of Stabbing","floor":27,"turns":4},{"damage":0,"enemies":"Centurion and Healer","floor":30,"turns":3},{"damage":0,"enemies":"Collector","floor":33,"turns":3},{"damage":0,"enemies":"Orb Walker","floor":35,"turns":3},{"damage":8,"enemies":"3 Shapes","floor":36,"turns":3},{"damage":0,"enemies":"Mind Bloom Boss Battle","floor":37,"turns":4},{"damage":0,"enemies":"Giant Head","floor":41,"turns":5},{"damage":0,"enemies":"Nemesis","floor":44,"turns":3},{"damage":6,"enemies":"Sphere and 2 Shapes","floor":47,"turns":2},{"damage":0,"enemies":"Jaw Worm Horde","floor":48,"turns":1},{"damage":0,"enemies":"Awakened One","floor":50,"turns":4}],"seed_played":"-4805431212246662996","potions_obtained":[{"floor":1,"key":"AttackPotion"},{"floor":7,"key":"SpeedPotion"},{"floor":8,"key":"PowerPotion"},{"floor":12,"key":"Weak Potion"},{"floor":17,"key":"Dexterity Potion"},{"floor":18,"key":"GamblersBrew"}],"is_trial":false,"path_per_floor":["M","?","?","M","$","R","E","M","T","E","M","E","R","M","R","B",null,"M","$","M","$","M","E","M","R","T","E","$","?","M","?","R","B",null,"M","M","?","$","?","R","E","R","T","E","R","?","M","M","R","B",null],"character_chosen":"WANDERER","items_purchased":["stsjorbsmod:LiquidVirtue","stsjorbsmod:OldPocket"],"campfire_rested":0,"item_purchase_floors":[21,28],"current_hp_per_floor":[68,68,68,68,68,68,70,70,70,66,66,66,66,66,66,39,75,77,77,77,77,68,67,67,67,67,67,67,67,67,62,62,62,77,77,69,69,69,69,69,71,71,71,71,71,71,65,65,65,65],"gold":478,"neow_bonus":"BOSS_RELIC","is_daily":false,"chose_seed":false,"campfire_upgraded":4,"win_rate":0.0,"timestamp":1609283069,"path_taken":["M","?","?","M","$","R","E","M","T","E","M","E","R","M","R","BOSS","M","$","M","$","?","E","M","R","T","E","$","?","M","?","R","BOSS","M","M","?","$","?","R","E","R","T","E","R","?","M","M","R","BOSS"],"items_purchased_type":["Potion","Card"],"build_version":"2020-12-22","purchased_purges":5,"victory":true,"max_hp_per_floor":[68,68,68,68,68,68,70,70,70,70,70,70,70,70,70,70,75,77,77,77,77,77,77,77,77,77,77,77,77,77,77,77,77,77,77,77,77,77,77,77,79,79,79,79,79,79,79,79,79,79],"card_choices":[{"not_picked":["stsjorbsmod:MagicMissiles","stsjorbsmod:DoubleCheck"],"picked":"stsjorbsmod:FlameWard","floor":1},{"not_picked":["stsjorbsmod:TrueStrike","stsjorbsmod:Channel"],"picked":"stsjorbsmod:Mania","floor":4},{"not_picked":["stsjorbsmod:Index","stsjorbsmod:ArcaneWeapon"],"picked":"stsjorbsmod:FlameWard","floor":7},{"not_picked":["stsjorbsmod:DisguiseSelf","stsjorbsmod:BlackTentacles","stsjorbsmod:MageArmor"],"picked":"SKIP","floor":8},{"not_picked":["stsjorbsmod:Banish","stsjorbsmod:BlackTentacles","stsjorbsmod:FaerieFire"],"picked":"SKIP","floor":10},{"not_picked":["stsjorbsmod:RayOfFrost","stsjorbsmod:BurningFlask","stsjorbsmod:HedgeWizard"],"picked":"SKIP","floor":11},{"not_picked":["stsjorbsmod:TrueStrike","stsjorbsmod:ChainLightning","stsjorbsmod:DoubleCheck"],"picked":"SKIP","floor":12},{"not_picked":["stsjorbsmod:Prepare","stsjorbsmod:Determination"],"picked":"stsjorbsmod:Patron","floor":14},{"not_picked":["stsjorbsmod:Pyromancy","stsjorbsmod:ThirstingSword"],"picked":"stsjorbsmod:HoldMonster","floor":16},{"not_picked":["stsjorbsmod:ColorSpray","stsjorbsmod:UnseenServant"],"picked":"stsjorbsmod:Prestidigitation+1","floor":18},{"not_picked":["stsjorbsmod:Hibernate","stsjorbsmod:LocateObject","stsjorbsmod:Materialize+1"],"picked":"SKIP","floor":20},{"not_picked":["stsjorbsmod:Rest","stsjorbsmod:Hibernate","stsjorbsmod:FindFamiliar"],"picked":"SKIP","floor":22},{"not_picked":["stsjorbsmod:Rest","stsjorbsmod:HoldMonster"],"picked":"stsjorbsmod:GatherPower","floor":23},{"not_picked":["stsjorbsmod:Counterspell","stsjorbsmod:Firebolt","stsjorbsmod:SmithingStrike+1"],"picked":"SKIP","floor":24},{"not_picked":["stsjorbsmod:TrueStrike+1","stsjorbsmod:Firebolt+1","stsjorbsmod:RayOfFrost+1"],"picked":"SKIP","floor":27},{"not_picked":["stsjorbsmod:RefuseToForget","stsjorbsmod:Rest+1","stsjorbsmod:Inferno"],"picked":"SKIP","floor":30},{"not_picked":["stsjorbsmod:MirrorImage","stsjorbsmod:HoldMonster"],"picked":"stsjorbsmod:DeathThroes+1","floor":33},{"not_picked":["stsjorbsmod:Mending+1","stsjorbsmod:TrueStrike+1","stsjorbsmod:DoubleCheck"],"picked":"SKIP","floor":35},{"not_picked":["stsjorbsmod:Introspection","stsjorbsmod:ScorchingRay+1","stsjorbsmod:WeightOfMemory+1"],"picked":"SKIP","floor":36},{"not_picked":["stsjorbsmod:ScorchingRay","stsjorbsmod:Will+1","stsjorbsmod:WeightOfMemory+1"],"picked":"SKIP","floor":41},{"not_picked":["stsjorbsmod:ArcaneWeapon","stsjorbsmod:Mania+1","stsjorbsmod:Fear"],"picked":"SKIP","floor":44},{"not_picked":["stsjorbsmod:ArcaneWeapon","stsjorbsmod:DisguiseSelf+1","stsjorbsmod:Will+1"],"picked":"SKIP","floor":47},{"not_picked":["stsjorbsmod:Rest+1","stsjorbsmod:ChatteringStrike+1","stsjorbsmod:ArcaneWeapon+1"],"picked":"SKIP","floor":48}],"player_experience":427585,"relics_obtained":[{"floor":7,"key":"Ice Cream"},{"floor":9,"key":"Calipers"},{"floor":10,"key":"Smiling Mask"},{"floor":12,"key":"Lantern"},{"floor":23,"key":"TungstenRod"},{"floor":26,"key":"Molten Egg 2"},{"floor":27,"key":"Peace Pipe"},{"floor":37,"key":"Du-Vu Doll"},{"floor":41,"key":"Potion Belt"},{"floor":44,"key":"Juzu Bracelet"}],"event_choices":[{"cards_removed":["stsjorbsmod:WeightOfMemory"],"damage_healed":0,"gold_gain":0,"player_choice":"Card Removal","damage_taken":0,"max_hp_gain":0,"max_hp_loss":0,"event_name":"The Cleric","floor":2,"gold_loss":50},{"cards_removed":["stsjorbsmod:Firebolt"],"damage_healed":0,"gold_gain":0,"player_choice":"Purged","damage_taken":0,"max_hp_gain":0,"max_hp_loss":0,"event_name":"Purifier","floor":3,"gold_loss":0},{"damage_healed":0,"gold_gain":0,"player_choice":"Ignored","damage_taken":0,"max_hp_gain":0,"max_hp_loss":0,"event_name":"Vampires","floor":29,"gold_loss":0},{"damage_healed":0,"gold_gain":0,"player_choice":"Joined the Cult","damage_taken":6,"max_hp_gain":0,"max_hp_loss":0,"event_name":"Nest","floor":31,"gold_loss":0,"cards_obtained":["RitualDagger"]},{"damage_healed":0,"gold_gain":0,"player_choice":"Fight","damage_taken":0,"max_hp_gain":0,"max_hp_loss":0,"event_name":"MindBloom","floor":37,"gold_loss":0},{"damage_healed":0,"gold_gain":0,"player_choice":"Forge","damage_taken":0,"max_hp_gain":0,"max_hp_loss":0,"event_name":"Accursed Blacksmith","floor":39,"gold_loss":0,"cards_upgraded":["stsjorbsmod:FlameWard"]},{"cards_removed":["stsjorbsmod:HoldMonster"],"damage_healed":0,"gold_gain":0,"player_choice":"Removed Skill","damage_taken":0,"max_hp_gain":0,"max_hp_loss":0,"event_name":"Falling","floor":46,"gold_loss":0}],"is_beta":false,"boss_relics":[{"not_picked":["SacredBark","SlaversCollar"],"picked":"Tiny House"},{"not_picked":["Coffee Dripper","Astrolabe"],"picked":"Sozu"}],"items_purged_floors":[5,19,21,28,38],"is_endless":false,"potions_floor_spawned":[1,7,8,12,16,18,20,27,30,37,41,47],"ascension_level":1}}