{"host":"6koe3tp991t999dm","time":1609247800,"event":{"mods":["Act Like it!","Arknights The Spire","Astrologer","BaseMod","Bestiary","CapriCore","Colored Powertips","DeckTracker","Downfall","Gensokyo","Halation","Highlight Path","Hubris","Infinite Spire","Koishi","Lobotomy","LobotomyExtend","Marisa（霧雨　魔理沙）","Minty Spire (QoL Compilation)","Prisma Mod","Rare Cards Sparkle","Relic Stats","Remilia（蕾米莉?）","Replay The Spire","RumiaBox-露米?的神秘盒子","StSLib","The Alterego","The Immortal","The Jungle","The Mystic","WarShipGirlsR/??少女R mod","Yakumo Yukari mod","vexMod"],"gold_per_floor":[113,126,126,126,126,126,100,113,136,96,127,142,160,176,176,176,176],"floor_reached":16,"playtime":1248,"items_purged":[],"score":102,"play_id":"9dc2b5f3-bb2e-41ed-b249-9fc8224e0c83","local_time":"20201229141640","is_ascension_mode":false,"campfire_choices":[{"data":"ats:Sword Rain","floor":6,"key":"SMITH"},{"floor":15,"key":"REST"}],"circlet_count":0,"master_deck":["ats:Strike C","ats:Strike G","ats:Strike S","ats:Strike V","ats:Armor Crushing Shot","ats:Defend","ats:Defend","ats:Defend","ats:Defend","ats:Emotion Absorption+1","ats:Sword Rain+1","ats:Cat Scratch","ats:Disruption Kick","ats:Shell Defense","ats:Assault Order","ats:Wolf Pack","ats:Cat Scratch","ats:Curse Doll","ats:Encircling Forest"],"relics":["ats:Sanity","LetterFromLob","Blue Doll","ats:Originium","Bottled Flame"],"acts_visited":["Exordium"],"potions_floor_usage":[],"damage_taken":[{"damage":4,"enemies":"Cultist","floor":1,"turns":4},{"damage":1,"enemies":"Jaw Worm","floor":2,"turns":4},{"damage":1,"enemies":"2 Louse","floor":8,"turns":2},{"damage":32,"enemies":"Lagavulin","floor":11,"turns":9},{"damage":0,"enemies":"2 Fungi Beasts","floor":12,"turns":3},{"damage":14,"enemies":"Large Slime","floor":13,"turns":8},{"damage":13,"enemies":"Red Slaver","floor":14,"turns":5},{"damage":70,"enemies":"Slime Boss","floor":16,"turns":13}],"seed_played":"3520947470088680383","potions_obtained":[{"floor":10,"key":"Energy Potion"},{"floor":10,"key":"Milkshake"},{"floor":10,"key":"FairyPotion"},{"floor":11,"key":"Milkshake"},{"floor":14,"key":"BlessingOfTheForge"}],"is_trial":false,"path_per_floor":["M","M","?","?","?","R","$","M","T","?","E","M","M","M","R","B"],"character_chosen":"DOCTOR_CLASS","items_purchased":["ats:Shell Defense"],"campfire_rested":1,"item_purchase_floors":[7],"current_hp_per_floor":[68,67,67,67,67,67,67,68,68,68,38,38,29,19,40,0,0],"gold":176,"neow_bonus":"UPGRADE_CARD","is_daily":false,"chose_seed":false,"campfire_upgraded":1,"win_rate":0.0,"timestamp":1609247800,"path_taken":["M","?","?","?","?","R","$","?","T","?","E","M","?","M","R","BOSS"],"items_purchased_type":["Card"],"build_version":"2020-12-22","purchased_purges":0,"victory":false,"max_hp_per_floor":[72,72,72,72,72,72,72,72,72,72,72,72,72,72,72,72,72],"relic_stats":{"counters":[8,48],"obtain_stats":[{"Bottled Flame":11,"ats:Originium":11,"Blue Doll":9,"LetterFromLob":1,"ats:Sanity":0},{"Bottled Flame":4,"ats:Originium":4,"Blue Doll":3,"LetterFromLob":1,"ats:Sanity":0},{"Bottled Flame":19,"ats:Originium":19,"Blue Doll":10,"LetterFromLob":4,"ats:Sanity":0}]},"card_choices":[{"not_picked":["ats:Shell Defense","ats:Healing Drone"],"picked":"ats:Sword Rain","floor":1},{"not_picked":["ats:Shell Defense","ats:Leaping Hammer"],"picked":"ats:Cat Scratch","floor":2},{"not_picked":[],"picked":"ats:Disruption Kick","floor":5},{"not_picked":["ats:Childhood Dance","ats:Powerful Strike"],"picked":"ats:Assault Order","floor":8},{"not_picked":["ats:Ambush","ats:Cat Scratch"],"picked":"ats:Wolf Pack","floor":11},{"not_picked":["ats:Flexible Camouflage","ats:Explosion Area Strengthen"],"picked":"ats:Cat Scratch","floor":12},{"not_picked":["ats:Beaten Up","ats:Counter Healing Mode"],"picked":"ats:Curse Doll","floor":13},{"not_picked":["ats:Ignite","ats:Leaping Hammer"],"picked":"ats:Encircling Forest","floor":14}],"player_experience":25361,"relics_obtained":[{"floor":1,"key":"LetterFromLob"},{"floor":9,"key":"Blue Doll"},{"floor":11,"key":"ats:Originium"},{"floor":11,"key":"Bottled Flame"}],"event_choices":[{"damage_healed":0,"gold_gain":0,"player_choice":"Bought 3 Potions","damage_taken":0,"max_hp_gain":0,"max_hp_loss":0,"event_name":"The Woman in Blue","floor":10,"gold_loss":0}],"is_beta":false,"boss_relics":[],"items_purged_floors":[],"is_endless":false,"potions_floor_spawned":[11,14],"killed_by":"Slime Boss","ascension_level":0}}