{"host":"6hzrz31j95f2y1pa","time":1609215552,"event":{"mods":["BaseMod","Colored Map","Downfall","Minty Spire (QoL Compilation)","StSLib"],"gold_per_floor":[99,110,129,142,142,142,142,158,158,25,57,71,97,7,17,91,91,16,30,50,35,35,35,35],"floor_reached":22,"playtime":1376,"items_purged":["hexamod:Defend"],"score":323,"play_id":"05dc5cc5-6cc7-4d9e-9037-9d7f007b9d34","local_time":"20201228231912","is_ascension_mode":true,"campfire_choices":[{"data":"hexamod:Float","floor":1.0,"key":"SMITH"},{"data":"hexamod:Again","floor":6.0,"key":"SMITH"},{"data":"Blind","floor":18,"key":"SMITH"}],"circlet_count":0,"master_deck":["AscendersBane","hexamod:Strike","hexamod:Strike","hexamod:Strike","hexamod:Defend","hexamod:Defend","hexamod:Defend","hexamod:Sear","hexamod:Float+1","Blind+1","hexamod:Again+1","hexamod:HauntingEcho","hexamod:ThermalTransfer","hexamod:Again","hexamod:FastForward","hexamod:GhostOfSpirePresent","hexamod:RadiantFlame","hexamod:FifthSeal","hexamod:FirstSeal","hexamod:Hexaguard","hexamod:FourthSeal","hexamod:SecondSeal"],"relics":["hexamod:SpiritBrand","Mercury Hourglass","Boot","Kunai","Cursed Key","downfall:HeartBlessingGreen"],"acts_visited":["Exordium","TheCity"],"potions_floor_usage":[16,21,22,22],"damage_taken":[{"damage":0.0,"enemies":"2 Louse","floor":2.0,"turns":3.0},{"damage":1.0,"enemies":"Jaw Worm","floor":3.0,"turns":3.0},{"damage":0.0,"enemies":"Cultist","floor":4.0,"turns":3.0},{"damage":0.0,"enemies":"Blue Slaver","floor":8.0,"turns":2.0},{"damage":0.0,"enemies":"downfall:FleeingMerchant","floor":10.0,"turns":4.0},{"damage":13.0,"enemies":"Lagavulin","floor":11.0,"turns":6.0},{"damage":4.0,"enemies":"Gremlin Gang","floor":12.0,"turns":4.0},{"damage":11.0,"enemies":"Gremlin Nob","floor":13.0,"turns":4.0},{"damage":0.0,"enemies":"downfall:FleeingMerchant","floor":14.0,"turns":4.0},{"damage":0.0,"enemies":"Exordium Wildlife","floor":15.0,"turns":3.0},{"damage":24,"enemies":"downfall:Silent","floor":16,"turns":10},{"damage":18,"enemies":"Shell Parasite","floor":19,"turns":6},{"damage":5,"enemies":"3 Byrds","floor":20,"turns":5},{"damage":14,"enemies":"downfall:FleeingMerchant","floor":21,"turns":4},{"damage":47,"enemies":"Masked Bandits","floor":22,"turns":3}],"seed_played":"-6507129276697471986","potions_obtained":[{"floor":2.0,"key":"Fire Potion"},{"floor":4.0,"key":"Guardian:BlockOnCardUsePotion"},{"floor":13.0,"key":"LiquidBronze"},{"floor":20,"key":"PowerPotion"},{"floor":21,"key":"FearPotion"}],"is_trial":false,"path_per_floor":["R","M","M","M","?","R","T","M","?","$","E","M","E","$","M","B",null,"R","M","M","$","?"],"character_chosen":"THE_SPIRIT","items_purchased":["hexamod:FastForward","hexamod:GhostOfSpirePresent"],"campfire_rested":0,"item_purchase_floors":[10,10],"current_hp_per_floor":[63,63,62,62,62,62,62,62,62,62,49,45,34,34,34,10,55,55,37,39,32,0,0,0],"gold":35,"neow_bonus":"RANDOM_COLORLESS","is_daily":false,"chose_seed":false,"campfire_upgraded":3,"win_rate":0.0,"timestamp":1609215552,"path_taken":["R","M","M","M","?","R","T","M","?","$","E","?","E","$","M","BOSS","R","M","M","$","?"],"items_purchased_type":["Card","Card"],"build_version":"2020-12-22","purchased_purges":1,"victory":false,"max_hp_per_floor":[70,70,70,70,70,70,70,70,70,70,70,70,70,70,70,70,70,70,70,70,70,70,70,70],"card_choices":[{"not_picked":["expansioncontent:AwakenDeath","Mind Blast"],"picked":"Blind","floor":0.0},{"not_picked":["hexamod:GhostShield","hexamod:Firestarter"],"picked":"hexamod:Again","floor":2.0},{"not_picked":["hexamod:PowerFromBeyond","hexamod:PhantomCloak"],"picked":"hexamod:HauntingEcho","floor":3.0},{"not_picked":["hexamod:SwordOfDarkness","hexamod:Hexaguard"],"picked":"hexamod:ThermalTransfer","floor":4.0},{"not_picked":["hexamod:NightmareStrike","hexamod:EtherealExpedition","hexamod:BacktrackSmack"],"picked":"SKIP","floor":8.0},{"not_picked":["hexamod:AdvancingGuard","hexamod:WildfireWeapon"],"picked":"hexamod:Again","floor":10.0},{"not_picked":["hexamod:PhantomCloak","hexamod:Incineration","hexamod:FastForward"],"picked":"SKIP","floor":11.0},{"not_picked":["hexamod:PhantomCloak","hexamod:SpectersWail","hexamod:GhostOfSpireFuture"],"picked":"SKIP","floor":12.0},{"not_picked":["hexamod:BacktrackSmack","hexamod:Firestarter"],"picked":"hexamod:RadiantFlame","floor":13.0},{"not_picked":["hexamod:ShieldOfDarkness","hexamod:InspiringFlames","hexamod:Haunt"],"picked":"SKIP","floor":14.0},{"not_picked":["hexamod:NightmareStrike","hexamod:Rewind","hexamod:FlamesFromBeyond"],"picked":"SKIP","floor":15.0},{"not_picked":["hexamod:GiftsFromTheDead","hexamod:SearingWound"],"picked":"hexamod:FifthSeal","floor":16},{"not_picked":["hexamod:FourthSeal","hexamod:SecondSeal"],"picked":"hexamod:FirstSeal","floor":19},{"not_picked":["hexamod:NightmareStrike","hexamod:ChargedBarrage"],"picked":"hexamod:Hexaguard","floor":19},{"not_picked":["hexamod:FirstSeal","hexamod:SecondSeal"],"picked":"hexamod:FourthSeal","floor":20},{"not_picked":["hexamod:AdvancingGuard","hexamod:Rewind","hexamod:Again"],"picked":"SKIP","floor":20},{"not_picked":["hexamod:FourthSeal","hexamod:ThirdSeal"],"picked":"hexamod:SecondSeal","floor":21},{"not_picked":["hexamod:BacktrackSmack","hexamod:StepThrough","hexamod:RadiantFlame"],"picked":"SKIP","floor":21}],"player_experience":1260893,"relics_obtained":[{"floor":7.0,"key":"Mercury Hourglass"},{"floor":11.0,"key":"Boot"},{"floor":13.0,"key":"Kunai"}],"event_choices":[{"damage_healed":0,"gold_gain":0,"player_choice":"Fought Bandits","damage_taken":0,"max_hp_gain":0,"max_hp_loss":0,"event_name":"Masked Bandits","floor":22,"gold_loss":0}],"is_beta":false,"boss_relics":[{"not_picked":["Busted Crown","Black Star"],"picked":"Cursed Key"}],"items_purged_floors":[14],"is_endless":false,"potions_floor_spawned":[2,4,8,13,15,20],"killed_by":"Masked Bandits","ascension_level":13}}