{"host":"2se5dq1do2gp0x9k","time":1609225522,"event":{"mods":["AchievementEnabler","BaseMod","Block Reminder","Colored Map","Colored Powertips","Minty Spire (QoL Compilation)","Relic Stats","StSLib","SuperFastMode"],"gold_per_floor":[114,114,39,54,54,88,88,107,107,136,156,75,87,137,137,212,212,212,212],"floor_reached":18,"playtime":629,"items_purged":["Defend_R"],"score":340,"play_id":"1db05353-2d4f-4306-a86a-940042bdeb76","local_time":"20201228230522","is_ascension_mode":true,"campfire_choices":[{"data":"Whirlwind","floor":7,"key":"SMITH"},{"data":"Shockwave","floor":15,"key":"SMITH"}],"circlet_count":0,"master_deck":["AscendersBane","Strike_R","Strike_R","Strike_R","Strike_R","Strike_R","Defend_R","Defend_R","Defend_R","Bash","Whirlwind+1","Metallicize","Hemokinesis","Flex","Brutality","Shockwave+1","Shrug It Off","Reaper"],"relics":["Burning Blood","Orichalcum","Toy Ornithopter","Self Forming Clay","Sundial","White Beast Statue","Blue Candle","Runic Pyramid"],"acts_visited":["Exordium","TheCity"],"potions_floor_usage":[10,13,16,16],"damage_taken":[{"damage":4,"enemies":"Small Slimes","floor":1,"turns":4},{"damage":18,"enemies":"Jaw Worm","floor":4,"turns":4},{"damage":21,"enemies":"3 Sentries","floor":6,"turns":8},{"damage":0,"enemies":"Cultist","floor":8,"turns":2},{"damage":22,"enemies":"Lagavulin","floor":10,"turns":6},{"damage":6,"enemies":"Blue Slaver","floor":11,"turns":4},{"damage":10,"enemies":"Exordium Thugs","floor":13,"turns":3},{"damage":25,"enemies":"Hexaghost","floor":16,"turns":9},{"damage":4,"enemies":"Chosen","floor":18,"turns":4}],"seed_played":"3099368547274884298","potions_obtained":[{"floor":4,"key":"GamblersBrew"},{"floor":6,"key":"EntropicBrew"},{"floor":8,"key":"DistilledChaos"},{"floor":10,"key":"SkillPotion"},{"floor":13,"key":"LiquidMemories"}],"is_trial":false,"path_per_floor":["M","?","$","M","T","E","R","M","T","E","M","$","M","?","R","B",null,"M"],"character_chosen":"IRONCLAD","items_purchased":["Shockwave"],"campfire_rested":0,"item_purchase_floors":[12],"current_hp_per_floor":[70,52,52,40,40,25,25,31,31,20,20,20,21,21,21,12,59,59,59],"gold":212,"neow_bonus":"RANDOM_COMMON_RELIC","is_daily":false,"chose_seed":false,"campfire_upgraded":2,"win_rate":0.0,"timestamp":1609225522,"path_taken":["M","?","$","M","?","E","R","M","T","E","M","$","?","?","R","BOSS","M"],"items_purchased_type":["Card"],"build_version":"2020-12-22","purchased_purges":1,"victory":false,"max_hp_per_floor":[75,75,75,75,75,75,75,75,75,75,75,75,75,75,75,75,75,75,75],"relic_stats":{"counters":[9,44],"Self Forming Clay":[87],"Sundial":[6],"Blue Candle":[0],"Orichalcum":[102],"obtain_stats":[{"Self Forming Clay":5,"Sundial":6,"Blue Candle":10,"Orichalcum":0,"Burning Blood":0,"Toy Ornithopter":2,"White Beast Statue":9,"Runic Pyramid":17},{"Self Forming Clay":2,"Sundial":3,"Blue Candle":5,"Orichalcum":0,"Burning Blood":0,"Toy Ornithopter":1,"White Beast Statue":4,"Runic Pyramid":8},{"Self Forming Clay":8,"Sundial":16,"Blue Candle":24,"Orichalcum":0,"Burning Blood":0,"Toy Ornithopter":4,"White Beast Statue":18,"Runic Pyramid":40}],"Burning Blood":48,"Toy Ornithopter":20},"card_choices":[{"not_picked":["Cleave","Heavy Blade"],"picked":"Whirlwind","floor":1},{"not_picked":["Blood for Blood","Infernal Blade"],"picked":"Metallicize","floor":4},{"not_picked":["Searing Blow","Rage"],"picked":"Hemokinesis","floor":6},{"not_picked":["Flame Barrier","Wild Strike"],"picked":"Flex","floor":8},{"not_picked":["Blood for Blood","Headbutt"],"picked":"Brutality","floor":10},{"not_picked":["Rampage","Armaments","Anger"],"picked":"SKIP","floor":11},{"not_picked":["True Grit","Body Slam"],"picked":"Shrug It Off","floor":13},{"not_picked":["Fiend Fire","Exhume"],"picked":"Reaper","floor":16}],"player_experience":3649304,"relics_obtained":[{"floor":5,"key":"Self Forming Clay"},{"floor":6,"key":"Sundial"},{"floor":9,"key":"White Beast Statue"},{"floor":10,"key":"Blue Candle"}],"event_choices":[{"damage_healed":0,"gold_gain":0,"player_choice":"Success","damage_taken":18,"relics_obtained":["Toy Ornithopter"],"max_hp_gain":0,"max_hp_loss":0,"event_name":"Scrap Ooze","floor":2,"gold_loss":0},{"damage_healed":0,"gold_gain":50,"player_choice":"Pray","damage_taken":0,"max_hp_gain":0,"max_hp_loss":0,"event_name":"Golden Shrine","floor":14,"gold_loss":0}],"is_beta":false,"boss_relics":[{"not_picked":["SlaversCollar","Black Blood"],"picked":"Runic Pyramid"}],"items_purged_floors":[3],"is_endless":false,"potions_floor_spawned":[4,6,8,10,11,13,16],"killed_by":"Chosen","ascension_level":20}}