{"host":"a1u4jo6xlg3w0wsm","time":1609236273,"event":{"mods":["BaseMod","Hermit","Minty Spire (QoL Compilation)","Rare Cards Sparkle","StSLib","The Cursed"],"gold_per_floor":[111,17,0,0,21,57,57,57,57,91,91,114,129,44,44,167,167,188,211,55,70,95,136,136,152,152,193,193,193],"floor_reached":28,"playtime":2414,"items_purged":[],"score":293,"play_id":"e23666bc-1440-49c7-b744-36af3a9357a7","local_time":"20201229230433","is_ascension_mode":false,"campfire_choices":[{"data":"hermit:Headshot","floor":8.0,"key":"SMITH"},{"floor":11.0,"key":"REST"},{"floor":15.0,"key":"REST"},{"floor":24,"key":"REST"}],"circlet_count":0,"master_deck":["hermit:Strike_Hermit","hermit:Strike_Hermit","hermit:Strike_Hermit","hermit:Strike_Hermit","hermit:Defend_Hermit","hermit:Defend_Hermit","hermit:Defend_Hermit","hermit:Defend_Hermit","hermit:Snapshot","hermit:Covet","hermit:ShadowCloak","hermit:ShadowCloak","hermit:TrackingShot","Injury","hermit:Headshot+1","hermit:FinalCanter","Pain","hermit:Misfire","hermit:Brawl","hermit:GoldenBullet","hermit:TakeCover","hermit:Shortfuse","hermit:HighCaliber","hermit:FromBeyond","CurseOfTheBell","hermit:HighCaliber+1","hermit:Quickdraw","hermit:Spite","hermit:Determination","hermit:Desperado","hermit:Desperado","hermit:Manifest+1","hermit:Snipe+1","hermit:SprayPray","hermit:Grudge","hermit:FatalDesire"],"relics":["hermit:Momento","Golden Idol","WingedGreaves","WarpedTongs","Dream Catcher","Anchor","Calling Bell","PreservedInsect","Mummified Hand","CaptainsWheel","Potion Belt","hermit:RedScarf","Tiny Chest"],"acts_visited":["Exordium","TheCity"],"potions_floor_usage":[22,22,22,23,27],"damage_taken":[{"damage":1.0,"enemies":"Jaw Worm","floor":1.0,"turns":3.0},{"damage":0.0,"enemies":"2 Louse","floor":5.0,"turns":5.0},{"damage":13.0,"enemies":"Lagavulin","floor":6.0,"turns":6.0},{"damage":27.0,"enemies":"Gremlin Nob","floor":10.0,"turns":5.0},{"damage":0.0,"enemies":"Cultist","floor":12.0,"turns":2.0},{"damage":11.0,"enemies":"Lots of Slimes","floor":13.0,"turns":4.0},{"damage":46.0,"enemies":"Hexaghost","floor":16.0,"turns":11.0},{"damage":15.0,"enemies":"2 Thieves","floor":18.0,"turns":4.0},{"damage":9.0,"enemies":"Shell Parasite","floor":19.0,"turns":4.0},{"damage":7.0,"enemies":"Sentry and Sphere","floor":21.0,"turns":5.0},{"damage":0,"enemies":"3 Cultists","floor":22,"turns":4},{"damage":31,"enemies":"Gremlin Leader","floor":23,"turns":6},{"damage":14,"enemies":"Centurion and Healer","floor":25,"turns":6},{"damage":4,"enemies":"Book of Stabbing","floor":27,"turns":4},{"damage":26,"enemies":"Chosen and Byrds","floor":28,"turns":5}],"seed_played":"-4622688813486011075","potions_obtained":[{"floor":1.0,"key":"DistilledChaos"},{"floor":12.0,"key":"hermit:BlackBile"},{"floor":13.0,"key":"SpeedPotion"},{"floor":18.0,"key":"Fire Potion"},{"floor":21.0,"key":"Dexterity Potion"},{"floor":22,"key":"SkillPotion"},{"floor":25,"key":"hermit:Eclipse"}],"is_trial":false,"path_per_floor":["M","$","?","?","M","E","?","R","T","E","R","M","M","$","R","B",null,"M","M","$","M","M","E","R","M","T","E","M"],"character_chosen":"HERMIT","items_purchased":["hermit:ShadowCloak","hermit:TrackingShot","hermit:Shortfuse","Energy Potion","hermit:Spite","hermit:Determination","hermit:Desperado"],"campfire_rested":3,"item_purchase_floors":[2,2,14,14,20,20,20],"current_hp_per_floor":[81,81,81,81,81,68,68,68,68,41,65,65,54,54,78,32,82,67,58,58,51,51,20,44,30,30,26,0,0],"gold":193,"neow_bonus":"TEN_PERCENT_HP_BONUS","is_daily":false,"chose_seed":false,"campfire_upgraded":1,"win_rate":0.0,"timestamp":1609236273,"path_taken":["M","$","?","?","M","E","?","R","T","E","R","M","?","$","R","BOSS","M","M","?","M","M","E","R","M","T","E","M"],"items_purchased_type":["Card","Card","Card","Potion","Card","Card","Card"],"build_version":"2020-12-13","purchased_purges":0,"victory":false,"max_hp_per_floor":[82,82,82,82,82,82,82,82,82,82,82,82,82,82,82,82,82,82,82,82,82,82,82,82,82,82,82,82,82],"card_choices":[{"not_picked":["hermit:Scavenge","hermit:Vantage"],"picked":"hermit:ShadowCloak","floor":1.0},{"not_picked":["hermit:Feint","hermit:TakeCover"],"picked":"hermit:Headshot","floor":5.0},{"not_picked":["hermit:Misfire","hermit:DeadMansHand"],"picked":"hermit:FinalCanter","floor":6.0},{"not_picked":["hermit:LowProfile","hermit:TrackingShot"],"picked":"hermit:Misfire","floor":10.0},{"not_picked":["hermit:Misfire","hermit:Dive"],"picked":"hermit:Brawl","floor":11.0},{"not_picked":["hermit:GhostlyPresence","hermit:TrackingShot"],"picked":"hermit:GoldenBullet","floor":12.0},{"not_picked":["hermit:CalledShot","hermit:NoHoldsBarred"],"picked":"hermit:TakeCover","floor":13.0},{"not_picked":["hermit:CalledShot","hermit:Magnum"],"picked":"hermit:HighCaliber","floor":15.0},{"not_picked":["hermit:OverwhelmingPower","hermit:Reprieve"],"picked":"hermit:FromBeyond","floor":16.0},{"not_picked":["hermit:LowProfile","hermit:RoundhouseKick"],"picked":"hermit:HighCaliber+1","floor":18.0},{"not_picked":["hermit:TakeCover","hermit:DeadMansHand"],"picked":"hermit:Quickdraw","floor":19.0},{"not_picked":["hermit:Misfire","hermit:Feint"],"picked":"hermit:Desperado","floor":21.0},{"not_picked":["hermit:Deadeye","hermit:Malice"],"picked":"hermit:Manifest+1","floor":22},{"not_picked":["hermit:Dive","hermit:HoleUp"],"picked":"hermit:Snipe+1","floor":23},{"not_picked":["hermit:LuckOfTheDraw","hermit:TakeCover"],"picked":"hermit:SprayPray","floor":24},{"not_picked":["hermit:GoldenBullet","hermit:Ricochet"],"picked":"hermit:Grudge","floor":25},{"not_picked":["hermit:EyeOfTheStorm+1","hermit:HighCaliber+1"],"picked":"hermit:FatalDesire","floor":27}],"player_experience":216542,"relics_obtained":[{"floor":6.0,"key":"WingedGreaves"},{"floor":9.0,"key":"Dream Catcher"},{"floor":10.0,"key":"Anchor"},{"floor":17.0,"key":"PreservedInsect"},{"floor":17.0,"key":"Mummified Hand"},{"floor":17.0,"key":"CaptainsWheel"},{"floor":23,"key":"Potion Belt"},{"floor":26,"key":"hermit:RedScarf"},{"floor":27,"key":"Tiny Chest"}],"event_choices":[{"damage_healed":0.0,"max_hp_gain":0.0,"max_hp_loss":0.0,"gold_gain":0.0,"event_name":"World of Goop","player_choice":"Left Gold","floor":3.0,"gold_loss":17.0,"damage_taken":0.0},{"damage_healed":0.0,"max_hp_gain":0.0,"max_hp_loss":0.0,"gold_gain":0.0,"event_name":"Golden Idol","player_choice":"Take Wound","floor":4.0,"gold_loss":0.0,"damage_taken":0.0,"relics_obtained":["Golden Idol"],"cards_obtained":["Injury"]},{"damage_healed":0.0,"max_hp_gain":0.0,"max_hp_loss":0.0,"gold_gain":0.0,"event_name":"Accursed Blacksmith","player_choice":"Rummage","floor":7.0,"gold_loss":0.0,"damage_taken":0.0,"relics_obtained":["WarpedTongs"],"cards_obtained":["Pain"]}],"is_beta":false,"boss_relics":[{"not_picked":["Busted Crown","Empty Cage"],"picked":"Calling Bell"}],"items_purged_floors":[],"is_endless":false,"potions_floor_spawned":[1,12,13,18,21,22,25],"killed_by":"Chosen and Byrds","ascension_level":0}}