{"host":"h1l2j95f0ioyx0nx","time":1609255442,"event":{"mods":["AchievementEnabler","BaseMod","BetterRewards","Gold Saver","Minty Spire (QoL Compilation)","Quick Restart","Replay The Spire","Shop Mod","Spicy Shops","StSLib","The Cursed","The Dragon Tamer","The Hierophant","The Poker Player","The Runesmith"],"gold_per_floor":[1630,1643,1657,1672,126,157,15,29,78,112,174,174,174,190,190,190,190,294,294,308,326,326,326,342,342,356,29,29,39,58,77,105,105,105,206,206,225,243,243,5,15,15,28,28,55,5,18,38,38,56,56,56,56,56,6,33,33,33],"floor_reached":57,"playtime":7574,"items_purged":["Runesmith:Strike_RS","Looming Evil"],"score":790,"play_id":"ac555e4c-d2e6-4393-9d99-15dddc80a56e","local_time":"20201230002402","is_ascension_mode":false,"campfire_choices":[{"floor":12,"key":"RECALL"},{"floor":17,"key":"REST"},{"data":"Runesmith:UnlimitedPower","floor":25,"key":"SMITH"},{"floor":34,"key":"DIG"},{"floor":42,"key":"REST"},{"floor":44,"key":"REST"},{"floor":51,"key":"REST"}],"circlet_count":0,"master_deck":["Runesmith:Strike_RS","Runesmith:Strike_RS","Runesmith:Strike_RS+1","Runesmith:Defend_RS","Runesmith:Defend_RS","Runesmith:Defend_RS","Runesmith:CraftFirestone+1","Runesmith:Fortify","Runesmith:EarthShield+1","Runesmith:GrandSlam+1","Runesmith:GoWithTheFlow","Runesmith:PoweredAnvil","Runesmith:Retool","Runesmith:CraftPrismatica","Runesmith:LightningRod","Runesmith:RunicBlueprint","Runesmith:CraftMagma","Runesmith:ChiselStab+1","Runesmith:FrozenChisel","Runesmith:Augment+1","Runesmith:Supernova","Runesmith:UnlimitedPower+1","Runesmith:RunicBlueprint","Runesmith:RuneHurl","Runesmith:HammerTime","Runesmith:PoweredAnvil+1","Runesmith:PoweredAnvil+1","Runesmith:Accelerate","Runesmith:ReplicatingBarrier","Runesmith:Prism","Runesmith:Duplicate","Runesmith:Grindstone","Runesmith:OneForEveryone+1","Runesmith:HammerThrow","Runesmith:CraftMedicinae","Mayhem","Metamorphosis","Jack Of All Trades","Runesmith:Permafrost","Runesmith:Permafrost","Runesmith:StaticCage+1"],"relics":["Runesmith:BrokenRuby","Replay:PocketPolymizer","Chemical X","Chameleon Ring","War Paint","Replay:Wax Seal","Anchor","Bottled Tornado","Blue Doll","Philosopher\u0027s Stone","Strange Spoon","Replay:Bottled Eggs","Pen Nib","Ornamental Fan","Gremlin Food","Fusion Hammer","Snack Pack","Smiling Mask","Lantern"],"acts_visited":["Exordium","TheCity","TheBeyond","TheEnding"],"potions_floor_usage":[18,26,27,32,35,35,43,47,52,52,52,52,52,52,57],"damage_taken":[{"damage":0,"enemies":"Cultist","floor":1,"turns":4},{"damage":3,"enemies":"Small Slimes","floor":2,"turns":4},{"damage":5,"enemies":"2 Louse","floor":3,"turns":3},{"damage":7,"enemies":"Large Slime","floor":4,"turns":6},{"damage":3,"enemies":"3 Sentries","floor":6,"turns":6},{"damage":0,"enemies":"Looter","floor":8,"turns":4},{"damage":13,"enemies":"Lagavulin","floor":10,"turns":7},{"damage":4,"enemies":"3 Sentries","floor":11,"turns":8},{"damage":0,"enemies":"Red Slaver","floor":14,"turns":3},{"damage":6,"enemies":"Fading Forest","floor":18,"turns":11},{"damage":30,"enemies":"3 Byrds","floor":20,"turns":5},{"damage":12,"enemies":"2 Thieves","floor":21,"turns":5},{"damage":16,"enemies":"Snecko","floor":24,"turns":7},{"damage":0,"enemies":"Centurion and Healer","floor":26,"turns":4},{"damage":7,"enemies":"Shelled Parasite and Fungi","floor":29,"turns":5},{"damage":0,"enemies":"Sentry and Sphere","floor":30,"turns":4},{"damage":15,"enemies":"3 Cultists","floor":31,"turns":4},{"damage":0,"enemies":"Book of Stabbing","floor":32,"turns":6},{"damage":0,"enemies":"Collector","floor":35,"turns":9},{"damage":19,"enemies":"Orb Walker","floor":37,"turns":6},{"damage":32,"enemies":"3 Darklings","floor":38,"turns":7},{"damage":1,"enemies":"Jaw Worm Horde","floor":41,"turns":7},{"damage":1,"enemies":"Maw","floor":43,"turns":7},{"damage":17,"enemies":"Transient","floor":47,"turns":5},{"damage":10,"enemies":"Jaw Worm Horde","floor":48,"turns":5},{"damage":11,"enemies":"3 Darklings","floor":50,"turns":5},{"damage":7,"enemies":"Time Eater","floor":52,"turns":12},{"damage":52,"enemies":"Shield and Spear","floor":56,"turns":9},{"damage":125,"enemies":"The Heart","floor":57,"turns":6}],"seed_played":"4140935374156824438","potions_obtained":[{"floor":2,"key":"Flashbang"},{"floor":3,"key":"LifebloodPotion"},{"floor":4,"key":"Milkshake"},{"floor":14,"key":"Elixir"},{"floor":24,"key":"SneckoOil"},{"floor":31,"key":"BlessingOfTheForge"},{"floor":32,"key":"Adrenaline Potion"},{"floor":35,"key":"EssenceOfSteel"},{"floor":41,"key":"Fire Potion"},{"floor":43,"key":"SkillPotion"},{"floor":47,"key":"EntropicBrew"},{"floor":54,"key":"ColorlessPotion"},{"floor":54,"key":"FairyPotion"}],"is_trial":false,"path_per_floor":["M","M","M","M","$","E","$","M","T","E","?","R","?","M","PTL","PTL","R","B",null,"M","M","?","?","M","R","M","$","T","M","M","M","E","?","R","B",null,"M","M","?","$","M","R","M","R","T","$","M","M","?","M","R","B",null,"R","$","E","B"],"character_chosen":"RUNESMITH_CLASS","items_purchased":["Runesmith:GrandSlam","Replay:PocketPolymizer","Chemical X","Chameleon Ring","War Paint","Runesmith:GoWithTheFlow","Runesmith:PoweredAnvil","Runesmith:Retool","Runesmith:CraftPrismatica","Anchor","Runesmith:RunicBlueprint","Runesmith:PoweredAnvil","Fruit Juice","Strange Spoon","Snack Pack","Runesmith:Permafrost"],"campfire_rested":4,"item_purchase_floors":[5,5,5,5,5,5,5,5,5,7,7,27,27,27,40,55],"current_hp_per_floor":[77,74,69,62,62,59,59,59,59,46,42,42,42,42,42,42,65,69,77,47,35,35,35,19,19,19,26,26,19,19,4,4,4,4,4,84,65,33,33,33,36,61,62,84,84,84,67,59,49,42,67,82,84,84,84,40,0,0],"gold":33,"neow_bonus":"TEN_PERCENT_HP_BONUS","is_daily":false,"chose_seed":false,"campfire_upgraded":1,"win_rate":0.0,"timestamp":1609255442,"path_taken":["M","M","M","M","$","E","?","M","T","E","?","R","?","M","PTL","PTL","R","BOSS","M","M","?","?","M","R","M","$","T","M","?","M","E","?","R","BOSS","M","M","?","$","M","R","M","R","T","$","M","M","?","M","R","BOSS","R","$","E","BOSS"],"items_purchased_type":["Card","Relic","Relic","Relic","Relic","Card","Card","Card","Card","Relic","Card","Card","Potion","Relic","Relic","Card"],"build_version":"2020-12-22","purchased_purges":2,"victory":false,"max_hp_per_floor":[77,77,77,77,77,77,77,77,77,77,77,77,77,77,77,77,77,77,77,77,77,77,77,77,77,77,84,84,84,84,84,84,84,84,84,84,84,84,84,84,84,84,84,84,84,84,84,84,84,84,84,84,84,84,84,84,84,84],"card_choices":[{"not_picked":["Runesmith:CraftMagma","Runesmith:HeatedChisel"],"picked":"Runesmith:EnergizedChisel","floor":1},{"not_picked":["Runesmith:NanitesCloud","Runesmith:HeatExchange","Runesmith:RuneHurl"],"picked":"SKIP","floor":2},{"not_picked":["Runesmith:ElementalConversion","Runesmith:StaticCage"],"picked":"Runesmith:Discharge","floor":3},{"not_picked":["Runesmith:RuneHurl","Runesmith:Repurpose"],"picked":"Runesmith:EarthShield","floor":4},{"not_picked":["Runesmith:Permafrost","Runesmith:Attraction"],"picked":"Runesmith:LightningRod","floor":6},{"not_picked":["Runesmith:MakeshiftArmor","Runesmith:CraftProtectio"],"picked":"Runesmith:CraftMagma","floor":8},{"not_picked":["Runesmith:Prism","Runesmith:FieryHammer"],"picked":"Runesmith:ChiselStab","floor":10},{"not_picked":["Runesmith:CraftVitae","Runesmith:MakeshiftArmor"],"picked":"Runesmith:FrozenChisel","floor":11},{"not_picked":["Runesmith:CraftMagma","Runesmith:Overpower"],"picked":"Runesmith:Supernova","floor":14},{"not_picked":["Runesmith:DuctTape","Runesmith:ReplicatingBarrier"],"picked":"Runesmith:UnlimitedPower","floor":18},{"not_picked":["Runesmith:Malloc","Runesmith:EarthShield","Runesmith:Discharge"],"picked":"SKIP","floor":20},{"not_picked":["Runesmith:MakeshiftArmor+1","Runesmith:ShiftingStrike","Runesmith:EarthShield"],"picked":"SKIP","floor":21},{"not_picked":["Runesmith:UnstableHammer","Runesmith:ShiftingStrike"],"picked":"Runesmith:RuneHurl","floor":24},{"not_picked":["Runesmith:UnstableHammer","Runesmith:EnergizedChisel"],"picked":"Runesmith:HammerTime","floor":26},{"not_picked":["Runesmith:Malloc","Runesmith:ShiftingStrike"],"picked":"Runesmith:PoweredAnvil+1","floor":29},{"not_picked":["Runesmith:EnergizedChisel","Runesmith:MakeshiftArmor"],"picked":"Runesmith:Accelerate","floor":30},{"not_picked":["Runesmith:Permafrost","Runesmith:Overpower"],"picked":"Runesmith:ReplicatingBarrier","floor":31},{"not_picked":["Runesmith:HeatedChisel+1","Runesmith:Retool"],"picked":"Runesmith:Prism","floor":32},{"not_picked":["Runesmith:DuctTape","Runesmith:CraftPrismatica"],"picked":"Runesmith:Duplicate","floor":35},{"not_picked":["Runesmith:HeatedChisel+1","Runesmith:Attraction","Runesmith:Discharge"],"picked":"SKIP","floor":37},{"not_picked":["Runesmith:ChiselStab+1","Runesmith:UnstableHammer+1"],"picked":"Runesmith:Grindstone","floor":38},{"not_picked":["Runesmith:RuneHurl+1","Runesmith:Grindstone+1"],"picked":"Runesmith:OneForEveryone+1","floor":41},{"not_picked":["Runesmith:HeatedChisel","Runesmith:CraftVitae"],"picked":"Runesmith:HammerThrow","floor":43},{"not_picked":["Runesmith:WhiteBalance","Runesmith:ChiselStab"],"picked":"Runesmith:CraftMedicinae","floor":47},{"not_picked":["Runesmith:Reinforce","Runesmith:MakeshiftArmor+1","Runesmith:ShiftingStrike+1"],"picked":"SKIP","floor":48},{"not_picked":["Swift Strike","Enlightenment"],"picked":"Mayhem","floor":49},{"not_picked":["Impatience","Mayhem"],"picked":"Metamorphosis","floor":49},{"not_picked":["Replay:BasicMightCard","Secret Technique"],"picked":"Jack Of All Trades","floor":49},{"not_picked":["Runesmith:EnergizedChisel","Runesmith:ChiselStab","Runesmith:Malloc"],"picked":"SKIP","floor":50},{"not_picked":["Runesmith:Grindstone+1","Runesmith:LightningRod"],"picked":"Runesmith:StaticCage+1","floor":56}],"player_experience":98468,"relics_obtained":[{"floor":6,"key":"Replay:Wax Seal"},{"floor":10,"key":"Bottled Tornado"},{"floor":11,"key":"Blue Doll"},{"floor":28,"key":"Replay:Bottled Eggs"},{"floor":32,"key":"Pen Nib"},{"floor":34,"key":"Gremlin Food"},{"floor":45,"key":"Smiling Mask"},{"floor":56,"key":"Lantern"}],"event_choices":[{"damage_healed":0,"gold_gain":0,"player_choice":"Searched \u00272\u0027 times","damage_taken":0,"max_hp_gain":0,"max_hp_loss":0,"event_name":"Dead Adventurer","floor":11,"gold_loss":0},{"damage_healed":0,"gold_gain":0,"player_choice":"Read","damage_taken":0,"max_hp_gain":0,"max_hp_loss":0,"event_name":"The Library","floor":22,"gold_loss":0,"cards_obtained":["Runesmith:RunicBlueprint"]},{"cards_removed":["Runesmith:Defend_RS"],"damage_healed":0,"gold_gain":0,"player_choice":"Purged","damage_taken":0,"max_hp_gain":0,"max_hp_loss":0,"event_name":"Purifier","floor":23,"gold_loss":0},{"cards_removed":["Runesmith:Discharge"],"damage_healed":0,"gold_gain":0,"player_choice":"Removed Attack","damage_taken":0,"max_hp_gain":0,"max_hp_loss":0,"event_name":"Falling","floor":39,"gold_loss":0},{"damage_healed":0,"gold_gain":0,"player_choice":"Memory 3","damage_taken":10,"max_hp_gain":0,"max_hp_loss":0,"event_name":"SensoryStone","floor":49,"gold_loss":0}],"is_beta":false,"boss_relics":[{"not_picked":["Runic Dome","Honey Jar"],"picked":"Philosopher\u0027s Stone"},{"not_picked":["ChewingGum","Cursed Key"],"picked":"Fusion Hammer"}],"items_purged_floors":[5,46],"is_endless":false,"potions_floor_spawned":[2,3,4,8,11,14,24,31,32,35,41,43,47,50],"killed_by":"The Heart","ascension_level":0}}