{"host":"lku4gktzilv18rfq","time":1609214790,"event":{"mods":["BaseMod","Downfall","Minty Spire (QoL Compilation)","Permanent Neow","StSLib"],"gold_per_floor":[99,109,125,145,21,21,45,45,45,45,64,64,77,97,117,218,218,218,234,334,348,348,348,348,368,293,326,326,326,60,70,80,175,175,100,113,133,147,163,174,199,210,244,169,184,14,41,141,153,153,153,186,36,36,36],"floor_reached":56,"playtime":7433,"items_purged":["Guardian:Strike_Guardian","Guardian:Defend_Guardian","Guardian:Strike_Guardian","Guardian:Strike_Guardian"],"score":1863,"play_id":"a50068b9-e292-4c01-ad67-9835717d4b6e","local_time":"20201228200630","is_ascension_mode":true,"campfire_choices":[{"data":"Guardian:CurlUp","floor":1,"key":"SMITH"},{"data":"Guardian:DonusPower","floor":6,"key":"SMITH"},{"data":"Guardian:FloatingOrbs","floor":10,"key":"SMITH"},{"data":"Guardian:BronzeOrb","floor":12,"key":"SMITH"},{"data":"Guardian:FloatingOrbs","floor":18,"key":"SMITH"},{"data":"Guardian:StasisEngine","floor":26,"key":"SMITH"},{"floor":28,"key":"RECALL"},{"data":"Guardian:RevengeProtocol","floor":35,"key":"SMITH"},{"data":"Guardian:ExploitGems","floor":44,"key":"SMITH"},{"data":"Guardian:Harden","floor":54,"key":"SMITH"}],"circlet_count":0,"master_deck":["Guardian:Defend_Guardian+1","Guardian:CurlUp+1","Guardian:TwinSlam","Guardian:FloatingOrbs+1","Guardian:DonusPower+1","Guardian:RevengeProtocol+1","Guardian:ChargeUp","Guardian:BronzeOrb+1","Guardian:FloatingOrbs+1","Guardian:Harden+1","Guardian:Planning","Guardian:StasisEngine+1","Guardian:Suspension+1","Ghostly","Ghostly+1","Ghostly","Ghostly","Ghostly","Guardian:ExploitGems+1","Guardian:BronzeArmor+1","Guardian:BronzeOrb+1","Guardian:Gem_Cyan"],"relics":["Guardian:ModeShifter","Strawberry","downfall:ShatteredFragment","Runic Pyramid","Matryoshka","downfall:HeartBlessingBlue","Singing Bowl","OrangePellets","Empty Cage","downfall:HeartBlessingRed","Meat on the Bone","War Paint","Question Card","downfall:HeartBlessingGreen","Bag of Preparation","Guardian:PocketSentry","Frozen Egg 2","Toy Ornithopter","Du-Vu Doll"],"acts_visited":["Exordium","TheCity","TheBeyond","TheEnding"],"potions_floor_usage":[16,46,55,55],"damage_taken":[{"damage":12,"enemies":"Small Slimes","floor":2,"turns":4},{"damage":1,"enemies":"Jaw Worm","floor":3,"turns":3},{"damage":1,"enemies":"2 Louse","floor":4,"turns":4},{"damage":5,"enemies":"downfall:FleeingMerchant","floor":5,"turns":4},{"damage":0,"enemies":"Red Slaver","floor":11,"turns":5},{"damage":0,"enemies":"Blue Slaver","floor":13,"turns":2},{"damage":0,"enemies":"2 Fungi Beasts","floor":14,"turns":2},{"damage":0,"enemies":"Gremlin Gang","floor":15,"turns":3},{"damage":10,"enemies":"downfall:Silent","floor":16,"turns":6},{"damage":0,"enemies":"Chosen","floor":19,"turns":3},{"damage":7,"enemies":"Shell Parasite","floor":21,"turns":4},{"damage":0,"enemies":"Chosen and Byrds","floor":25,"turns":6},{"damage":0,"enemies":"Gremlin Leader","floor":27,"turns":6},{"damage":0,"enemies":"downfall:FleeingMerchant","floor":30,"turns":4},{"damage":0,"enemies":"Centurion and Healer","floor":31,"turns":4},{"damage":0,"enemies":"Shelled Parasite and Fungi","floor":32,"turns":4},{"damage":0,"enemies":"downfall:Defect","floor":33,"turns":6},{"damage":0,"enemies":"3 Shapes","floor":36,"turns":3},{"damage":0,"enemies":"3 Darklings","floor":37,"turns":3},{"damage":14,"enemies":"Jaw Worm Horde","floor":38,"turns":3},{"damage":0,"enemies":"Maw","floor":39,"turns":4},{"damage":0,"enemies":"Sphere and 2 Shapes","floor":40,"turns":4},{"damage":0,"enemies":"Transient","floor":42,"turns":4},{"damage":0,"enemies":"Nemesis","floor":43,"turns":5},{"damage":0,"enemies":"Spire Growth","floor":45,"turns":3},{"damage":0,"enemies":"downfall:FleeingMerchant","floor":46,"turns":3},{"damage":0,"enemies":"Giant Head","floor":47,"turns":3},{"damage":0,"enemies":"downfall:LadyInBlue","floor":48,"turns":3},{"damage":0,"enemies":"Jaw Worm Horde","floor":49,"turns":2},{"damage":0,"enemies":"downfall:Watcher","floor":50,"turns":3},{"damage":0,"enemies":"downfall:CharBossMerchant","floor":52,"turns":2},{"damage":0,"enemies":"downfall:NeowBoss","floor":55,"turns":9}],"seed_played":"-4064665672951824186","potions_obtained":[{"floor":2,"key":"Strength Potion"},{"floor":3,"key":"Dexterity Potion"},{"floor":11,"key":"FearPotion"},{"floor":16,"key":"Energy Potion"},{"floor":37,"key":"Energy Potion"},{"floor":47,"key":"LiquidBronze"},{"floor":48,"key":"Ancient Potion"},{"floor":48,"key":"Swift Potion"}],"is_trial":false,"path_per_floor":["R","M","M","M","$","R","T","?","?","R","M","R","M","M","M","B",null,"R","M","?","M","?","T","T","M","R","E","R","?","$","M","M","B",null,"R","M","M","M","M","M","T","M","E","R","M","?","E","?","M","B",null,"E","$","R","B",null],"character_chosen":"GUARDIAN","items_purchased":["Guardian:ChargeUp","OrangePellets","Bag of Preparation","Guardian:PocketSentry","Guardian:Gem_Purple"],"campfire_rested":0,"item_purchase_floors":[5,30,46,46,46],"current_hp_per_floor":[56,44,43,42,37,37,44,44,20,20,20,20,20,20,20,10,68,68,68,68,61,43,43,43,43,53,53,53,53,55,55,57,57,57,57,57,57,45,47,47,47,47,49,49,49,51,53,55,57,57,68,68,68,68,71],"gold":36,"neow_bonus":"THREE_RARE_CARDS","is_daily":false,"chose_seed":false,"campfire_upgraded":9,"win_rate":0.0,"timestamp":1609214790,"path_taken":["R","M","M","M","$","R","T","?","?","R","M","R","M","M","M","BOSS","R","M","?","?","?","?","T","M","R","E","R","?","$","M","M","BOSS","R","M","M","M","M","M","T","?","E","R","M","?","E","?","M","BOSS","E","$","R","BOSS"],"items_purchased_type":["Card","Relic","Relic","Relic","Card"],"build_version":"2020-12-22","purchased_purges":4,"victory":true,"max_hp_per_floor":[80,80,80,80,80,80,87,87,87,87,87,87,87,87,87,87,87,87,87,87,87,43,43,43,43,53,53,53,53,55,55,57,57,57,57,57,57,59,61,61,61,61,63,63,63,65,67,69,71,71,71,71,71,71,71],"card_choices":[{"not_picked":["Guardian:StasisField","Guardian:BaubleBeam"],"picked":"Guardian:Gem_Orange","floor":0},{"not_picked":["Guardian:MultiBeam","Guardian:Repulse"],"picked":"Guardian:FloatingOrbs","floor":2},{"not_picked":["Guardian:TemporalStrike","Guardian:PrimingBeam"],"picked":"Guardian:Gem_Cyan","floor":3},{"not_picked":["Guardian:Gem_Cyan","Guardian:VentSteam"],"picked":"Guardian:DonusPower","floor":4},{"not_picked":["Guardian:Reroute","Guardian:WalkerClaw"],"picked":"Guardian:RevengeProtocol","floor":5},{"not_picked":["Guardian:CrystalBeam","Guardian:PiercingHide"],"picked":"Guardian:BronzeOrb","floor":11},{"not_picked":["Guardian:Gem_Fragmented","Guardian:PolyBeam"],"picked":"Guardian:FloatingOrbs","floor":13},{"not_picked":["Guardian:Gem_Lightblue","Guardian:PrimingBeam"],"picked":"Guardian:Harden","floor":14},{"not_picked":["Guardian:TimeBomb","Guardian:Reroute"],"picked":"Guardian:Planning","floor":15},{"not_picked":["Guardian:CompilePackage","Guardian:AncientConstruct"],"picked":"Guardian:StasisEngine","floor":16},{"not_picked":["Guardian:PrismaticBarrier+1","Guardian:PrimingBeam","Guardian:PiercingHide"],"picked":"SKIP","floor":19},{"not_picked":["Guardian:MultiBeam","Guardian:Incinerate"],"picked":"Guardian:Suspension+1","floor":21},{"not_picked":["Guardian:RollAttack","Guardian:CrystalBeam","Guardian:PiercingHide+1"],"picked":"SKIP","floor":25},{"not_picked":["Guardian:CrystalBeam","Guardian:Preprogram"],"picked":"Guardian:Gem_Yellow","floor":27},{"not_picked":["Guardian:PiercingHide+1","Guardian:Gem_Lightblue","Guardian:FierceBash"],"picked":"Singing Bowl","floor":30},{"not_picked":["Guardian:Recover+1","Guardian:Planning+1"],"picked":"Guardian:Gem_Red","floor":31},{"not_picked":["Guardian:TimeBomb","Guardian:GuardianWhirl","Guardian:WalkerClaw"],"picked":"Singing Bowl","floor":32},{"not_picked":["Guardian:StasisStrike","Guardian:GemFire"],"picked":"Guardian:ExploitGems","floor":33},{"not_picked":["Guardian:ChargeCore","Guardian:VentSteam"],"picked":"Guardian:Gem_White","floor":36},{"not_picked":["Guardian:Gem_Red","Guardian:DonusPower"],"picked":"Guardian:BronzeArmor+1","floor":37},{"not_picked":["Guardian:Suspension","Guardian:PrismaticBarrier","Guardian:TemporalShield"],"picked":"Singing Bowl","floor":38},{"not_picked":["Guardian:PrimingBeam+1","Guardian:ChargeCore","Guardian:Reroute"],"picked":"Singing Bowl","floor":39},{"not_picked":["Guardian:FloatingOrbs+1","Guardian:DonusPower+1"],"picked":"Guardian:Gem_White","floor":40},{"not_picked":["Guardian:ChargeUp+1","Guardian:ShieldSpikes+1"],"picked":"Guardian:BronzeOrb+1","floor":42},{"not_picked":["Guardian:Recover+1","Guardian:Gem_Lightblue","Guardian:CrystalBeam"],"picked":"Singing Bowl","floor":43},{"not_picked":["Guardian:Gem_Lightblue","Guardian:VentSteam","Guardian:PrismaticBeam+1"],"picked":"Guardian:Gem_Cyan","floor":45},{"not_picked":["Guardian:MultiBeam","Guardian:ShieldCharger+1","Guardian:FuturePlans+1","Guardian:GemFinder"],"picked":"Singing Bowl","floor":46},{"not_picked":["Guardian:ChargeCore+1","Guardian:CrystalBeam","Guardian:TemporalShield","Guardian:Gem_Cyan"],"picked":"Singing Bowl","floor":47},{"not_picked":["Guardian:DonusPower","Guardian:Gem_Cyan","Guardian:Recover+1","Guardian:Gem_Purple"],"picked":"Singing Bowl","floor":48},{"not_picked":["Guardian:ShieldCharger+1","Guardian:TimeCapacitor+1","Guardian:VentSteam","Guardian:Reroute+1"],"picked":"Singing Bowl","floor":49},{"not_picked":["Guardian:SentryBeam+1","Guardian:BronzeOrb+1","Guardian:Incinerate"],"picked":"Guardian:Gem_White","floor":52}],"player_experience":946683,"relics_obtained":[{"floor":7,"key":"Strawberry"},{"floor":24,"key":"Matryoshka"},{"floor":27,"key":"Singing Bowl"},{"floor":41,"key":"Meat on the Bone"},{"floor":41,"key":"War Paint"},{"floor":43,"key":"Question Card"},{"floor":47,"key":"Frozen Egg 2"},{"floor":48,"key":"Toy Ornithopter"},{"floor":52,"key":"Du-Vu Doll"}],"event_choices":[{"damage_healed":0,"gold_gain":0,"player_choice":"Became a Ghost","damage_taken":0,"max_hp_gain":0,"max_hp_loss":44,"event_name":"Ghosts","floor":22,"gold_loss":0,"cards_obtained":["Ghostly","Ghostly","Ghostly","Ghostly","Ghostly"]}],"is_beta":false,"boss_relics":[{"not_picked":["Fusion Hammer","Snecko Eye"],"picked":"Runic Pyramid"},{"not_picked":["Cursed Key","Calling Bell"],"picked":"Empty Cage"}],"items_purged_floors":[5,30,46,53],"is_endless":false,"potions_floor_spawned":[2,3,11,15,16,31,33,37,38,40,45,47,49],"ascension_level":5}}