{"host":"d5olfqytz4hp22h4","time":1609217485,"event":{"mods":["BaseMod","Downfall","Minty Spire (QoL Compilation)","StSLib"],"gold_per_floor":[99,114,114,128,141,141,141,159,159,179,205,130,130,156,171,276,276,276,290,41,61,61,211,266,297,308,308,323,248,281,281,291,386,386,386,386,402,417,261,186,210,95,106,137,188,207,240,259,273,273],"floor_reached":51,"playtime":3554,"items_purged":["Pain","Writhe","Writhe"],"score":834,"play_id":"01fa0e5d-c189-4403-8a7a-2016bd07433a","local_time":"20201228225125","is_ascension_mode":false,"campfire_choices":[{"data":"Guardian:TwinSlam","floor":1.0,"key":"SMITH"},{"data":"Guardian:DonusPower","floor":9.0,"key":"SMITH"},{"data":"Guardian:ChargeCore","floor":12.0,"key":"SMITH"},{"data":"Guardian:BaubleBeam","floor":18.0,"key":"SMITH"},{"floor":27.0,"key":"RECALL"},{"floor":29.0,"key":"REST"},{"data":"Guardian:ChargeUp","floor":35.0,"key":"SMITH"},{"data":"Guardian:PrismaticBarrier","floor":40.0,"key":"SMITH"}],"circlet_count":0,"master_deck":["Guardian:Strike_Guardian+1","Guardian:Strike_Guardian","Guardian:Strike_Guardian+1","Guardian:Defend_Guardian+1","Guardian:Defend_Guardian+1","Guardian:Defend_Guardian","Guardian:Defend_Guardian","Guardian:CurlUp","Guardian:TwinSlam+1","Guardian:DecasProtection","Guardian:PiercingHide","Guardian:DonusPower+1","Guardian:ChargeCore+1","Guardian:PrismaticBarrier+1","Guardian:Recover","Guardian:BaubleBeam+1","Guardian:SentryBeam","Guardian:ChargeUp+1","Guardian:EvasiveProtocol","Guardian:ExploitGems","Guardian:DecasProtection","Guardian:ShieldCharger+1","Guardian:BronzeArmor","Guardian:SpikerProtocol+1","Parasite","Guardian:DonusPower+1"],"relics":["Guardian:ModeShifter","WarpedTongs","Ornamental Fan","The Courier","downfall:HeartBlessingGreen","Runic Pyramid","War Paint","Bag of Marbles","Oddly Smooth Stone","downfall:HeartBlessingRed","Centennial Puzzle","Cursed Key","downfall:HeartBlessingBlue","Ancient Tea Set","Pen Nib","FossilizedHelix","MealTicket"],"acts_visited":["Exordium","TheCity","TheBeyond"],"potions_floor_usage":[],"damage_taken":[{"damage":0.0,"enemies":"Jaw Worm","floor":2.0,"turns":3.0},{"damage":0.0,"enemies":"Small Slimes","floor":4.0,"turns":3.0},{"damage":0.0,"enemies":"Cultist","floor":5.0,"turns":4.0},{"damage":3.0,"enemies":"2 Fungi Beasts","floor":8.0,"turns":3.0},{"damage":10.0,"enemies":"Blue Slaver","floor":10.0,"turns":3.0},{"damage":20.0,"enemies":"3 Sentries","floor":11.0,"turns":9.0},{"damage":21.0,"enemies":"Gremlin Nob","floor":14.0,"turns":4.0},{"damage":0.0,"enemies":"Lots of Slimes","floor":15.0,"turns":4.0},{"damage":18.0,"enemies":"downfall:Watcher","floor":16.0,"turns":7.0},{"damage":12.0,"enemies":"3 Byrds","floor":19.0,"turns":4.0},{"damage":6.0,"enemies":"downfall:FleeingMerchant","floor":20.0,"turns":4.0},{"damage":0.0,"enemies":"Spheric Guardian","floor":21.0,"turns":4.0},{"damage":7.0,"enemies":"Book of Stabbing","floor":25.0,"turns":5.0},{"damage":1.0,"enemies":"Centurion and Healer","floor":26.0,"turns":5.0},{"damage":12.0,"enemies":"Snake Plant","floor":28.0,"turns":3.0},{"damage":17.0,"enemies":"Gremlin Leader","floor":30.0,"turns":6.0},{"damage":14.0,"enemies":"Shelled Parasite and Fungi","floor":32.0,"turns":4.0},{"damage":2.0,"enemies":"downfall:Silent","floor":33.0,"turns":5.0},{"damage":0.0,"enemies":"3 Darklings","floor":37.0,"turns":4.0},{"damage":1.0,"enemies":"Orb Walker","floor":38.0,"turns":2.0},{"damage":0.0,"enemies":"downfall:FleeingMerchant","floor":39.0,"turns":4.0},{"damage":0.0,"enemies":"downfall:FleeingMerchant","floor":42.0,"turns":4.0},{"damage":0.0,"enemies":"Maw","floor":43.0,"turns":6.0},{"damage":0.0,"enemies":"Giant Head","floor":44.0,"turns":8.0},{"damage":9,"enemies":"2 Orb Walkers","floor":45,"turns":5},{"damage":0,"enemies":"Writhing Mass","floor":46,"turns":4},{"damage":0,"enemies":"Reptomancer","floor":47,"turns":6},{"damage":2,"enemies":"Transient","floor":48,"turns":5},{"damage":7,"enemies":"4 Shapes","floor":49,"turns":5},{"damage":6,"enemies":"downfall:Ironclad","floor":50,"turns":9}],"seed_played":"4267662640226508807","potions_obtained":[{"floor":2.0,"key":"FearPotion"},{"floor":10.0,"key":"PowerPotion"},{"floor":14.0,"key":"champ:CounterPotion"},{"floor":16.0,"key":"Guardian:DefensiveModePotion"},{"floor":38.0,"key":"DistilledChaos"},{"floor":44.0,"key":"EntropicBrew"}],"is_trial":false,"path_per_floor":["R","M","?","M","M","?","T","M","R","M","E","R","?","E","M","B",null,"R","M","$","M","?","?","T","E","M","R","M","R","E","?","M","B",null,"R","?","M","M","$","R","T","$","M","E","?","M","E","M","M","B",null],"character_chosen":"GUARDIAN","items_purchased":["Guardian:ChargeUp","War Paint","Guardian:DecasProtection"],"campfire_rested":1,"item_purchase_floors":[20,20,39],"current_hp_per_floor":[88,88,88,88,88,88,88,85,85,75,55,55,60,39,39,21,93,93,81,75,75,75,75,75,68,67,67,55,82,65,65,51,49,93,93,93,93,92,92,102,102,102,102,102,93,93,93,91,84,78],"gold":273,"neow_bonus":"TEN_PERCENT_HP_BONUS","is_daily":false,"chose_seed":false,"campfire_upgraded":6,"win_rate":0.0,"timestamp":1609217485,"path_taken":["R","M","?","M","M","?","T","M","R","?","E","R","?","E","M","BOSS","R","M","$","M","?","?","T","E","M","R","?","R","E","?","M","BOSS","R","?","M","M","$","R","T","$","M","E","?","M","E","M","M","BOSS"],"items_purchased_type":["Card","Relic","Card"],"build_version":"2020-12-22","purchased_purges":3,"victory":true,"max_hp_per_floor":[88,88,88,88,88,88,88,88,88,88,88,88,93,93,93,93,93,93,93,93,93,93,93,93,93,93,93,93,93,93,93,93,93,93,93,93,93,93,93,103,103,103,103,103,103,103,103,103,103,103],"card_choices":[{"not_picked":["Guardian:Suspension","Guardian:Gem_Cyan"],"picked":"Guardian:DecasProtection","floor":2.0},{"not_picked":["Guardian:PrismaticBarrier","Guardian:Emergency"],"picked":"Guardian:PiercingHide","floor":4.0},{"not_picked":["Guardian:WalkerClaw","Guardian:PiercingHide"],"picked":"Guardian:DonusPower","floor":5.0},{"not_picked":["Guardian:PrismaticBarrier","Guardian:TemporalShield"],"picked":"Guardian:Gem_Crimson","floor":8.0},{"not_picked":["Guardian:RollAttack","Guardian:VentSteam"],"picked":"Guardian:Gem_Fragmented","floor":10.0},{"not_picked":["Guardian:GuardianWhirl","Guardian:PolyBeam"],"picked":"Guardian:ChargeCore","floor":11.0},{"not_picked":["Guardian:RollAttack","Guardian:DonusPower"],"picked":"Guardian:PrismaticBarrier","floor":14.0},{"not_picked":["Guardian:DecasProtection","Guardian:PrismaticBarrier"],"picked":"Guardian:Recover","floor":15.0},{"not_picked":["Guardian:HyperBeam_Guardian","Guardian:ConstructionForm"],"picked":"Guardian:BaubleBeam","floor":16.0},{"not_picked":["Guardian:VentSteam+1","Guardian:ArmoredProtocol"],"picked":"Guardian:Gem_Crimson","floor":19.0},{"not_picked":["Guardian:Recover","Guardian:WalkerClaw"],"picked":"Guardian:SentryBeam","floor":20.0},{"not_picked":["Guardian:ShieldCharger","Guardian:ChargeUp"],"picked":"Guardian:Gem_Purple","floor":21.0},{"not_picked":["Guardian:Preprogram","Guardian:ChargeCore"],"picked":"Guardian:Gem_Purple","floor":25.0},{"not_picked":["Guardian:ConstructionForm","Guardian:TimeBomb"],"picked":"Guardian:Gem_Green","floor":26.0},{"not_picked":["Guardian:Incinerate","Guardian:Recover"],"picked":"Guardian:Gem_Green","floor":28.0},{"not_picked":["Guardian:ChargeCore","Guardian:FastForward"],"picked":"Guardian:EvasiveProtocol","floor":30.0},{"not_picked":["Guardian:WalkerClaw","Guardian:PrismaticBeam"],"picked":"Guardian:Gem_Lightblue","floor":32.0},{"not_picked":["Guardian:FastForward","Guardian:HyperBeam_Guardian"],"picked":"Guardian:ExploitGems","floor":33.0},{"not_picked":["Guardian:RollAttack","Guardian:ArmoredProtocol"],"picked":"Guardian:Gem_Red","floor":37.0},{"not_picked":["Guardian:CrystalBeam+1","Guardian:GuardianWhirl","Guardian:WalkerClaw"],"picked":"SKIP","floor":38.0},{"not_picked":["Guardian:Emergency+1","Guardian:Recover+1","Guardian:SentryBeam"],"picked":"SKIP","floor":39.0},{"not_picked":["Guardian:FloatingOrbs+1","Guardian:Reroute+1","Guardian:PrimingBeam+1"],"picked":"SKIP","floor":42.0},{"not_picked":["Guardian:Gem_Green","Guardian:ChargeCore+1"],"picked":"Guardian:ShieldCharger+1","floor":43.0},{"not_picked":["Guardian:CrystalBeam","Guardian:Emergency+1"],"picked":"Guardian:BronzeArmor","floor":44.0},{"not_picked":["Guardian:Planning","Guardian:Suspension"],"picked":"Guardian:SpikerProtocol+1","floor":45},{"not_picked":["Guardian:RollAttack+1","Guardian:PolyBeam+1"],"picked":"Guardian:DonusPower+1","floor":46},{"not_picked":["Guardian:Gem_Blue","Guardian:ChargeCore","Guardian:Incinerate"],"picked":"SKIP","floor":47},{"not_picked":["Guardian:SentryBeam+1","Guardian:Incinerate","Guardian:Gem_Orange"],"picked":"SKIP","floor":48},{"not_picked":["Guardian:Gem_Purple","Guardian:Incinerate","Guardian:Gem_White"],"picked":"SKIP","floor":49}],"player_experience":238773,"relics_obtained":[{"floor":7.0,"key":"Ornamental Fan"},{"floor":11.0,"key":"The Courier"},{"floor":14.0,"key":"Whetstone"},{"floor":24.0,"key":"Bag of Marbles"},{"floor":25.0,"key":"Oddly Smooth Stone"},{"floor":30.0,"key":"Centennial Puzzle"},{"floor":41.0,"key":"Ancient Tea Set"},{"floor":44.0,"key":"Pen Nib"},{"floor":45,"key":"FossilizedHelix"},{"floor":47,"key":"MealTicket"}],"event_choices":[{"damage_healed":0.0,"max_hp_gain":5.0,"max_hp_loss":0.0,"gold_gain":0.0,"event_name":"Big Fish","player_choice":"Donut","floor":13.0,"gold_loss":0.0,"damage_taken":0.0},{"damage_healed":0.0,"max_hp_gain":0.0,"max_hp_loss":0.0,"gold_gain":0.0,"event_name":"Ghosts","player_choice":"Ignored","floor":22.0,"gold_loss":0.0,"damage_taken":0.0},{"damage_healed":0.0,"max_hp_gain":0.0,"max_hp_loss":0.0,"gold_gain":0.0,"event_name":"The Library","player_choice":"Read","floor":31.0,"gold_loss":0.0,"damage_taken":0.0,"cards_obtained":["Guardian:Gem_Red"]},{"damage_healed":0,"gold_gain":0,"player_choice":"Fight","damage_taken":0,"max_hp_gain":0,"max_hp_loss":0,"event_name":"Mysterious Sphere","floor":45,"gold_loss":0}],"is_beta":false,"boss_relics":[{"not_picked":["Guardian:ModeShifterPlus","Tiny House"],"picked":"Runic Pyramid"},{"not_picked":["Snecko Eye","Black Star"],"picked":"Cursed Key"}],"items_purged_floors":[20,39,42],"is_endless":false,"potions_floor_spawned":[2,10,14,16,25,26,28,32,37,38,44,48],"ascension_level":0}}