{"host":"6dypmz777xraikqf","time":1609276880,"event":{"mods":["AchievementEnabler","BaseMod","BetterRewards","Colored Map","Colored Powertips","Downfall","Highlight Path","Hubris","Infinite Spire","Minty Spire (QoL Compilation)","Replay The Spire","StSLib"],"gold_per_floor":[116,128,128,128,146,174,174,202,202,202,12,23,23,43,43,140,140,159,190,190,190,42,42,55,84,107,107,121,46,58,68,68,172,172,186,186,197,197,216,216,248,248,248,280,296,346,365,275,275,275],"floor_reached":51,"playtime":2384,"items_purged":["Strike_R","Strike_R"],"score":909,"play_id":"aedef3a1-bb32-4f4b-b04d-1101e2deef84","local_time":"20201229212120","is_ascension_mode":true,"campfire_choices":[{"data":"infinitespire:Punishment","floor":7,"key":"SMITH"},{"data":"Secret Weapon","floor":13,"key":"SMITH"},{"data":"Shrug It Off","floor":15,"key":"SMITH"},{"data":"Evolve","floor":23,"key":"SMITH"},{"data":"Armaments","floor":27,"key":"SMITH"},{"data":"Burning Pact","floor":32,"key":"SMITH"},{"data":"Power Through","floor":40,"key":"SMITH"},{"data":"Battle Trance","floor":42,"key":"SMITH"},{"data":"champ:Strike","floor":49,"key":"PURGE"}],"circlet_count":0,"master_deck":["Strike_R+2","Defend_R","Defend_R+1","Defend_R","Defend_R","Bash","Neutralize","Impervious","Iron Wave","Headbutt","infinitespire:Punishment+1","Shockwave","Headbutt","Power Through+1","Secret Weapon+1","Fire Breathing","hubris:NaturalOne","Shrug It Off+1","Reaper","Headbutt","ReplayTheSpireMod:Stacked","infinitespire:Execution+1","Shrug It Off+1","Battle Trance+1","Evolve+1","Replay:Undeath\u0027s Touch+1","Armaments+1","Iron Wave+1","Burning Pact+1","Offering","Pommel Strike+1","Headbutt+1","hubris:ReadiedAction+1","Wild Strike+1","Armaments+1","Burning Pact+1"],"relics":["Black Blood","hubris:Icosahedron","hubris:ChampionShield","Nunchaku","hubris:SlimyHat","CultistMask","Red Mask","Frozen Eye","Orrery","Quantum Egg","Simple Rune","Mark of Pain","Sling","hubris:Potato","Mercury Hourglass","hubris:DeckOfHolding","Prayer Wheel"],"acts_visited":["Exordium","TheCity","TheBeyond"],"potions_floor_usage":[6,16,19,25,33,50,50,50],"damage_taken":[{"damage":2,"enemies":"Jaw Worm","floor":1,"turns":5},{"damage":5,"enemies":"2 Louse","floor":2,"turns":3},{"damage":0,"enemies":"Cultist","floor":5,"turns":3},{"damage":13,"enemies":"Lagavulin","floor":6,"turns":4},{"damage":9,"enemies":"Gremlin Nob","floor":8,"turns":5},{"damage":3,"enemies":"Blue Slaver","floor":12,"turns":4},{"damage":8,"enemies":"Looter","floor":14,"turns":2},{"damage":2,"enemies":"Hexaghost","floor":16,"turns":6},{"damage":11,"enemies":"Spheric Guardian","floor":18,"turns":5},{"damage":27,"enemies":"Masked Bandits","floor":19,"turns":5},{"damage":7,"enemies":"Shell Parasite","floor":24,"turns":3},{"damage":46,"enemies":"Slavers","floor":25,"turns":4},{"damage":0,"enemies":"Cultist and Chosen","floor":28,"turns":3},{"damage":0,"enemies":"Centurion and Healer","floor":30,"turns":5},{"damage":0,"enemies":"Chosen and Byrds","floor":31,"turns":5},{"damage":38,"enemies":"Collector","floor":33,"turns":10},{"damage":12,"enemies":"3 Darklings","floor":35,"turns":6},{"damage":4,"enemies":"3 Shapes","floor":37,"turns":2},{"damage":23,"enemies":"Spire Growth","floor":39,"turns":4},{"damage":0,"enemies":"Nemesis","floor":41,"turns":5},{"damage":53,"enemies":"Reptomancer","floor":44,"turns":3},{"damage":0,"enemies":"Jaw Worm Horde","floor":45,"turns":4},{"damage":0,"enemies":"Mind Bloom Boss Battle","floor":46,"turns":3},{"damage":0,"enemies":"Sphere and 2 Shapes","floor":47,"turns":5},{"damage":35,"enemies":"hubris:GrandSnecko","floor":50,"turns":5}],"seed_played":"-6166014036742405486","potions_obtained":[{"floor":1,"key":"PowerPotion"},{"floor":2,"key":"SpeedPotion"},{"floor":5,"key":"Strength Potion"},{"floor":12,"key":"Dexterity Potion"},{"floor":18,"key":"LiquidBronze"},{"floor":19,"key":"Death Potion"},{"floor":30,"key":"EssenceOfSteel"},{"floor":33,"key":"Milkshake"},{"floor":37,"key":"Weak Potion"},{"floor":44,"key":"ColorlessPotion"},{"floor":47,"key":"DistilledChaos"}],"is_trial":false,"path_per_floor":["M","M","?","?","M","E","R","E","T","?","$","M","R","M","R","B",null,"M","?","AVR","?","$","R","M","E","T","R","M","$","M","M","R","B",null,"M","AVR","M","?","M","R","E","R","T","E","M","?","M","?","R_BF","B",null],"character_chosen":"IRONCLAD","items_purchased":["Secret Weapon","Orrery"],"campfire_rested":0,"item_purchase_floors":[11,22],"current_hp_per_floor":[80,80,80,60,66,59,59,56,56,56,56,59,59,57,57,61,80,80,70,70,70,70,70,75,41,41,41,53,53,65,77,77,62,80,80,80,80,80,69,69,80,80,80,39,51,63,79,79,79,56],"gold":275,"neow_bonus":"THREE_RARE_CARDS","is_daily":false,"chose_seed":false,"campfire_upgraded":8,"win_rate":0.0,"timestamp":1609276880,"path_taken":["M","M","?","?","M","E","R","E","T","?","$","?","R","M","R","BOSS","M","?","AVR","?","$","R","?","E","T","R","M","?","?","M","R","BOSS","M","AVR","M","?","M","R","E","R","T","E","?","?","M","?","R_BF","BOSS"],"items_purchased_type":["Card","Relic"],"build_version":"2020-12-22","purchased_purges":2,"victory":true,"max_hp_per_floor":[80,80,80,80,80,80,80,80,80,80,80,80,80,80,80,80,80,80,80,80,80,80,80,80,80,80,80,80,80,80,80,80,80,80,80,80,80,80,80,80,80,80,80,80,80,80,80,80,80,80],"card_choices":[{"not_picked":["hubris:StunningStrike","Limit Break"],"picked":"Impervious","floor":0},{"not_picked":["True Grit","Second Wind"],"picked":"Iron Wave","floor":1},{"not_picked":["hubris:ReadiedAction","Evolve"],"picked":"Headbutt","floor":2},{"not_picked":["infinitespire:DeathsTouch","ReplayTheSpireMod:Haul"],"picked":"infinitespire:Punishment","floor":4},{"not_picked":["Iron Wave","Warcry"],"picked":"Shockwave","floor":5},{"not_picked":["Run Through","Whirlwind"],"picked":"Headbutt","floor":6},{"not_picked":["Sword Boomerang","Burning Pact"],"picked":"Power Through","floor":8},{"not_picked":["Eclipse","Warcry"],"picked":"Fire Breathing","floor":12},{"not_picked":["Iron Wave","Thunderclap"],"picked":"Shrug It Off","floor":14},{"not_picked":["Replay:Many Hands","Brutality"],"picked":"Reaper","floor":16},{"not_picked":["Thunderclap+1","Iron Wave"],"picked":"Headbutt","floor":18},{"not_picked":["Run Through","Shrug It Off"],"picked":"ReplayTheSpireMod:Stacked","floor":19},{"not_picked":["Run Through+1","Armaments"],"picked":"Shrug It Off+1","floor":22},{"not_picked":["hubris:StunningStrike","Armaments"],"picked":"Battle Trance","floor":22},{"not_picked":["Clash","Shockwave"],"picked":"Evolve","floor":22},{"not_picked":["Run Through","Cleave+1"],"picked":"Replay:Undeath\u0027s Touch+1","floor":24},{"not_picked":["Iron Wave","Heavy Blade"],"picked":"Armaments","floor":25},{"not_picked":["Sever Soul","Thunderclap","Blood for Blood"],"picked":"SKIP","floor":28},{"not_picked":["Corruption","Armaments"],"picked":"Iron Wave+1","floor":30},{"not_picked":["Second Wind","Pommel Strike"],"picked":"Burning Pact","floor":31},{"not_picked":["Berserk","Fiend Fire"],"picked":"Offering","floor":33},{"not_picked":["Clash","Metallicize"],"picked":"Pommel Strike+1","floor":35},{"not_picked":["Dropkick","ReplayTheSpireMod:Limb From Limb"],"picked":"Headbutt+1","floor":37},{"not_picked":["Iron Wave+1","Feel No Pain+1"],"picked":"hubris:ReadiedAction+1","floor":39},{"not_picked":["Body Slam+1","Metallicize+1"],"picked":"Wild Strike+1","floor":41},{"not_picked":["Bludgeon","Wild Strike","Metallicize"],"picked":"SKIP","floor":44},{"not_picked":["Warcry","True Grit+1"],"picked":"Armaments+1","floor":45},{"not_picked":["Life Link+1","Run Through+1"],"picked":"Burning Pact+1","floor":47},{"not_picked":["Metallicize+1","Heavy Blade+1","Thunderclap+1"],"picked":"SKIP","floor":47}],"player_experience":30746,"relics_obtained":[{"floor":6,"key":"hubris:ChampionShield"},{"floor":8,"key":"Nunchaku"},{"floor":9,"key":"hubris:SlimyHat"},{"floor":19,"key":"Red Mask"},{"floor":25,"key":"Quantum Egg"},{"floor":26,"key":"Simple Rune"},{"floor":41,"key":"hubris:Potato"},{"floor":43,"key":"Mercury Hourglass"},{"floor":44,"key":"hubris:DeckOfHolding"},{"floor":46,"key":"Prayer Wheel"}],"event_choices":[{"damage_healed":0,"gold_gain":0,"player_choice":"Trade","damage_taken":0,"relics_obtained":["CultistMask"],"max_hp_gain":0,"max_hp_loss":0,"event_name":"FaceTrader","floor":10,"gold_loss":0},{"damage_healed":0,"gold_gain":0,"player_choice":"Fought Bandits","damage_taken":0,"max_hp_gain":0,"max_hp_loss":0,"event_name":"Masked Bandits","floor":19,"gold_loss":0},{"damage_healed":0,"gold_gain":0,"player_choice":"Upgraded","damage_taken":0,"max_hp_gain":0,"max_hp_loss":0,"event_name":"Upgrade Shrine","floor":21,"gold_loss":0,"cards_upgraded":["infinitespire:Execution"]},{"cards_removed":["Strike_R"],"damage_healed":0,"gold_gain":0,"player_choice":"Card Removal","damage_taken":0,"max_hp_gain":0,"max_hp_loss":0,"event_name":"Wheel of Change","floor":38,"gold_loss":0},{"damage_healed":0,"gold_gain":0,"player_choice":"Fight","damage_taken":0,"max_hp_gain":0,"max_hp_loss":0,"event_name":"MindBloom","floor":46,"gold_loss":0},{"cards_removed":["Strike_R"],"damage_healed":0,"gold_gain":0,"player_choice":"Upgrade and Remove","damage_taken":0,"max_hp_gain":0,"max_hp_loss":0,"event_name":"Designer","floor":48,"gold_loss":90,"cards_upgraded":["Strike_R"]}],"is_beta":false,"boss_relics":[{"not_picked":["hubris:BlackHole","Ectoplasm"],"picked":"Black Blood"},{"not_picked":["SacredBark","Runic Pyramid"],"picked":"Mark of Pain"}],"items_purged_floors":[29,36],"is_endless":false,"potions_floor_spawned":[1,2,5,12,18,19,30,33,37,44,47],"ascension_level":2}}