{"host":"iku36qoao9132ep5","time":1609245575,"event":{"mods":["AchievementEnabler","BaseMod","BetterRewards","DeckTracker","Minty Spire (QoL Compilation)","Quick Restart","SuperFastMode"],"gold_per_floor":[113,123,123,123,48,82,3,13,13,41,0,0,29339,29356,29356,29356,29356],"floor_reached":16,"playtime":667,"items_purged":["Strike_B","Strike_B"],"score":215,"play_id":"6dfc1e3a-63d0-4231-a77e-070ec0297a3b","local_time":"20201229133935","is_ascension_mode":true,"campfire_choices":[{"floor":12,"key":"RECALL"},{"floor":15,"key":"DIG"}],"circlet_count":0,"master_deck":["Strike_B","Defend_B","Defend_B","Defend_B","Defend_B","Zap","Dualcast","Ball Lightning","Self Repair","Loop","Consume","Capacitor","Ball Lightning","Static Discharge"],"relics":["Black Star","Bird Faced Urn","Regal Pillow","Centennial Puzzle","Anchor","ClockworkSouvenir","Shovel","Boot"],"acts_visited":["Exordium"],"potions_floor_usage":[],"damage_taken":[{"damage":0,"enemies":"2 Louse","floor":1,"turns":4},{"damage":9,"enemies":"Jaw Worm","floor":2,"turns":4},{"damage":34,"enemies":"Lagavulin","floor":6,"turns":6},{"damage":6,"enemies":"Cultist","floor":8,"turns":4},{"damage":43,"enemies":"3 Sentries","floor":10,"turns":7},{"damage":0,"enemies":"Large Slime","floor":14,"turns":4},{"damage":36,"enemies":"Slime Boss","floor":16,"turns":5}],"seed_played":"1957364379346791753","potions_obtained":[{"floor":2,"key":"FocusPotion"},{"floor":14,"key":"BlessingOfTheForge"}],"is_trial":false,"path_per_floor":["M","M","?","?","$","E","$","M","T","E","?","R","$","M","R","B"],"character_chosen":"DEFECT","items_purchased":["Loop","ClockworkSouvenir","Shovel","Capacitor","Ball Lightning"],"campfire_rested":0,"item_purchase_floors":[7,13,13,13,13],"current_hp_per_floor":[75,66,59,64,64,37,37,42,42,10,10,10,10,23,23,0,0],"gold":29356,"neow_bonus":"BOSS_RELIC","is_daily":false,"chose_seed":false,"campfire_upgraded":0,"win_rate":0.0,"timestamp":1609245575,"path_taken":["M","M","?","?","$","E","?","?","T","E","?","R","?","M","R","BOSS"],"items_purchased_type":["Card","Relic","Relic","Card","Card"],"build_version":"2020-12-22","purchased_purges":2,"victory":false,"max_hp_per_floor":[75,75,75,80,80,80,80,80,80,80,80,80,80,80,80,80,80],"card_choices":[{"not_picked":["Steam","Double Energy"],"picked":"Ball Lightning","floor":1},{"not_picked":["Conserve Battery","Double Energy"],"picked":"Self Repair","floor":2},{"not_picked":["Coolheaded","Glacier","Turbo"],"picked":"SKIP","floor":6},{"not_picked":["Barrage","Gash","Turbo"],"picked":"SKIP","floor":8},{"not_picked":["Steam","Melter"],"picked":"Consume","floor":10},{"not_picked":["Steam","Compile Driver"],"picked":"Static Discharge","floor":14}],"player_experience":119810,"relics_obtained":[{"floor":6,"key":"Bird Faced Urn"},{"floor":6,"key":"Regal Pillow"},{"floor":10,"key":"Centennial Puzzle"},{"floor":10,"key":"Anchor"},{"floor":15,"key":"Boot"}],"event_choices":[{"cards_removed":["Strike_B"],"damage_healed":0,"gold_gain":0,"player_choice":"Card Removal","damage_taken":7,"max_hp_gain":0,"max_hp_loss":0,"event_name":"Golden Wing","floor":3,"gold_loss":0},{"damage_healed":0,"gold_gain":0,"player_choice":"Donut","damage_taken":0,"max_hp_gain":5,"max_hp_loss":0,"event_name":"Big Fish","floor":4,"gold_loss":0},{"damage_healed":0,"gold_gain":0,"player_choice":"Left Gold","damage_taken":0,"max_hp_gain":0,"max_hp_loss":0,"event_name":"World of Goop","floor":11,"gold_loss":41}],"is_beta":false,"boss_relics":[],"items_purged_floors":[5,13],"is_endless":false,"potions_floor_spawned":[2,14],"killed_by":"Slime Boss","ascension_level":1}}