{"host":"cbnfbo28eyz4xcn1","time":1609265658,"event":{"mods":["BaseMod","Colored Map","Colored Powertips","Infinite Spire","Minty Spire (QoL Compilation)","Replay The Spire","StSLib"],"gold_per_floor":[118,138,149,161,161,161,161,161,161,311,326,340,340,32,32,112,112,136,136,157,190,194,194],"floor_reached":22,"playtime":1678,"items_purged":[],"score":312,"play_id":"62a9f013-1a41-45ed-9287-82bc0abb8210","local_time":"20201229191418","is_ascension_mode":true,"campfire_choices":[{"data":"Armaments","floor":6.0,"key":"SMITH"},{"floor":8.0,"key":"REST"},{"data":"Seeing Red","floor":13.0,"key":"SMITH"},{"floor":15.0,"key":"REST"}],"circlet_count":0,"master_deck":["AscendersBane","Strike_R","Strike_R","Strike_R","Strike_R","Strike_R","Defend_R","Defend_R","Defend_R","Defend_R","Bash","Twin Strike","Perfected Strike","Armaments+1","Demon Form","Doubt","Seeing Red+1","Iron Wave","Barricade","Reaper","Replay:Many Hands","Flex","infinitespire:DeathsTouch","Dual Wield","Power Through+1"],"relics":["Burning Blood","ReplayFunnel","infinitespire:Midas Blood","Velvet Choker"],"acts_visited":["Exordium","TheCity"],"potions_floor_usage":[],"damage_taken":[{"damage":3.0,"enemies":"2 Louse","floor":1.0,"turns":3.0},{"damage":17.0,"enemies":"Small Slimes","floor":2.0,"turns":4.0},{"damage":4.0,"enemies":"Jaw Worm","floor":3.0,"turns":4.0},{"damage":28.0,"enemies":"Gremlin Gang","floor":4.0,"turns":6.0},{"damage":25.0,"enemies":"Large Slime","floor":11.0,"turns":6.0},{"damage":6.0,"enemies":"Blue Slaver","floor":12.0,"turns":4.0},{"damage":40.0,"enemies":"Slime Boss","floor":16.0,"turns":12.0},{"damage":23.0,"enemies":"Shell Parasite","floor":18.0,"turns":5.0},{"damage":7.0,"enemies":"Chosen","floor":20.0,"turns":3.0},{"damage":51,"enemies":"Snake Plant","floor":21,"turns":6},{"damage":12,"enemies":"Masked Bandits","floor":22,"turns":1}],"seed_played":"-8891624513367788066","potions_obtained":[{"floor":2.0,"key":"HeartOfIron"},{"floor":12.0,"key":"DistilledChaos"},{"floor":16.0,"key":"BlessingOfTheForge"},{"floor":20.0,"key":"Elixir"}],"is_trial":false,"path_per_floor":["M","M","M","M","?","R","?","R","T","?","M","M","R","$","R","B",null,"M","AVR","M","M","?"],"character_chosen":"IRONCLAD","items_purchased":["Barricade","Reaper"],"campfire_rested":2,"item_purchase_floors":[14,14],"current_hp_per_floor":[71,60,62,40,40,40,40,62,62,62,43,43,43,43,65,53,70,53,53,52,7,0,0],"gold":194,"neow_bonus":"RANDOM_COMMON_RELIC","is_daily":false,"chose_seed":false,"campfire_upgraded":2,"win_rate":0.0,"timestamp":1609265658,"path_taken":["M","M","M","M","?","R","?","R","T","?","M","?","R","$","R","BOSS","M","AVR","?","M","?"],"items_purchased_type":["Card","Card"],"build_version":"2020-12-22","purchased_purges":0,"victory":false,"max_hp_per_floor":[75,75,75,75,75,75,75,75,75,75,75,75,75,75,75,75,75,75,75,75,75,75,75],"card_choices":[{"not_picked":["Feel No Pain","Havoc"],"picked":"Twin Strike","floor":1.0},{"not_picked":["Shockwave","Thunderclap"],"picked":"Perfected Strike","floor":2.0},{"not_picked":["Twin Strike","Feel No Pain"],"picked":"Armaments","floor":3.0},{"not_picked":["Shockwave","Body Slam"],"picked":"Demon Form","floor":4.0},{"not_picked":["Iron Wave","Heavy Blade"],"picked":"Seeing Red","floor":11.0},{"not_picked":["Body Slam","Uppercut"],"picked":"Iron Wave","floor":12.0},{"not_picked":["Demon Form","Juggernaut"],"picked":"Replay:Many Hands","floor":16.0},{"not_picked":["Warcry","Havoc"],"picked":"Flex","floor":18.0},{"not_picked":["Massacre","Headbutt"],"picked":"Dual Wield","floor":20.0},{"not_picked":["Clash","Thunderclap"],"picked":"Power Through+1","floor":21}],"player_experience":469683,"relics_obtained":[{"floor":9.0,"key":"infinitespire:Midas Blood"}],"event_choices":[{"damage_healed":0.0,"max_hp_gain":0.0,"max_hp_loss":0.0,"gold_gain":0.0,"event_name":"Shining Light","player_choice":"Ignored","floor":7.0,"gold_loss":0.0,"damage_taken":0.0},{"damage_healed":0.0,"max_hp_gain":0.0,"max_hp_loss":0.0,"gold_gain":150.0,"event_name":"Liars Game","player_choice":"AGREE","floor":10.0,"gold_loss":0.0,"damage_taken":0.0,"cards_obtained":["Doubt"]},{"damage_healed":0,"gold_gain":0,"player_choice":"Fought Bandits","damage_taken":0,"max_hp_gain":0,"max_hp_loss":0,"event_name":"Masked Bandits","floor":22,"gold_loss":0}],"is_beta":false,"boss_relics":[{"not_picked":["Snecko Eye","Empty Cage"],"picked":"Velvet Choker"}],"items_purged_floors":[],"is_endless":false,"potions_floor_spawned":[2,12,16,20],"killed_by":"Masked Bandits","ascension_level":15}}