{"host":"eocn4tduyrehyy81","time":1609276565,"event":{"mods":["AchievementEnabler","Aspiration","BaseMod","BetterRewards","Custom Start","Minty Spire (QoL Compilation)","Replay The Spire","StSLib"],"gold_per_floor":[110,185,198,198,28,28,28,40,66,86,114,79,79,93,93,93,93],"floor_reached":16,"playtime":1044,"items_purged":[],"score":125,"play_id":"7b14554b-a118-4f6e-9740-dad7e77486c6","local_time":"20201229151605","is_ascension_mode":false,"campfire_choices":[{"floor":6,"key":"REST"},{"data":"PathToVictory","floor":13,"key":"SMITH"},{"data":"Consecrate","floor":15,"key":"SMITH"}],"circlet_count":0,"master_deck":["Strike_P","Strike_P+1","Strike_P","Strike_P+1","Defend_P","Defend_P","Defend_P","Defend_P","Eruption","Vigilance","Vigilance","CutThroughFate","Indignation","EmptyBody","ThirdEye","PathToVictory+1","Consecrate+1","Conclude","FollowUp","SashWhip","Protect","EmptyMind"],"relics":["PureWater","Mercury Hourglass","DollysMirror","Juzu Bracelet","Bottled Flame"],"acts_visited":["Exordium"],"potions_floor_usage":[16,16,16],"damage_taken":[{"damage":19,"enemies":"2 Louse","floor":1,"turns":2},{"damage":8,"enemies":"Small Slimes","floor":3,"turns":4},{"damage":1,"enemies":"Jaw Worm","floor":8,"turns":3},{"damage":0,"enemies":"Gremlin Gang","floor":10,"turns":3},{"damage":0,"enemies":"Gremlin Nob","floor":11,"turns":2},{"damage":0,"enemies":"Looter","floor":14,"turns":3},{"damage":70,"enemies":"Fading Forest","floor":16,"turns":8}],"seed_played":"7497557569345876248","potions_obtained":[{"floor":1,"key":"StancePotion"},{"floor":10,"key":"Adrenaline Potion"}],"is_trial":false,"path_per_floor":["M","?","M","?","$","R","$","M","T","M","E","?","R","M","R","B"],"character_chosen":"WATCHER","items_purchased":["Mercury Hourglass","DollysMirror","CutThroughFate","Indignation","EmptyBody","Consecrate","Block Potion","Conclude"],"campfire_rested":1,"item_purchase_floors":[0,0,0,0,0,5,5,5],"current_hp_per_floor":[53,42,34,20,20,41,41,40,40,40,40,58,58,58,58,0,0],"gold":93,"neow_bonus":"","is_daily":false,"chose_seed":false,"campfire_upgraded":2,"win_rate":0.0,"timestamp":1609276565,"path_taken":["M","?","M","?","$","R","?","?","T","M","E","?","R","M","R","BOSS"],"items_purchased_type":["Relic","Relic","Card","Card","Card","Card","Potion","Card"],"build_version":"2020-12-22","purchased_purges":0,"victory":false,"max_hp_per_floor":[72,72,72,72,72,72,72,72,72,72,72,72,72,72,72,72,72],"card_choices":[{"not_picked":["Replay:AtTheReady","Vengeance"],"picked":"ThirdEye","floor":1},{"not_picked":["ClearTheMind","JustLucky"],"picked":"PathToVictory","floor":3},{"not_picked":["CutThroughFate","Crescendo"],"picked":"FollowUp","floor":8},{"not_picked":["Perseverance","Replay:ManipulateFuture"],"picked":"SashWhip","floor":10},{"not_picked":["FlurryOfBlows","Replay:DivineShield"],"picked":"Protect","floor":11},{"not_picked":["ThirdEye","Replay:Anticipation"],"picked":"EmptyMind","floor":14}],"player_experience":33974,"relics_obtained":[{"floor":9,"key":"Juzu Bracelet"},{"floor":11,"key":"Bottled Flame"}],"event_choices":[{"damage_healed":0,"gold_gain":75,"player_choice":"Gather Gold","damage_taken":11,"max_hp_gain":0,"max_hp_loss":0,"event_name":"World of Goop","floor":2,"gold_loss":0},{"damage_healed":0,"gold_gain":0,"player_choice":"Entered Light","damage_taken":14,"max_hp_gain":0,"max_hp_loss":0,"event_name":"Shining Light","floor":4,"gold_loss":0,"cards_upgraded":["Strike_P","Strike_P"]},{"damage_healed":18,"gold_gain":0,"player_choice":"Healed","damage_taken":0,"max_hp_gain":0,"max_hp_loss":0,"event_name":"The Cleric","floor":12,"gold_loss":35}],"is_beta":false,"boss_relics":[],"items_purged_floors":[],"is_endless":false,"potions_floor_spawned":[1,10],"killed_by":"Fading Forest","ascension_level":0}}