{"host":"phniwng9zo19jwdb","time":1609231133,"event":{"mods":["AchievementEnabler","BaseMod","Colored Powertips","Faster Ascension Climbing","GifTheSpireLib","Minty Spire (QoL Compilation)","Permanent Neow","Rare Cards Sparkle","Somnambulant","StSLib"],"gold_per_floor":[132,174,239,189,189,189,244,17,17,17,110,210,250,302,302,402,402,438,537,537,537,580,580,580],"floor_reached":23,"playtime":972,"items_purged":["Strike_R"],"score":355,"play_id":"7c3c2b1c-ca4c-4ae1-9b70-0c4f77b0698b","local_time":"20201229093853","is_ascension_mode":true,"campfire_choices":[{"data":"Armaments","floor":6.0,"key":"SMITH"},{"data":"HandOfGreed","floor":10.0,"key":"SMITH"},{"data":"Reaper","floor":15,"key":"SMITH"}],"circlet_count":0,"master_deck":["AscendersBane","Strike_R","Strike_R","Strike_R","Defend_R","Defend_R+1","Defend_R","Defend_R+1","Bash","HandOfGreed+1","Armaments+1","Iron Wave","Reaper+1","Flex+1","Warcry+1","Exhume+1","Havoc+1","Seeing Red+1","Writhe"],"relics":["Burning Blood","Blue Candle","Lee\u0027s Waffle","Toxic Egg 2","Ancient Tea Set","Kunai","Mark of Pain","Regal Pillow"],"acts_visited":["Exordium","TheCity"],"potions_floor_usage":[16,18,23],"damage_taken":[{"damage":1.0,"enemies":"Cultist","floor":1.0,"turns":3.0},{"damage":8.0,"enemies":"Jaw Worm","floor":2.0,"turns":4.0},{"damage":0.0,"enemies":"Small Slimes","floor":3.0,"turns":25.0},{"damage":31.0,"enemies":"Gremlin Nob","floor":7.0,"turns":5.0},{"damage":21.0,"enemies":"3 Louse","floor":11.0,"turns":8.0},{"damage":22.0,"enemies":"3 Sentries","floor":12.0,"turns":11.0},{"damage":16.0,"enemies":"Blue Slaver","floor":13.0,"turns":6.0},{"damage":29,"enemies":"Lagavulin","floor":14,"turns":9},{"damage":37,"enemies":"The Guardian","floor":16,"turns":16},{"damage":26,"enemies":"2 Thieves","floor":18,"turns":5},{"damage":39,"enemies":"Spheric Guardian","floor":22,"turns":7},{"damage":36,"enemies":"Slavers","floor":23,"turns":3}],"seed_played":"-71193470448897505","potions_obtained":[{"floor":7.0,"key":"SneckoOil"},{"floor":11.0,"key":"GamblersBrew"},{"floor":12.0,"key":"EssenceOfSteel"},{"floor":22,"key":"Regen Potion"}],"is_trial":false,"path_per_floor":["M","M","M","?","?","R","E","$","T","R","M","E","M","E","R","B",null,"M","?","?","?","M","E"],"character_chosen":"IRONCLAD","items_purchased":["Lee\u0027s Waffle"],"campfire_rested":0,"item_purchase_floors":[8],"current_hp_per_floor":[55,53,59,59,44,44,19,82,82,82,70,66,62,43,43,17,66,62,62,62,62,29,2,2],"gold":580,"neow_bonus":"RANDOM_COLORLESS_2","is_daily":false,"chose_seed":false,"campfire_upgraded":3,"win_rate":0.0,"timestamp":1609231133,"path_taken":["M","M","M","?","?","R","E","$","T","R","?","E","M","E","R","BOSS","M","?","?","?","M","E"],"items_purchased_type":["Relic"],"build_version":"2020-12-22","purchased_purges":1,"victory":false,"max_hp_per_floor":[75,75,75,75,75,75,75,82,82,82,82,82,82,82,82,82,82,82,82,82,82,82,82,82],"card_choices":[{"not_picked":["Thinking Ahead","Master of Strategy"],"picked":"HandOfGreed","floor":0.0},{"not_picked":["Sword Boomerang","Havoc"],"picked":"Armaments","floor":1.0},{"not_picked":["Carnage","Anger"],"picked":"Iron Wave","floor":2.0},{"not_picked":["Hemokinesis","Searing Blow","Sword Boomerang"],"picked":"SKIP","floor":3.0},{"not_picked":["Thunderclap","Pommel Strike"],"picked":"Reaper","floor":7.0},{"not_picked":["Anger","Headbutt"],"picked":"Flex+1","floor":11.0},{"not_picked":["Clash","Sword Boomerang","Shockwave+1"],"picked":"SKIP","floor":12.0},{"not_picked":["Whirlwind","Sword Boomerang","Headbutt"],"picked":"SKIP","floor":13.0},{"not_picked":["Armaments+1","Sever Soul"],"picked":"Warcry+1","floor":14},{"not_picked":["Fiend Fire","Demon Form"],"picked":"Exhume+1","floor":16},{"not_picked":["Wild Strike","Twin Strike"],"picked":"Havoc+1","floor":18},{"not_picked":["Bloodletting+1","Rampage","Twin Strike"],"picked":"SKIP","floor":22}],"player_experience":27204,"relics_obtained":[{"floor":7.0,"key":"Blue Candle"},{"floor":9.0,"key":"Toxic Egg 2"},{"floor":12.0,"key":"Ancient Tea Set"},{"floor":14,"key":"Kunai"}],"event_choices":[{"cards_removed":["Strike_R"],"damage_healed":0.0,"max_hp_gain":0.0,"max_hp_loss":0.0,"gold_gain":0.0,"event_name":"The Cleric","player_choice":"Card Removal","floor":4.0,"gold_loss":50.0,"damage_taken":0.0},{"damage_healed":0.0,"max_hp_gain":0.0,"max_hp_loss":0.0,"gold_gain":0.0,"event_name":"Shining Light","player_choice":"Entered Light","floor":5.0,"gold_loss":0.0,"damage_taken":15.0,"cards_upgraded":["Defend_R","Defend_R"]},{"damage_healed":0,"gold_gain":99,"player_choice":"Stole From Cult","damage_taken":0,"max_hp_gain":0,"max_hp_loss":0,"event_name":"Nest","floor":19,"gold_loss":0},{"damage_healed":0,"gold_gain":0,"player_choice":"Read","damage_taken":0,"max_hp_gain":0,"max_hp_loss":0,"event_name":"The Library","floor":20,"gold_loss":0,"cards_obtained":["Seeing Red"]},{"damage_healed":0,"gold_gain":0,"player_choice":"Opened","damage_taken":0,"relics_obtained":["Regal Pillow"],"max_hp_gain":0,"max_hp_loss":0,"event_name":"The Mausoleum","floor":21,"gold_loss":0,"cards_obtained":["Writhe"]}],"is_beta":false,"boss_relics":[{"not_picked":["Ectoplasm","Snecko Eye"],"picked":"Mark of Pain"}],"items_purged_floors":[8],"is_endless":false,"potions_floor_spawned":[7,11,12,22],"killed_by":"Slavers","ascension_level":14}}