{"host":"sc0o2qwpf9j16a4i","time":1609246275,"event":{"mods":["AchievementEnabler","BaseMod","BetterRewards","Block Reminder","Colored Map","Colored Powertips","Custom Start","Highlight Path","Minty Spire (QoL Compilation)","Relic Stats"],"gold_per_floor":[113,131,35,53,53,83,83,83,136,136,153,153,178,194,194,268,268,279,294,294,294,294,327,327,340,366,377,407,407,418,435,435,435,435],"floor_reached":33,"playtime":949,"items_purged":[],"score":694,"play_id":"88ce0d2c-76c7-4e87-885a-71fd519dfd75","local_time":"20201229145115","is_ascension_mode":true,"campfire_choices":[{"floor":8,"key":"REST"},{"data":"Perfected Strike","floor":12,"key":"SMITH"},{"floor":15,"key":"REST"},{"floor":24,"key":"REST"},{"floor":29,"key":"REST"},{"floor":32,"key":"REST"}],"circlet_count":0,"master_deck":["AscendersBane","Strike_R+1","Strike_R+1","Strike_R+1","Strike_R+1","Strike_R+1","Defend_R+1","Defend_R+1","Defend_R+1","Defend_R+1","Bash","Iron Wave","Perfected Strike","Carnage","Clothesline","Thunderclap","Perfected Strike+1","Perfected Strike","Immolate","True Grit","Pommel Strike","Flame Barrier","Shrug It Off"],"relics":["Burning Blood","NeowsBlessing","Magic Flower","Mercury Hourglass","Akabeko","Question Card","Oddly Smooth Stone","Busted Crown","White Beast Statue","Art of War","Bird Faced Urn"],"acts_visited":["Exordium","TheCity"],"potions_floor_usage":[16,28,28,31,33],"damage_taken":[{"damage":0,"enemies":"Cultist","floor":1,"turns":1},{"damage":0,"enemies":"Small Slimes","floor":2,"turns":1},{"damage":0,"enemies":"Jaw Worm","floor":4,"turns":1},{"damage":45,"enemies":"3 Sentries","floor":6,"turns":11},{"damage":3,"enemies":"Blue Slaver","floor":11,"turns":2},{"damage":30,"enemies":"Lagavulin","floor":13,"turns":5},{"damage":11,"enemies":"Exordium Thugs","floor":14,"turns":4},{"damage":0,"enemies":"Slime Boss","floor":16,"turns":5},{"damage":19,"enemies":"Shell Parasite","floor":18,"turns":3},{"damage":27,"enemies":"3 Byrds","floor":19,"turns":3},{"damage":26,"enemies":"Slavers","floor":23,"turns":3},{"damage":21,"enemies":"Snecko","floor":25,"turns":4},{"damage":12,"enemies":"Cultist and Chosen","floor":27,"turns":3},{"damage":14,"enemies":"Book of Stabbing","floor":28,"turns":3},{"damage":21,"enemies":"Chosen and Byrds","floor":30,"turns":4},{"damage":30,"enemies":"Snake Plant","floor":31,"turns":4},{"damage":35,"enemies":"Collector","floor":33,"turns":8}],"seed_played":"-5786231046007659981","potions_obtained":[{"floor":6,"key":"FearPotion"},{"floor":25,"key":"DistilledChaos"},{"floor":28,"key":"FearPotion"},{"floor":30,"key":"Energy Potion"},{"floor":31,"key":"PowerPotion"}],"is_trial":false,"path_per_floor":["M","M","$","M","?","E","T","R","T","T","M","R","E","M","R","B",null,"M","M","?","?","?","E","R","M","T","M","E","R","M","M","R","B"],"character_chosen":"IRONCLAD","items_purchased":["Carnage","SteroidPotion"],"campfire_rested":5,"item_purchase_floors":[3,3],"current_hp_per_floor":[74,75,75,75,64,28,28,50,50,50,56,56,35,33,55,64,72,62,44,44,44,44,27,49,37,37,34,29,51,39,18,40,8,8],"gold":435,"neow_bonus":"THREE_ENEMY_KILL","is_daily":false,"chose_seed":false,"campfire_upgraded":1,"win_rate":0.0,"timestamp":1609246275,"path_taken":["M","M","$","?","?","E","?","R","T","?","?","R","E","?","R","BOSS","M","M","?","?","?","E","R","M","T","M","E","R","M","?","R","BOSS"],"items_purchased_type":["Card","Potion"],"build_version":"2020-12-22","purchased_purges":0,"victory":false,"max_hp_per_floor":[75,75,75,75,75,75,75,75,75,75,75,75,75,75,75,75,75,75,75,75,75,75,75,75,75,75,75,75,75,75,75,75,75,75],"relic_stats":{"Busted Crown":16,"counters":[17,64],"Bird Faced Urn":[3],"Magic Flower":[40],"Art of War":[0],"Question Card":12,"obtain_stats":[{"Busted Crown":17,"NeowsBlessing":0,"Bird Faced Urn":28,"Magic Flower":5,"Oddly Smooth Stone":13,"Art of War":26,"Question Card":10,"Burning Blood":0,"Akabeko":9,"White Beast Statue":23,"Mercury Hourglass":6},{"Busted Crown":8,"NeowsBlessing":0,"Bird Faced Urn":14,"Magic Flower":3,"Oddly Smooth Stone":6,"Art of War":12,"Question Card":4,"Burning Blood":0,"Akabeko":4,"White Beast Statue":11,"Mercury Hourglass":4},{"Busted Crown":30,"NeowsBlessing":0,"Bird Faced Urn":49,"Magic Flower":3,"Oddly Smooth Stone":21,"Art of War":43,"Question Card":14,"Burning Blood":0,"Akabeko":14,"White Beast Statue":39,"Mercury Hourglass":14}],"Burning Blood":124,"Mercury Hourglass":[205]},"card_choices":[{"not_picked":["Intimidate","Rage"],"picked":"Iron Wave","floor":1},{"not_picked":["Pommel Strike","Flame Barrier"],"picked":"Perfected Strike","floor":2},{"not_picked":["Wild Strike","Heavy Blade"],"picked":"Clothesline","floor":4},{"not_picked":["Clash","Heavy Blade"],"picked":"Thunderclap","floor":6},{"not_picked":["Clothesline","Reckless Charge","Disarm"],"picked":"Perfected Strike","floor":11},{"not_picked":["Flex","Double Tap","Sever Soul","Cleave"],"picked":"SKIP","floor":13},{"not_picked":["Hemokinesis","Searing Blow","Clash"],"picked":"Perfected Strike","floor":14},{"not_picked":["Double Tap","Barricade","Limit Break"],"picked":"Immolate","floor":16},{"not_picked":["Iron Wave","Combust"],"picked":"SKIP","floor":18},{"not_picked":["Thunderclap","Anger"],"picked":"SKIP","floor":19},{"not_picked":["Carnage","Clothesline"],"picked":"SKIP","floor":23},{"not_picked":["Pommel Strike","Thunderclap"],"picked":"SKIP","floor":25},{"not_picked":["Thunderclap"],"picked":"Pommel Strike","floor":25},{"not_picked":["Warcry","Body Slam"],"picked":"SKIP","floor":27},{"not_picked":["Warcry"],"picked":"Flame Barrier","floor":28},{"not_picked":["Body Slam"],"picked":"Shrug It Off","floor":30},{"not_picked":["Anger","Cleave"],"picked":"SKIP","floor":31}],"player_experience":390367,"relics_obtained":[{"floor":6,"key":"Mercury Hourglass"},{"floor":9,"key":"Akabeko"},{"floor":10,"key":"Question Card"},{"floor":13,"key":"Oddly Smooth Stone"},{"floor":23,"key":"White Beast Statue"},{"floor":26,"key":"Art of War"},{"floor":28,"key":"Bird Faced Urn"}],"event_choices":[{"damage_healed":0,"gold_gain":0,"player_choice":"Success","damage_taken":11,"relics_obtained":["Magic Flower"],"max_hp_gain":0,"max_hp_loss":0,"event_name":"Scrap Ooze","floor":5,"gold_loss":0},{"damage_healed":0,"gold_gain":0,"player_choice":"Ignored","damage_taken":0,"max_hp_gain":0,"max_hp_loss":0,"event_name":"Vampires","floor":20,"gold_loss":0},{"damage_healed":0,"gold_gain":0,"player_choice":"Simplicity","damage_taken":0,"max_hp_gain":0,"max_hp_loss":0,"event_name":"Back to Basics","floor":21,"gold_loss":0,"cards_upgraded":["Strike_R","Strike_R","Strike_R","Strike_R","Strike_R","Defend_R","Defend_R","Defend_R","Defend_R"]},{"damage_healed":0,"gold_gain":0,"player_choice":"Read","damage_taken":0,"max_hp_gain":0,"max_hp_loss":0,"event_name":"The Library","floor":22,"gold_loss":0,"cards_obtained":["True Grit"]}],"is_beta":false,"boss_relics":[{"not_picked":["Tiny House","Pandora\u0027s Box"],"picked":"Busted Crown"}],"items_purged_floors":[],"is_endless":false,"potions_floor_spawned":[6,11,13,14,25,27,28,30,31],"killed_by":"Collector","ascension_level":20}}