{"host":"zpql4quw4g2j1hsh","time":1609218563,"event":{"mods":["Act Like it!","BaseMod","Better-Laid Plans","Challenge The Spire","Decade(王小明)","Lobotomy","LobotomyExtend","Minty Spire (QoL Compilation)","Permanent Neow","Quick Restart","Relic Stats","Spicy Shops","StSLib","SuperFastMode","【遗物卡牌】REMEMod","篝火指南"],"gold_per_floor":[12,31,51,51,68,68,81,81,127,127,145,166,202,202,202,327,327,340,340,340,365,388,388,388],"floor_reached":23,"playtime":1113,"items_purged":[],"score":195,"play_id":"1719e669-4d68-47b1-8e32-520e52e8ece1","local_time":"20201229130923","is_ascension_mode":false,"campfire_choices":[{"data":"FormRideDogga","floor":6,"key":"SMITH"},{"data":"UnarmedAttack1","floor":8,"key":"SMITH"},{"floor":15,"key":"REST"}],"circlet_count":0,"master_deck":["Decade_Attack","Decade_Attack","Decade_Attack","Decade_Attack","KamenRide","Decade_Defend","Decade_Defend","Decade_Defend","FormRideDogga+1","UnarmedAttack1+1","Decade_Defend3","DenO_Climax","KamenRideFaiz+1","FormRideBasshaa+1","Doubt","DenO_Sword+1","MirrorWorld+1"],"relics":["Decadriver","TOEIDeficitBill","REME_ComplimentaryCards","LetterFromLob","RedMistMask","Regal Pillow","Golden Idol","Toxic Egg 2","Astrolabe","MirrorWorldRelic"],"acts_visited":["Exordium","TheCity"],"potions_floor_usage":[13],"damage_taken":[{"damage":0,"enemies":"Cultist","floor":1,"turns":2},{"damage":2,"enemies":"2 Louse","floor":2,"turns":2},{"damage":5,"enemies":"Small Slimes","floor":3,"turns":2},{"damage":8,"enemies":"2 Fungi Beasts","floor":5,"turns":4},{"damage":5,"enemies":"Looter","floor":7,"turns":2},{"damage":1,"enemies":"3 Louse","floor":11,"turns":2},{"damage":16,"enemies":"Lots of Slimes","floor":12,"turns":3},{"damage":9,"enemies":"Gremlin Nob","floor":13,"turns":3},{"damage":58,"enemies":"Hexaghost","floor":16,"turns":8},{"damage":0,"enemies":"Chosen","floor":18,"turns":2},{"damage":27,"enemies":"3 Byrds","floor":21,"turns":4},{"damage":24,"enemies":"3 Cultists","floor":22,"turns":4},{"damage":17,"enemies":"Gremlin Leader","floor":23,"turns":4}],"seed_played":"282767758353277909","potions_obtained":[{"floor":1,"key":"GamblersBrew"},{"floor":3,"key":"AttackPotion"},{"floor":12,"key":"LiquidMemories"},{"floor":16,"key":"Strength Potion"}],"is_trial":false,"path_per_floor":["M","M","M","?","M","R","M","R","T","?","M","M","E","M","R","B",null,"M","?","?","M","M","E"],"character_chosen":"Decade","items_purchased":[],"campfire_rested":1,"item_purchase_floors":[],"current_hp_per_floor":[70,68,63,63,55,55,52,52,52,52,51,35,41,41,70,44,70,70,70,70,43,26,-5,-5],"gold":388,"neow_bonus":"REMOVE_TWO","is_daily":false,"chose_seed":false,"campfire_upgraded":2,"win_rate":0.0,"timestamp":1609218563,"path_taken":["M","?","?","?","M","R","M","R","T","?","M","M","E","M","R","BOSS","M","?","?","M","M","E"],"items_purchased_type":[],"build_version":"2020-12-22","purchased_purges":0,"victory":false,"max_hp_per_floor":[70,70,70,70,70,70,70,70,70,70,70,70,70,70,70,70,70,70,70,70,70,70,70,70],"relic_stats":{"Regal Pillow":8,"counters":[13,42],"Golden Idol":53,"Astrolabe":["Decay","KamenRideFaiz","FormRideJack"],"obtain_stats":[{"Regal Pillow":9,"Golden Idol":10,"Astrolabe":17,"Decadriver":0,"RedMistMask":7,"LetterFromLob":1,"TOEIDeficitBill":0,"Toxic Egg 2":13,"REME_ComplimentaryCards":0},{"Regal Pillow":5,"Golden Idol":5,"Astrolabe":9,"Decadriver":0,"RedMistMask":5,"LetterFromLob":1,"TOEIDeficitBill":0,"Toxic Egg 2":8,"REME_ComplimentaryCards":0},{"Regal Pillow":12,"Golden Idol":12,"Astrolabe":28,"Decadriver":0,"RedMistMask":12,"LetterFromLob":2,"TOEIDeficitBill":0,"Toxic Egg 2":20,"REME_ComplimentaryCards":0}]},"card_choices":[{"not_picked":["UnarmedAttack8","RideBooker_Skill_3"],"picked":"FormRideDogga","floor":1},{"not_picked":["KamenRideFaiz","FormRideFlame"],"picked":"Decade_Invisible","floor":5},{"not_picked":["Kuuga_GouramAttack","Decade_Dash2"],"picked":"UnarmedAttack1","floor":7},{"not_picked":["Hibiki_Attack2","Kuuga_GouramAttack"],"picked":"Decade_Defend3","floor":11},{"not_picked":["Hibiki_FEVER+1","Kiva_Eat+1"],"picked":"DenO_Climax","floor":16},{"not_picked":["Decade_Defend3+1","FormRideDragon+1"],"picked":"FormRideBasshaa+1","floor":18},{"not_picked":["Decade_Invisible+1","PhotonAcceleration+1"],"picked":"MirrorWorld+1","floor":21}],"player_experience":19587,"relics_obtained":[{"floor":1,"key":"LetterFromLob"},{"floor":7,"key":"RedMistMask"},{"floor":9,"key":"Regal Pillow"},{"floor":13,"key":"Toxic Egg 2"}],"event_choices":[{"damage_healed":0,"gold_gain":0,"player_choice":"Ignored","damage_taken":0,"max_hp_gain":0,"max_hp_loss":0,"event_name":"Golden Wing","floor":4,"gold_loss":0},{"damage_healed":0,"gold_gain":0,"player_choice":"Take Wound","damage_taken":0,"relics_obtained":["Golden Idol"],"max_hp_gain":0,"max_hp_loss":0,"event_name":"Golden Idol","floor":10,"gold_loss":0,"cards_obtained":["Injury"]},{"damage_healed":0,"gold_gain":0,"cards_transformed":["Decay","FormRideJack"],"player_choice":"Became Test Subject","damage_taken":0,"max_hp_gain":0,"max_hp_loss":0,"event_name":"Drug Dealer","floor":20,"gold_loss":0,"cards_obtained":["Doubt","DenO_Sword"]}],"is_beta":false,"boss_relics":[{"not_picked":["Sozu","SlaversCollar"],"picked":"Astrolabe"}],"items_purged_floors":[],"is_endless":false,"potions_floor_spawned":[1,3,12,16],"killed_by":"Gremlin Leader","ascension_level":0}}