{"host":"qdfumeom6htv8yxl","time":1609205176,"event":{"mods":["AchievementEnabler","BaseMod","Block Reminder","Minty Spire (QoL Compilation)","Quick Restart","Relic Stats"],"gold_per_floor":[112,112,132,29,29,29,46,62,109,109,122,122,150,150,150,226,226,226,236,26,26,26,26,26,26,51,51,51,51],"floor_reached":28,"playtime":3289,"items_purged":["Strike_G"],"score":385,"play_id":"7628e6fb-0135-4808-8778-e3b4a14d88d2","local_time":"20201228192616","is_ascension_mode":true,"campfire_choices":[{"data":"Blade Dance","floor":6.0,"key":"SMITH"},{"data":"Finisher","floor":10.0,"key":"SMITH"},{"data":"Neutralize","floor":12.0,"key":"SMITH"},{"data":"Venomology","floor":15.0,"key":"SMITH"},{"data":"Accuracy","floor":23,"key":"SMITH"},{"data":"Acrobatics","floor":25,"key":"SMITH"},{"data":"Choke","floor":27,"key":"SMITH"}],"circlet_count":0,"master_deck":["AscendersBane","Strike_G","Strike_G","Defend_G","Defend_G","Defend_G","Defend_G","Defend_G","Survivor","Neutralize+1","Backflip","Blade Dance+1","Slice","Dagger Spray","Accuracy+1","Blade Dance","Finisher+1","Acrobatics+1","Well Laid Plans","Venomology+1","Acrobatics","Tactician","Accuracy+1","Choke+1"],"relics":["Ring of the Snake","Prayer Wheel","Smiling Mask","Omamori","Cursed Key","Art of War"],"acts_visited":["Exordium","TheCity"],"potions_floor_usage":[],"damage_taken":[{"damage":0.0,"enemies":"Jaw Worm","floor":1.0,"turns":5.0},{"damage":0.0,"enemies":"Small Slimes","floor":3.0,"turns":3.0},{"damage":0.0,"enemies":"Cultist","floor":7.0,"turns":2.0},{"damage":9.0,"enemies":"2 Fungi Beasts","floor":8.0,"turns":2.0},{"damage":5.0,"enemies":"Looter","floor":11.0,"turns":4.0},{"damage":4.0,"enemies":"3 Sentries","floor":13.0,"turns":4.0},{"damage":20.0,"enemies":"Hexaghost","floor":16.0,"turns":8.0},{"damage":0.0,"enemies":"2 Thieves","floor":18.0,"turns":1.0},{"damage":0.0,"enemies":"Chosen","floor":19.0,"turns":4.0},{"damage":0,"enemies":"Slavers","floor":28,"turns":1}],"seed_played":"-6611638888821468896","potions_obtained":[{"floor":7.0,"key":"FearPotion"},{"floor":8.0,"key":"SpeedPotion"},{"floor":11.0,"key":"ColorlessPotion"},{"floor":13.0,"key":"Swift Potion"},{"floor":19.0,"key":"LiquidMemories"}],"is_trial":false,"path_per_floor":["M","?","M","$","?","R","M","M","T","R","M","R","E","?","R","B",null,"M","M","$","?","$","R","$","R","T","R","E"],"character_chosen":"THE_SILENT","items_purchased":["Accuracy","Blade Dance","Accuracy","Choke"],"campfire_rested":0,"item_purchase_floors":[4,4,20,20],"current_hp_per_floor":[59,59,59,59,59,59,59,50,50,50,45,45,41,34,34,14,53,53,53,53,53,53,53,53,53,53,53,53,53],"gold":51,"neow_bonus":"ONE_RARE_RELIC","is_daily":false,"chose_seed":false,"campfire_upgraded":7,"win_rate":0.0,"timestamp":1609205176,"path_taken":["M","?","M","$","?","R","M","M","T","R","?","R","E","?","R","BOSS","M","M","$","?","$","R","$","R","T","R","E"],"items_purchased_type":["Card","Card","Card","Card"],"build_version":"2020-12-22","purchased_purges":1,"victory":false,"max_hp_per_floor":[66,66,66,66,66,66,66,66,66,66,66,66,66,66,66,66,66,66,66,66,66,66,66,66,66,66,66,66,66],"relic_stats":{"counters":[10,34],"Prayer Wheel":7,"Art of War":[0],"Smiling Mask":25,"Cursed Key":1,"obtain_stats":[{"Prayer Wheel":0,"Omamori":13,"Art of War":26,"Smiling Mask":9,"Cursed Key":17,"Ring of the Snake":0},{"Prayer Wheel":0,"Omamori":6,"Art of War":9,"Smiling Mask":4,"Cursed Key":7,"Ring of the Snake":0},{"Prayer Wheel":0,"Omamori":20,"Art of War":33,"Smiling Mask":12,"Cursed Key":28,"Ring of the Snake":0}],"Ring of the Snake":[20]},"card_choices":[{"not_picked":["Poisoned Stab","Calculated Gamble"],"picked":"Backflip","floor":1.0},{"not_picked":["Skewer","Well Laid Plans"],"picked":"Blade Dance","floor":1.0},{"not_picked":["Well Laid Plans","Masterful Stab"],"picked":"Slice","floor":3.0},{"not_picked":["Dash","Tactician"],"picked":"Dagger Spray","floor":3.0},{"not_picked":["Sucker Punch","Blade Dance"],"picked":"Finisher","floor":7.0},{"not_picked":["Skewer","Riddle With Holes","Deflect"],"picked":"SKIP","floor":7.0},{"not_picked":["Flying Knee","Poisoned Stab"],"picked":"Acrobatics","floor":8.0},{"not_picked":["Reflex","Underhanded Strike"],"picked":"Well Laid Plans","floor":8.0},{"not_picked":["Crippling Poison","Underhanded Strike","Dagger Throw"],"picked":"SKIP","floor":11.0},{"not_picked":["Slice","Underhanded Strike","Endless Agony"],"picked":"SKIP","floor":11.0},{"not_picked":["Deflect","Underhanded Strike"],"picked":"Venomology","floor":13.0},{"not_picked":["Dagger Spray+1","Bane+1"],"picked":"Acrobatics","floor":19.0},{"not_picked":["Masterful Stab","Flying Knee"],"picked":"Tactician","floor":19.0}],"player_experience":1618509,"relics_obtained":[{"floor":9.0,"key":"Smiling Mask"},{"floor":13.0,"key":"Omamori"},{"floor":26,"key":"Art of War"}],"event_choices":[{"cards_removed":["Normality"],"damage_healed":0.0,"max_hp_gain":0.0,"max_hp_loss":0.0,"gold_gain":0.0,"event_name":"Living Wall","player_choice":"Forget","floor":2.0,"gold_loss":0.0,"damage_taken":0.0},{"damage_healed":0.0,"max_hp_gain":0.0,"max_hp_loss":0.0,"gold_gain":0.0,"event_name":"Accursed Blacksmith","player_choice":"Forge","floor":5.0,"gold_loss":0.0,"damage_taken":0.0,"cards_upgraded":["Accuracy"]},{"cards_removed":["Strike_G"],"damage_healed":0.0,"max_hp_gain":0.0,"max_hp_loss":0.0,"gold_gain":0.0,"event_name":"Golden Wing","player_choice":"Card Removal","floor":14.0,"gold_loss":0.0,"damage_taken":7.0},{"cards_removed":["Strike_G"],"damage_healed":0,"gold_gain":0,"player_choice":"Elegance","damage_taken":0,"max_hp_gain":0,"max_hp_loss":0,"event_name":"Back to Basics","floor":21,"gold_loss":0}],"is_beta":false,"boss_relics":[{"not_picked":["Busted Crown","Coffee Dripper"],"picked":"Cursed Key"}],"items_purged_floors":[20],"is_endless":false,"potions_floor_spawned":[7,8,11,13,19],"killed_by":"Slavers","ascension_level":16}}