{"host":"f6tqpspb2ou2a4h5","time":1609231863,"event":{"mods":["2.2 Compatiblity","Ascension Unlocker","BaseMod","Colored Map","DeckTracker","Hermit","Highlight Path","KOR Keyword Fix","Keyboard Shortcuts","Minty Spire (QoL Compilation)","Permanent Neow","Quick Restart","Random Character Button","StSLib","SuperFastMode","The Poker Player","everything is the same but u backflip on backflip"],"gold_per_floor":[14,14,24,24,24,57,77,77,147,147,165,165,185,209,209,334,334,354,2,21,21,21,57,82,82,82,82,82,106,149,164,164,164,164],"floor_reached":33,"playtime":1044,"items_purged":["Strike_G"],"score":287,"play_id":"ec6846aa-714e-470a-908a-60655da56f26","local_time":"20201229175103","is_ascension_mode":false,"campfire_choices":[{"data":"Footwork","floor":8.0,"key":"SMITH"},{"data":"Catalyst","floor":15.0,"key":"SMITH"},{"data":"After Image","floor":25.0,"key":"SMITH"},{"data":"Footwork","floor":28.0,"key":"SMITH"},{"floor":32.0,"key":"REST"}],"circlet_count":0,"master_deck":["Strike_G+1","Strike_G+1","Strike_G+1","Defend_G+1","Defend_G+1","Defend_G+1","Defend_G+1","Defend_G+1","Survivor","Neutralize","Corpse Explosion","Dagger Spray","Deadly Poison","Footwork+1","Footwork+1","Backstab","Catalyst+1","Crippling Poison","After Image+1","Masterful Stab+1","Footwork+1","Tactician","Prepared","Backflip","Outmaneuver+1","Choke+1","Blade Dance"],"relics":["Ring of the Snake","Golden Idol","Bronze Scales","Ornamental Fan","Philosopher\u0027s Stone","Molten Egg 2","Juzu Bracelet","Pear","Question Card"],"acts_visited":["Exordium","TheCity"],"potions_floor_usage":[],"damage_taken":[{"damage":0.0,"enemies":"Small Slimes","floor":1.0,"turns":4.0},{"damage":0.0,"enemies":"2 Louse","floor":3.0,"turns":1.0},{"damage":29.0,"enemies":"Lagavulin","floor":6.0,"turns":7.0},{"damage":0.0,"enemies":"Cultist","floor":7.0,"turns":4.0},{"damage":1.0,"enemies":"Large Slime","floor":11.0,"turns":6.0},{"damage":0.0,"enemies":"Red Slaver","floor":13.0,"turns":5.0},{"damage":9.0,"enemies":"Exordium Thugs","floor":14.0,"turns":3.0},{"damage":6.0,"enemies":"Hexaghost","floor":16.0,"turns":10.0},{"damage":0.0,"enemies":"Chosen","floor":18.0,"turns":4.0},{"damage":18.0,"enemies":"Spheric Guardian","floor":20.0,"turns":4.0},{"damage":19.0,"enemies":"Book of Stabbing","floor":23.0,"turns":7.0},{"damage":0.0,"enemies":"3 Cultists","floor":24.0,"turns":2.0},{"damage":0.0,"enemies":"Shelled Parasite and Fungi","floor":29.0,"turns":6.0},{"damage":25.0,"enemies":"Slavers","floor":30.0,"turns":6.0},{"damage":6.0,"enemies":"Snake Plant","floor":31.0,"turns":3.0},{"damage":33,"enemies":"Collector","floor":33,"turns":3}],"seed_played":"-650077884514318270","potions_obtained":[{"floor":1.0,"key":"CultistPotion"},{"floor":7.0,"key":"SneckoOil"},{"floor":11.0,"key":"Energy Potion"},{"floor":16.0,"key":"Ancient Potion"},{"floor":18.0,"key":"Swift Potion"},{"floor":29.0,"key":"AttackPotion"}],"is_trial":false,"path_per_floor":["M","$","M","?","?","E","M","R","T","?","M","?","M","M","R","B",null,"M","$","M","?","$","E","M","R","T","?","R","M","E","M","R","B"],"character_chosen":"THE_SILENT","items_purchased":["Molten Egg 2","Footwork"],"campfire_rested":1,"item_purchase_floors":[19,19],"current_hp_per_floor":[70,70,70,65,65,36,36,36,36,30,29,29,29,20,20,14,65,65,65,47,47,47,28,28,28,38,38,38,38,13,7,29,0,0],"gold":164,"neow_bonus":"THREE_RARE_CARDS","is_daily":false,"chose_seed":false,"campfire_upgraded":4,"win_rate":0.0,"timestamp":1609231863,"path_taken":["M","$","M","?","?","E","?","R","T","?","?","?","M","M","R","BOSS","M","$","M","?","?","E","M","R","T","?","R","M","E","M","R","BOSS"],"items_purchased_type":["Relic","Card"],"build_version":"2020-12-22","purchased_purges":1,"victory":false,"max_hp_per_floor":[70,70,70,65,65,65,65,65,65,65,65,65,65,65,65,65,65,65,65,65,65,65,65,65,65,75,75,75,75,75,75,75,75,75],"card_choices":[{"not_picked":["Malaise","Envenom"],"picked":"Corpse Explosion","floor":0.0},{"not_picked":["Calculated Gamble","Outmaneuver"],"picked":"Dagger Spray","floor":1.0},{"not_picked":["Sucker Punch","Predator"],"picked":"Deadly Poison","floor":3.0},{"not_picked":["Deadly Poison","Distraction"],"picked":"Footwork","floor":6.0},{"not_picked":["Deadly Poison","Flying Knee"],"picked":"Footwork","floor":7.0},{"not_picked":["Deflect","Quick Slash"],"picked":"Backstab","floor":11.0},{"not_picked":["Calculated Gamble","Acrobatics"],"picked":"Catalyst","floor":13.0},{"not_picked":["Sucker Punch","Flying Knee"],"picked":"Crippling Poison","floor":14.0},{"not_picked":["Grand Finale","Adrenaline"],"picked":"After Image","floor":16.0},{"not_picked":["Noxious Fumes","PiercingWail"],"picked":"Masterful Stab+1","floor":18.0},{"not_picked":["Outmaneuver+1","Bane+1"],"picked":"Tactician","floor":20.0},{"not_picked":["Outmaneuver","Quick Slash+1"],"picked":"Prepared","floor":23.0},{"not_picked":["Predator+1","Finisher+1"],"picked":"Backflip","floor":24.0},{"not_picked":["Quick Slash+1","Dagger Spray+1"],"picked":"Outmaneuver+1","floor":29.0},{"not_picked":["Flying Knee+1","Bouncing Flask"],"picked":"Choke+1","floor":30.0},{"not_picked":["All Out Attack+1","Deflect","After Image"],"picked":"Blade Dance","floor":31.0}],"player_experience":90959,"relics_obtained":[{"floor":6.0,"key":"Bronze Scales"},{"floor":9.0,"key":"Ornamental Fan"},{"floor":23.0,"key":"Juzu Bracelet"},{"floor":26.0,"key":"Pear"},{"floor":30.0,"key":"Question Card"}],"event_choices":[{"damage_healed":0.0,"max_hp_gain":0.0,"max_hp_loss":5.0,"gold_gain":0.0,"event_name":"Golden Idol","player_choice":"Lose Max HP","floor":4.0,"gold_loss":0.0,"damage_taken":0.0,"relics_obtained":["Golden Idol"]},{"cards_removed":["Strike_G"],"damage_healed":0.0,"max_hp_gain":0.0,"max_hp_loss":0.0,"gold_gain":0.0,"event_name":"Purifier","player_choice":"Purged","floor":5.0,"gold_loss":0.0,"damage_taken":0.0},{"damage_healed":0.0,"max_hp_gain":0.0,"max_hp_loss":0.0,"gold_gain":0.0,"event_name":"Wheel of Change","player_choice":"Damaged","floor":10.0,"gold_loss":0.0,"damage_taken":6.0},{"damage_healed":0.0,"max_hp_gain":0.0,"max_hp_loss":0.0,"gold_gain":0.0,"event_name":"Accursed Blacksmith","player_choice":"Forge","floor":12.0,"gold_loss":0.0,"damage_taken":0.0,"cards_upgraded":["Footwork"]},{"damage_healed":0.0,"max_hp_gain":0.0,"max_hp_loss":0.0,"gold_gain":0.0,"event_name":"Match and Keep!","player_choice":"0 cards matched","floor":21.0,"gold_loss":0.0,"damage_taken":0.0,"cards_obtained":[]},{"damage_healed":0.0,"max_hp_gain":0.0,"max_hp_loss":0.0,"gold_gain":0.0,"event_name":"Back to Basics","player_choice":"Simplicity","floor":27.0,"gold_loss":0.0,"damage_taken":0.0,"cards_upgraded":["Strike_G","Strike_G","Strike_G","Defend_G","Defend_G","Defend_G","Defend_G","Defend_G"]}],"is_beta":false,"boss_relics":[{"not_picked":["Empty Cage","Busted Crown"],"picked":"Philosopher\u0027s Stone"}],"items_purged_floors":[19],"is_endless":false,"potions_floor_spawned":[1,7,11,16,18,29,30],"killed_by":"Collector","ascension_level":0}}