{"host":"xcuflocadasoaqda","time":1609266020,"event":{"mods":["BaseMod","Bestiary","Filter the Spire","Minty Spire (QoL Compilation)","Relic Stats"],"gold_per_floor":[112,92,109,7,20,20,30,62,62,89,100,25,25,55,55,132,132,145,157,207,207,107,107,133,143,216,247,297,297,308,323,323,402,402,412,412,79,96,96,96,107,141,141,161,161,187,187,212,212,212,212,212,212,49,78,78,78],"floor_reached":56,"playtime":2563,"items_purged":["Choke","Caltrops"],"score":2236,"play_id":"363f7b67-a809-4964-a087-e1f44d22e209","local_time":"20201229122020","is_ascension_mode":true,"campfire_choices":[{"data":"Dramatic Entrance","floor":6.0,"key":"SMITH"},{"data":"Accuracy","floor":15.0,"key":"SMITH"},{"data":"Wraith Form v2","floor":23.0,"key":"SMITH"},{"data":"Blade Dance","floor":29.0,"key":"SMITH"},{"data":"Blade Dance","floor":32.0,"key":"SMITH"},{"data":"Well Laid Plans","floor":40.0,"key":"SMITH"},{"floor":47.0,"key":"RECALL"},{"data":"Blade Dance","floor":49.0,"key":"SMITH"},{"data":"Cloak And Dagger","floor":53.0,"key":"SMITH"}],"circlet_count":0,"master_deck":["AscendersBane","Survivor","Neutralize+1","Cloak And Dagger","Accuracy+1","Doppelganger","Wraith Form v2+1","Backflip","Envenom","Blur","Cloak And Dagger+1","Dramatic Entrance+1","Bane+1","Blade Dance+1","Well Laid Plans+1","Blur","Wraith Form v2+1","Backflip+1","Footwork","Blade Dance+1","Blade Dance+1","Blade Dance+1","Night Terror","Finisher+1","PiercingWail","Envenom"],"relics":["Pandora\u0027s Box","Whetstone","Akabeko","Pantograph","Bronze Scales","Philosopher\u0027s Stone","Pen Nib","Ninja Scroll","Mummified Hand","SlaversCollar","Vajra","Medical Kit","Mango","Smiling Mask","Strawberry","Happy Flower","Gremlin Horn"],"acts_visited":["Exordium","TheCity","TheBeyond","TheEnding"],"potions_floor_usage":[56],"damage_taken":[{"damage":3.0,"enemies":"Jaw Worm","floor":1.0,"turns":6.0},{"damage":2.0,"enemies":"Cultist","floor":3.0,"turns":5.0},{"damage":0.0,"enemies":"2 Louse","floor":5.0,"turns":5.0},{"damage":6.0,"enemies":"Large Slime","floor":7.0,"turns":4.0},{"damage":36.0,"enemies":"3 Sentries","floor":8.0,"turns":9.0},{"damage":2.0,"enemies":"Gremlin Nob","floor":10.0,"turns":4.0},{"damage":1.0,"enemies":"Looter","floor":11.0,"turns":2.0},{"damage":5.0,"enemies":"3 Sentries","floor":14.0,"turns":5.0},{"damage":5.0,"enemies":"Slime Boss","floor":16.0,"turns":10.0},{"damage":14.0,"enemies":"Chosen","floor":18.0,"turns":5.0},{"damage":12.0,"enemies":"Shell Parasite","floor":19.0,"turns":6.0},{"damage":5.0,"enemies":"Book of Stabbing","floor":24.0,"turns":6.0},{"damage":0.0,"enemies":"Snecko","floor":25.0,"turns":4.0},{"damage":0.0,"enemies":"Gremlin Leader","floor":27.0,"turns":5.0},{"damage":0.0,"enemies":"Sentry and Sphere","floor":30.0,"turns":1.0},{"damage":4.0,"enemies":"Centurion and Healer","floor":31.0,"turns":3.0},{"damage":4.0,"enemies":"Automaton","floor":33.0,"turns":6.0},{"damage":0.0,"enemies":"Orb Walker","floor":35.0,"turns":3.0},{"damage":0.0,"enemies":"3 Darklings","floor":38.0,"turns":3.0},{"damage":19.0,"enemies":"Maw","floor":41.0,"turns":6.0},{"damage":3.0,"enemies":"Nemesis","floor":42.0,"turns":3.0},{"damage":0.0,"enemies":"Jaw Worm Horde","floor":44.0,"turns":2.0},{"damage":0.0,"enemies":"Giant Head","floor":46.0,"turns":5.0},{"damage":0.0,"enemies":"Reptomancer","floor":48.0,"turns":2.0},{"damage":0.0,"enemies":"Donu and Deca","floor":50.0,"turns":7.0},{"damage":25.0,"enemies":"Awakened One","floor":51.0,"turns":8.0},{"damage":4.0,"enemies":"Shield and Spear","floor":55.0,"turns":3.0},{"damage":87,"enemies":"The Heart","floor":56,"turns":8}],"seed_played":"6002219411632806652","potions_obtained":[{"floor":1.0,"key":"GamblersBrew"},{"floor":2.0,"key":"Energy Potion"},{"floor":10.0,"key":"Block Potion"},{"floor":14.0,"key":"Weak Potion"},{"floor":16.0,"key":"ColorlessPotion"},{"floor":24.0,"key":"LiquidMemories"},{"floor":30.0,"key":"CultistPotion"}],"is_trial":false,"path_per_floor":["M","?","M","$","M","R","M","E","T","E","M","$","?","E","R","B",null,"M","M","?","?","$","R","E","M","T","E","?","R","M","M","R","B",null,"M","?","$","M","?","R","M","E","T","M","?","E","R","E","R","B","B",null,"R","$","E","B"],"character_chosen":"THE_SILENT","items_purchased":["Dramatic Entrance","Vajra","Medical Kit","Happy Flower"],"campfire_rested":0,"item_purchase_floors":[4,37,37,54],"current_hp_per_floor":[56,56,54,54,54,54,48,12,12,10,9,9,9,4,4,24,56,42,30,30,30,30,30,25,25,25,25,19,19,19,15,15,36,59,59,59,59,59,59,59,40,51,51,51,51,51,51,58,58,83,62,81,81,81,77,0,0],"gold":78,"neow_bonus":"BOSS_RELIC","is_daily":false,"chose_seed":false,"campfire_upgraded":8,"win_rate":0.0,"timestamp":1609266020,"path_taken":["M","?","?","?","?","R","M","E","T","E","M","$","?","E","R","BOSS","M","M","?","?","$","R","E","M","T","E","?","R","?","M","R","BOSS","M","?","$","M","?","R","M","E","T","?","?","E","R","E","R","BOSS","BOSS","R","$","E","BOSS"],"items_purchased_type":["Card","Relic","Relic","Relic"],"build_version":"2020-12-22","purchased_purges":2,"victory":false,"max_hp_per_floor":[66,66,66,66,66,66,66,66,66,66,66,66,66,66,66,66,66,66,66,66,66,66,66,66,66,66,66,66,66,66,66,66,66,66,66,66,66,66,66,66,66,80,80,80,80,80,80,87,87,87,87,87,87,87,87,87,87],"relic_stats":{"Happy Flower":[3],"Gremlin Horn":[0,0],"counters":[28,136],"Mummified Hand":[97],"Pantograph":89,"Bronze Scales":[329],"Pandora\u0027s Box":["Cloak And Dagger","Choke","Accuracy","Doppelganger","Dodge and Roll","Wraith Form v2","A Thousand Cuts","Backflip","Envenom","Caltrops"],"Pen Nib":[33],"Whetstone":["Neutralize","Bane"],"Medical Kit":[7],"Smiling Mask":0,"obtain_stats":[{"Happy Flower":54,"Gremlin Horn":55,"Vajra":37,"Mango":42,"Pen Nib":24,"Whetstone":8,"Medical Kit":37,"Smiling Mask":46,"Akabeko":9,"SlaversCollar":34,"Ninja Scroll":26,"Mummified Hand":27,"Pantograph":10,"Bronze Scales":14,"Strawberry":48,"Pandora\u0027s Box":0,"Philosopher\u0027s Stone":17,"Ring of the Snake":0},{"Happy Flower":26,"Gremlin Horn":27,"Vajra":18,"Mango":21,"Pen Nib":12,"Whetstone":5,"Medical Kit":18,"Smiling Mask":23,"Akabeko":5,"SlaversCollar":17,"Ninja Scroll":13,"Mummified Hand":14,"Pantograph":6,"Bronze Scales":8,"Strawberry":24,"Pandora\u0027s Box":0,"Philosopher\u0027s Stone":9,"Ring of the Snake":0},{"Happy Flower":125,"Gremlin Horn":128,"Vajra":89,"Mango":101,"Pen Nib":67,"Whetstone":29,"Medical Kit":89,"Smiling Mask":108,"Akabeko":29,"SlaversCollar":86,"Ninja Scroll":71,"Mummified Hand":76,"Pantograph":33,"Bronze Scales":40,"Strawberry":110,"Pandora\u0027s Box":0,"Philosopher\u0027s Stone":50,"Ring of the Snake":0}]},"card_choices":[{"not_picked":["Deadly Poison","Prepared"],"picked":"Blur","floor":1.0},{"not_picked":["Bane","Deflect"],"picked":"Cloak And Dagger","floor":3.0},{"not_picked":["Outmaneuver","Tactician","Bane"],"picked":"SKIP","floor":5.0},{"not_picked":["Outmaneuver","Envenom"],"picked":"Bane","floor":7.0},{"not_picked":["Prepared","Dagger Spray"],"picked":"Blade Dance","floor":8.0},{"not_picked":["Tools of the Trade","All Out Attack","PiercingWail"],"picked":"SKIP","floor":10.0},{"not_picked":["Deadly Poison","Dagger Throw"],"picked":"Well Laid Plans","floor":11.0},{"not_picked":["Heel Hook","Caltrops"],"picked":"Blur","floor":14.0},{"not_picked":["Grand Finale","Unload"],"picked":"Wraith Form v2","floor":16.0},{"not_picked":["Calculated Gamble","Poisoned Stab"],"picked":"Backflip+1","floor":18.0},{"not_picked":["Setup","Poisoned Stab"],"picked":"Footwork","floor":19.0},{"not_picked":["Bane","Prepared","Flying Knee"],"picked":"SKIP","floor":24.0},{"not_picked":["PiercingWail","Dagger Spray"],"picked":"Blade Dance","floor":25.0},{"not_picked":["Eviscerate","Distraction","Tactician+1"],"picked":"SKIP","floor":27.0},{"not_picked":["Finisher","Endless Agony"],"picked":"Blade Dance","floor":30.0},{"not_picked":["Quick Slash","Venomology"],"picked":"Blade Dance+1","floor":31.0},{"not_picked":["Phantasmal Killer","Venomology"],"picked":"Night Terror","floor":33.0},{"not_picked":["Reflex","Predator","Finisher"],"picked":"SKIP","floor":35.0},{"not_picked":["Reflex","Predator"],"picked":"Finisher","floor":35.0},{"not_picked":["Dagger Throw","Underhanded Strike"],"picked":"PiercingWail","floor":38.0},{"not_picked":["Infinite Blades","All Out Attack","Cloak And Dagger"],"picked":"SKIP","floor":41.0},{"not_picked":["Outmaneuver+1","Dagger Throw+1","Cloak And Dagger"],"picked":"SKIP","floor":42.0},{"not_picked":["Envenom","Eviscerate+1","Poisoned Stab"],"picked":"SKIP","floor":44.0},{"not_picked":["Prepared+1","Masterful Stab+1","Flying Knee"],"picked":"SKIP","floor":46.0},{"not_picked":["Flying Knee+1","Dodge and Roll","Deadly Poison"],"picked":"SKIP","floor":48.0},{"not_picked":["Underhanded Strike","Dash","Footwork"],"picked":"SKIP","floor":55.0}],"player_experience":1819309,"relics_obtained":[{"floor":8.0,"key":"Whetstone"},{"floor":9.0,"key":"Akabeko"},{"floor":10.0,"key":"Pantograph"},{"floor":14.0,"key":"Bronze Scales"},{"floor":24.0,"key":"Pen Nib"},{"floor":26.0,"key":"Ninja Scroll"},{"floor":27.0,"key":"Mummified Hand"},{"floor":42.0,"key":"Mango"},{"floor":46.0,"key":"Smiling Mask"},{"floor":48.0,"key":"Strawberry"},{"floor":55.0,"key":"Gremlin Horn"}],"event_choices":[{"damage_healed":0.0,"max_hp_gain":0.0,"max_hp_loss":0.0,"gold_gain":0.0,"event_name":"The Woman in Blue","player_choice":"Bought 1 Potion","floor":2.0,"gold_loss":0.0,"damage_taken":0.0},{"damage_healed":0.0,"max_hp_gain":0.0,"max_hp_loss":0.0,"gold_gain":0.0,"event_name":"Living Wall","player_choice":"Grow","floor":13.0,"gold_loss":0.0,"damage_taken":0.0,"cards_upgraded":["Wraith Form v2"]},{"damage_healed":0.0,"max_hp_gain":0.0,"max_hp_loss":0.0,"gold_gain":50.0,"event_name":"Nest","player_choice":"Stole From Cult","floor":20.0,"gold_loss":0.0,"damage_taken":0.0},{"cards_removed":["A Thousand Cuts"],"damage_healed":0.0,"max_hp_gain":0.0,"max_hp_loss":0.0,"gold_gain":0.0,"event_name":"Back to Basics","player_choice":"Elegance","floor":21.0,"gold_loss":0.0,"damage_taken":0.0},{"damage_healed":0.0,"max_hp_gain":0.0,"max_hp_loss":0.0,"gold_gain":50.0,"event_name":"FaceTrader","player_choice":"Touch","floor":28.0,"gold_loss":0.0,"damage_taken":6.0},{"damage_healed":0.0,"max_hp_gain":0.0,"max_hp_loss":0.0,"gold_gain":0.0,"event_name":"Tomb of Lord Red Mask","player_choice":"Ignored","floor":36.0,"gold_loss":0.0,"damage_taken":0.0},{"damage_healed":0.0,"max_hp_gain":0.0,"max_hp_loss":0.0,"gold_gain":0.0,"cards_transformed":["Dodge and Roll"],"event_name":"Transmorgrifier","player_choice":"Transformed","floor":39.0,"gold_loss":0.0,"damage_taken":0.0,"cards_obtained":["Envenom"]},{"damage_healed":0.0,"max_hp_gain":0.0,"max_hp_loss":0.0,"gold_gain":0.0,"event_name":"Upgrade Shrine","player_choice":"Upgraded","floor":45.0,"gold_loss":0.0,"damage_taken":0.0,"cards_upgraded":["Finisher"]}],"is_beta":false,"boss_relics":[{"not_picked":["Astrolabe","Fusion Hammer"],"picked":"Philosopher\u0027s Stone"},{"not_picked":["Tiny House","Calling Bell"],"picked":"SlaversCollar"}],"items_purged_floors":[12,22],"is_endless":false,"potions_floor_spawned":[1,10,14,16,24,30,31,33,35,38,44,48],"killed_by":"The Heart","ascension_level":20}}