{"host":"5fasz840ryq7obdf","time":1609231048,"event":{"mods":["AchievementEnabler","BaseMod","Bestiary","Better Altar","Better Skull","Better Third Choice","BetterRewards","Block Reminder","Colored Powertips","Curses Come First","Highlight Path","Minty Spire (QoL Compilation)","Quick Restart","Rare Cards Sparkle","Relic Sorter","Relic Stats","Shop Mod","Slay-I","Spicy Shops","StSLib","SuperFastMode"],"gold_per_floor":[112,129,144,144,157,188,204,204,204],"floor_reached":8,"playtime":564,"items_purged":["Strike_B"],"score":120,"play_id":"81e9019e-29f9-4910-853c-eac01350f5f3","local_time":"20201229083728","is_ascension_mode":true,"campfire_choices":[],"circlet_count":0,"master_deck":["AscendersBane","Strike_B","Strike_B","Defend_B","Defend_B","Defend_B","Defend_B","Zap","Dualcast","Apotheosis","Ball Lightning","Leap","Dark Shackles","Undo","Ball Lightning","Undo","BootSequence","Hologram"],"relics":["Cracked Core","Ice Cream","Tiny Chest","Pen Nib"],"acts_visited":["Exordium"],"potions_floor_usage":[8,8],"damage_taken":[{"damage":1.0,"enemies":"Small Slimes","floor":1.0,"turns":3.0},{"damage":1.0,"enemies":"2 Louse","floor":2.0,"turns":3.0},{"damage":0.0,"enemies":"Jaw Worm","floor":3.0,"turns":3.0},{"damage":0.0,"enemies":"Large Slime","floor":5.0,"turns":4.0},{"damage":22.0,"enemies":"3 Sentries","floor":6.0,"turns":8.0},{"damage":0.0,"enemies":"Looter","floor":7.0,"turns":3.0},{"damage":25,"enemies":"Gremlin Nob","floor":8,"turns":3}],"seed_played":"7661055624312471919","potions_obtained":[{"floor":1.0,"key":"Regen Potion"},{"floor":2.0,"key":"PotionOfCapacity"}],"is_trial":false,"path_per_floor":["M","M","M","?","M","E","M","E"],"character_chosen":"DEFECT","items_purchased":["Ice Cream","Apotheosis","Ball Lightning","Leap","Dark Shackles","Tiny Chest"],"campfire_rested":0,"item_purchase_floors":[0,0,0,0,0,0],"current_hp_per_floor":[31,30,30,23,23,1,1,0,0],"gold":204,"neow_bonus":"","is_daily":false,"chose_seed":false,"campfire_upgraded":0,"win_rate":0.0,"timestamp":1609231048,"path_taken":["M","M","M","?","M","E","M","E"],"items_purchased_type":["Relic","Card","Card","Card","Card","Relic"],"build_version":"2020-12-22","purchased_purges":1,"victory":false,"max_hp_per_floor":[71,71,71,71,71,71,71,71,71],"relic_stats":{"counters":[25,103],"Tiny Chest":0,"Pen Nib":[0],"obtain_stats":[{"Darkstone Periapt":30,"Ice Cream":0,"Torii":0,"Singing Bowl":0,"Happy Flower":19,"Oddly Smooth Stone":0,"PreservedInsect":28,"Pen Nib":6,"Ancient Tea Set":14,"Cables":0,"Sozu":17,"Emotion Chip":0,"Shuriken":9,"DollysMirror":31,"Gambling Chip":6,"Orrery":0,"Tiny Chest":0,"Red Mask":20,"Kunai":25,"Cracked Core":0,"TungstenRod":23,"Meat on the Bone":11},{"Darkstone Periapt":17,"Ice Cream":18,"Torii":0,"Singing Bowl":0,"Happy Flower":10,"Oddly Smooth Stone":0,"PreservedInsect":16,"Pen Nib":23,"Ancient Tea Set":8,"Cables":0,"Sozu":9,"Emotion Chip":0,"Shuriken":6,"DollysMirror":17,"Gambling Chip":5,"Orrery":0,"Tiny Chest":18,"Red Mask":11,"Kunai":14,"Cracked Core":0,"TungstenRod":13,"Meat on the Bone":7},{"Darkstone Periapt":66,"Ice Cream":76,"Torii":0,"Singing Bowl":0,"Happy Flower":35,"Oddly Smooth Stone":0,"PreservedInsect":61,"Pen Nib":97,"Ancient Tea Set":24,"Cables":0,"Sozu":31,"Emotion Chip":0,"Shuriken":18,"DollysMirror":66,"Gambling Chip":15,"Orrery":0,"Tiny Chest":76,"Red Mask":36,"Kunai":50,"Cracked Core":0,"TungstenRod":46,"Meat on the Bone":21}]},"card_choices":[{"not_picked":["Stack","Ball Lightning"],"picked":"Undo","floor":1.0},{"not_picked":["Stack","Barrage"],"picked":"Ball Lightning","floor":2.0},{"not_picked":["Streamline","Sweeping Beam"],"picked":"Undo","floor":3.0},{"not_picked":["Steam","Genetic Algorithm"],"picked":"BootSequence","floor":5.0},{"not_picked":["Streamline","Turbo"],"picked":"Hologram","floor":6.0},{"not_picked":["Sweeping Beam","Gash","Ball Lightning"],"picked":"SKIP","floor":7.0}],"player_experience":1243647,"relics_obtained":[{"floor":6.0,"key":"Pen Nib"}],"event_choices":[{"cards_removed":["Strike_B"],"damage_healed":0.0,"max_hp_gain":0.0,"max_hp_loss":0.0,"gold_gain":0.0,"event_name":"Golden Wing","player_choice":"Card Removal","floor":4.0,"gold_loss":0.0,"damage_taken":7.0}],"is_beta":false,"boss_relics":[],"items_purged_floors":[0],"is_endless":false,"potions_floor_spawned":[1,2,6,7],"killed_by":"Gremlin Nob","ascension_level":20}}