{"host":"4id8injl4bo2b6ih","time":1609218295,"event":{"mods":["Act Like it!","BaseMod","Better Third Choice","Colored Map","Downfall","Friendly Minions","Highlight Path","Ironclad Rager","Minty Spire (QoL Compilation)","Robot Space Explorer","Shop Mod","Spicy Shops","StSLib","The Spell Scribe"],"gold_per_floor":[99,110,124,137,153,153,178,178,203,203,231,242,274,286,297,397,397,322,334,350,370,385,402,402,431,446,79,79,179,207,218,228,329,329,329,344,354,371,468,500,552,552,622,7,42,42,58,75,90,90],"floor_reached":51,"playtime":5420,"items_purged":[],"score":1034,"play_id":"1dc1a3b2-c3c4-46e0-a3b8-68695ff56366","local_time":"20201229060455","is_ascension_mode":true,"campfire_choices":[{"data":"sneckomod:SnekBite","floor":1.0,"key":"SMITH"},{"data":"sneckomod:SnakeSap","floor":6.0,"key":"SMITH"},{"data":"sneckomod:UnknownColorless","floor":10.0,"key":"SMITH"},{"data":"sneckomod:SerpentMind","floor":18.0,"key":"SMITH"},{"data":"sneckomod:UnknownUncommonPower","floor":28.0,"key":"SMITH"},{"data":"sneckomod:UnlimitedRolls","floor":35,"key":"SMITH"},{"data":"sneckomod:Unknown3Cost","floor":42,"key":"SMITH"},{"data":"sneckomod:UnknownStrength","floor":46,"key":"SMITH"}],"circlet_count":0,"master_deck":["sneckomod:Strike","sneckomod:Strike+1","sneckomod:Defend","sneckomod:Defend","sneckomod:Defend","sneckomod:TailWhip+1","sneckomod:SnekBite+1","sneckomod:Unknown","sneckomod:Unknown","sneckomod:SnakeSap+1","sneckomod:UnknownClassBLUE","sneckomod:UnknownColorless+1","sneckomod:ImprovisedGuard","sneckomod:UnknownStrength","sneckomod:UnknownWeak","sneckomod:UnknownStrength+1","sneckomod:DiceBlock","sneckomod:SoulDraw","sneckomod:SerpentMind+1","sneckomod:UnknownUncommonSkill","sneckomod:Nope+1","sneckomod:QuickMove+1","sneckomod:DefensiveFlair","sneckomod:UnknownUncommonSkill","sneckomod:UnknownClassGREEN","sneckomod:Unknown3Cost+1","sneckomod:UnknownUncommonPower+1","sneckomod:UnknownClassGUARDIAN","sneckomod:UnknownClassTHE_CHAMP_GRAY+1","sneckomod:UnknownClassSLIMEBOUND+1","sneckomod:IronFang+1","sneckomod:UnlimitedRolls+1","sneckomod:UnknownClassSLIMEBOUND+1","sneckomod:UnknownExhaust+1","sneckomod:UnknownClassTHE_CHAMP_GRAY+1","sneckomod:UnknownUncommonPower","sneckomod:SerpentMind","sneckomod:UnknownUncommonPower","sneckomod:UnknownBlock+1","sneckomod:UnknownStrength"],"relics":["sneckomod:SuperSneckoSoul","Bronze Scales","PreservedInsect","sneckomod:LoadedDie","Mummified Hand","downfall:HeartBlessingGreen","Sundial","Question Card","Dead Branch","downfall:CloakOfManyFaces","CultistMask","FaceOfCleric","NlothsMask","GremlinMask","SsserpentHead","Pen Nib","SlaversCollar","Art of War","Anchor","Bag of Marbles","Unceasing Top","Vajra","Lee\u0027s Waffle","Sling","Whetstone"],"acts_visited":["Exordium","TheCity","TheBeyond"],"potions_floor_usage":[38,43],"damage_taken":[{"damage":7.0,"enemies":"Small Slimes","floor":2.0,"turns":3.0},{"damage":0.0,"enemies":"Cultist","floor":3.0,"turns":3.0},{"damage":0.0,"enemies":"Jaw Worm","floor":4.0,"turns":2.0},{"damage":13.0,"enemies":"Red Slaver","floor":5.0,"turns":3.0},{"damage":25.0,"enemies":"Lagavulin","floor":9.0,"turns":9.0},{"damage":7.0,"enemies":"Gremlin Nob","floor":11.0,"turns":3.0},{"damage":13.0,"enemies":"Lots of Slimes","floor":12.0,"turns":3.0},{"damage":10.0,"enemies":"3 Sentries","floor":13.0,"turns":3.0},{"damage":0.0,"enemies":"Large Slime","floor":14.0,"turns":4.0},{"damage":0.0,"enemies":"Blue Slaver","floor":15.0,"turns":5.0},{"damage":14.0,"enemies":"downfall:Watcher","floor":16.0,"turns":10.0},{"damage":0.0,"enemies":"3 Byrds","floor":19.0,"turns":3.0},{"damage":0.0,"enemies":"Snake Plant","floor":20.0,"turns":4.0},{"damage":0.0,"enemies":"Centurion and Healer","floor":21.0,"turns":5.0},{"damage":0.0,"enemies":"Snecko","floor":22.0,"turns":6.0},{"damage":16.0,"enemies":"Snake Plant","floor":23.0,"turns":4.0},{"damage":9.0,"enemies":"Book of Stabbing","floor":25.0,"turns":4.0},{"damage":6.0,"enemies":"Cultist and Chosen","floor":26.0,"turns":8.0},{"damage":0.0,"enemies":"downfall:FleeingMerchant","floor":27.0,"turns":4.0},{"damage":0.0,"enemies":"downfall:FaceTrader","floor":29.0,"turns":5.0},{"damage":24.0,"enemies":"Slavers","floor":30.0,"turns":3.0},{"damage":28.0,"enemies":"Centurion and Healer","floor":31.0,"turns":7.0},{"damage":0.0,"enemies":"Snecko","floor":32.0,"turns":3.0},{"damage":10,"enemies":"downfall:Defect","floor":33,"turns":7},{"damage":14,"enemies":"3 Shapes","floor":36,"turns":4},{"damage":5,"enemies":"Orb Walker","floor":37,"turns":4},{"damage":25,"enemies":"Jaw Worm Horde","floor":38,"turns":5},{"damage":30,"enemies":"Reptomancer","floor":40,"turns":4},{"damage":35,"enemies":"3 Darklings","floor":43,"turns":3},{"damage":0,"enemies":"downfall:FleeingMerchant","floor":44,"turns":3},{"damage":10,"enemies":"Nemesis","floor":45,"turns":3},{"damage":11,"enemies":"Maw","floor":47,"turns":7},{"damage":14,"enemies":"Sphere and 2 Shapes","floor":48,"turns":4},{"damage":14,"enemies":"Jaw Worm Horde","floor":49,"turns":4},{"damage":5,"enemies":"downfall:Ironclad","floor":50,"turns":6}],"seed_played":"5324685639055310995","potions_obtained":[{"floor":2.0,"key":"SmokeBomb"},{"floor":3.0,"key":"sneckomod:MuddlingPotion"},{"floor":5.0,"key":"Fire Potion"},{"floor":12.0,"key":"CultistPotion"},{"floor":21.0,"key":"Energy Potion"},{"floor":29.0,"key":"Weak Potion"},{"floor":31.0,"key":"Weak Potion"},{"floor":36,"key":"Strength Potion"},{"floor":38,"key":"sneckomod:OffclassReductionPotion"},{"floor":45,"key":"Strength Potion"}],"is_trial":false,"path_per_floor":["R","M","M","M","M","R","T","?","E","R","E","M","E","M","M","B",null,"R","M","M","M","M","M","T","E","M","$","R","?","E","M","M","B",null,"R","M","M","M","T","E","T","R","M","$","E","R","M","M","M","B",null],"character_chosen":"THE_SNECKO","items_purchased":["Dead Branch","sneckomod:UnknownUncommonPower","Bag of Marbles","Unceasing Top","Vajra","sneckomod:UnknownUncommonPower","Lee\u0027s Waffle","Sling"],"campfire_rested":0,"item_purchase_floors":[27,27,44,44,44,44,44,44],"current_hp_per_floor":[99,92,92,93,85,85,85,85,60,60,54,42,33,33,33,19,118,118,118,118,118,118,102,102,93,87,87,87,87,64,37,42,43,122,122,121,121,97,97,105,105,105,106,135,126,126,127,114,113,109],"gold":90,"neow_bonus":"TEN_PERCENT_HP_BONUS","is_daily":false,"chose_seed":false,"campfire_upgraded":8,"win_rate":0.0,"timestamp":1609218295,"path_taken":["R","M","M","M","M","R","T","?","E","R","E","?","E","M","M","BOSS","R","M","M","M","M","M","T","E","M","$","R","?","E","M","M","BOSS","R","M","M","M","?","E","T","R","?","$","E","R","M","M","M","BOSS"],"items_purchased_type":["Relic","Card","Relic","Relic","Relic","Card","Relic","Relic"],"build_version":"2020-12-22","purchased_purges":0,"victory":true,"max_hp_per_floor":[99,99,99,100,101,101,101,101,101,101,102,103,104,104,104,104,118,118,118,118,118,118,118,118,118,118,118,118,118,119,120,121,122,122,122,123,124,125,125,126,126,126,127,135,136,136,137,138,139,140],"card_choices":[{"not_picked":["sneckomod:UnknownVulnerable","sneckomod:SoulRoll"],"picked":"sneckomod:SnakeSap","floor":2.0},{"not_picked":["sneckomod:UnknownStrike","sneckomod:QuickBite","sneckomod:UnknownVulnerable"],"picked":"SKIP","floor":3.0},{"not_picked":["sneckomod:DiceCrush","sneckomod:ImprovisedGuard"],"picked":"sneckomod:UnknownClassBLUE","floor":4.0},{"not_picked":["sneckomod:Unknown1Cost","sneckomod:SnekBeam"],"picked":"sneckomod:UnknownColorless","floor":5.0},{"not_picked":["sneckomod:Unknown1Cost","sneckomod:UnknownClassSCRIBE_BLUE"],"picked":"sneckomod:ImprovisedGuard","floor":9.0},{"not_picked":["sneckomod:DiceCrush","sneckomod:WideSting"],"picked":"sneckomod:UnknownStrength","floor":11.0},{"not_picked":["sneckomod:UnknownVulnerable","sneckomod:UnknownCommonSkill"],"picked":"sneckomod:UnknownWeak","floor":12.0},{"not_picked":["sneckomod:QuickBite","sneckomod:QuickMove"],"picked":"sneckomod:UnknownStrength","floor":13.0},{"not_picked":["sneckomod:UnknownVulnerable","sneckomod:UnknownUncommonAttack"],"picked":"sneckomod:DiceBlock","floor":14.0},{"not_picked":["sneckomod:WideSting","sneckomod:UnknownWeak"],"picked":"sneckomod:SoulDraw","floor":15.0},{"not_picked":["sneckomod:DangerNoodle","sneckomod:Restock"],"picked":"sneckomod:SerpentMind","floor":16.0},{"not_picked":["sneckomod:ImprovisedGuard","sneckomod:DiceCrush"],"picked":"sneckomod:UnknownUncommonSkill","floor":19.0},{"not_picked":["sneckomod:Unknown2Cost","sneckomod:UnknownWeak"],"picked":"sneckomod:Nope+1","floor":20.0},{"not_picked":["sneckomod:UnknownBlock","sneckomod:Nope"],"picked":"sneckomod:QuickMove+1","floor":21.0},{"not_picked":["sneckomod:SoulDraw","sneckomod:SoulRoll"],"picked":"sneckomod:DefensiveFlair","floor":22.0},{"not_picked":["sneckomod:IronFang","sneckomod:QuickBite"],"picked":"sneckomod:UnknownUncommonSkill","floor":23.0},{"not_picked":["sneckomod:TrashToTreasure","sneckomod:UnknownClassSCRIBE_BLUE"],"picked":"sneckomod:UnknownClassGREEN","floor":25.0},{"not_picked":["sneckomod:UnknownStrike","sneckomod:IronFang","sneckomod:Rotation","sneckomod:UnknownWeak"],"picked":"SKIP","floor":26.0},{"not_picked":["sneckomod:SoulCleanse","sneckomod:SoulRoll","sneckomod:CheapStock"],"picked":"sneckomod:Unknown3Cost","floor":27.0},{"not_picked":["sneckomod:TrashToTreasure","sneckomod:UnknownWeak","sneckomod:DiceBlock"],"picked":"sneckomod:UnknownClassGUARDIAN","floor":29.0},{"not_picked":["sneckomod:QuickBite","sneckomod:UnknownClassSCRIBE_BLUE","sneckomod:SlitherStrike+1"],"picked":"sneckomod:UnknownClassTHE_CHAMP_GRAY+1","floor":30.0},{"not_picked":["sneckomod:Unknown1Cost","sneckomod:DefensiveFlair","sneckomod:IronFang+1"],"picked":"sneckomod:UnknownClassSLIMEBOUND+1","floor":31.0},{"not_picked":["sneckomod:DiceBlock","sneckomod:UnknownClassBLUE","sneckomod:DiceCrush"],"picked":"sneckomod:IronFang+1","floor":32.0},{"not_picked":["sneckomod:GlitteringGambit","sneckomod:UnknownRareSkill","sneckomod:UnknownColorless"],"picked":"sneckomod:UnlimitedRolls","floor":33},{"not_picked":["sneckomod:UnknownUncommonAttack+1","sneckomod:UnknownWeak+1","sneckomod:Rotation+1"],"picked":"sneckomod:UnknownClassSLIMEBOUND+1","floor":36},{"not_picked":["sneckomod:UnknownBlock+1","sneckomod:UnknownClassGREEN","sneckomod:UnknownClassSLIMEBOUND"],"picked":"sneckomod:UnknownExhaust+1","floor":37},{"not_picked":["sneckomod:QuickMove+1","sneckomod:RainOfDice","sneckomod:SoulCleanse","sneckomod:SlitherStrike+1"],"picked":"SKIP","floor":38},{"not_picked":["sneckomod:UnknownClassSLIMEBOUND+1","sneckomod:RainOfDice+1","sneckomod:SnekBeam+1"],"picked":"sneckomod:UnknownClassTHE_CHAMP_GRAY+1","floor":40},{"not_picked":["sneckomod:Nope+1","sneckomod:MasterEye+1","sneckomod:RainOfDice"],"picked":"sneckomod:UnknownUncommonPower","floor":43},{"not_picked":["sneckomod:QuickMove","sneckomod:UnknownClassGREEN","sneckomod:Nope"],"picked":"sneckomod:SerpentMind","floor":44},{"not_picked":["sneckomod:SoulCleanse+1","sneckomod:SoulRoll","sneckomod:UnknownWeak+1","sneckomod:PureSnecko"],"picked":"SKIP","floor":45},{"not_picked":["sneckomod:Rotation","sneckomod:UnknownCommonAttack","sneckomod:RainOfDice+1"],"picked":"sneckomod:UnknownBlock+1","floor":47},{"not_picked":["sneckomod:UnknownCommonSkill","sneckomod:PureSnecko","sneckomod:SoulDraw+1"],"picked":"sneckomod:UnknownStrength","floor":48},{"not_picked":["sneckomod:UnknownCommonSkill+1","sneckomod:UnknownStrike+1","sneckomod:SoulDraw","sneckomod:UnknownUncommonAttack+1"],"picked":"SKIP","floor":49}],"player_experience":395570,"relics_obtained":[{"floor":7.0,"key":"Bronze Scales"},{"floor":9.0,"key":"PreservedInsect"},{"floor":11.0,"key":"sneckomod:LoadedDie"},{"floor":13.0,"key":"Mummified Hand"},{"floor":24.0,"key":"Sundial"},{"floor":25.0,"key":"Question Card"},{"floor":29.0,"key":"downfall:CloakOfManyFaces"},{"floor":30.0,"key":"Pen Nib"},{"floor":40,"key":"Art of War"},{"floor":41,"key":"Anchor"},{"floor":45,"key":"Whetstone"}],"event_choices":[{"cards_removed":["sneckomod:Strike"],"damage_healed":0.0,"max_hp_gain":0.0,"max_hp_loss":0.0,"gold_gain":0.0,"event_name":"Purifier","player_choice":"Purged","floor":8.0,"gold_loss":0.0,"damage_taken":0.0}],"is_beta":false,"boss_relics":[{"not_picked":["Runic Dome","Velvet Choker"],"picked":"sneckomod:SuperSneckoSoul"},{"not_picked":["Runic Pyramid","Cursed Key"],"picked":"SlaversCollar"}],"items_purged_floors":[],"is_endless":false,"potions_floor_spawned":[2,3,5,15,16,19,21,22,29,31,36,38,45,49],"ascension_level":2}}