{"host":"x5a6cvihdukvwm3n","time":1609266806,"event":{"mods":["Act Like it!","AlwaysNeverKeys","Aspiration","BaseMod","Beaked The Cultist","Better Altar","Better Match","Better Note","Better Sensory Stone","Better Skull","Better Third Choice","BetterRewards","Colored Map","Colored Powertips","Conspire","Curses Come First","Downfall","Friendly Minions","Gensokyo","GifTheSpireLib","Halation","Hallownest","Hermit","Highlight Path","Hubris","Jorbs\u0027s Wanderer Trilogy","Minty Spire (QoL Compilation)","Permanent Neow","Replay The Spire","Robot Space Explorer","Shade Mod","Shop Mod","Spicy Shops","StSLib","Stuff the Spire","SuperFastMode","Synergy Search","The Blue Laboratory","The Cursed","The Jungle","The Marked","vexMod"],"gold_per_floor":[117,117,134,208,227,252,252,252,330,346,346,362,362,28,28,28,28],"floor_reached":16,"playtime":638,"items_purged":[],"score":150,"play_id":"0bdc2889-ed2f-495e-90a6-61f628c44d64","local_time":"20201229193326","is_ascension_mode":false,"campfire_choices":[{"data":"hermit:CursedWeapon","floor":8,"key":"SMITH"},{"data":"hermit:Brawl","floor":11,"key":"SMITH"},{"data":"hermit:ShadowCloak","floor":13,"key":"SMITH"},{"data":"hermit:Maintenance","floor":15,"key":"SMITH"}],"circlet_count":0,"master_deck":["hermit:Strike_Hermit","hermit:Strike_Hermit","hermit:Strike_Hermit","hermit:Strike_Hermit","hermit:Snapshot","hermit:Covet","hermit:Quickdraw","Hallownest:skillSlugHide","Hallownest:skillSlugHide","Hallownest:skillSlugHide","Hallownest:skillSlugHide","Hallownest:skillSlugHide","hermit:CursedWeapon+1","hermit:Maintenance+1","hermit:Brawl+1","hermit:Quickdraw","hermit:ShadowCloak+1"],"relics":["hermit:Momento","aspiration:Nostalgia","RobotSpaceExplorer:RoboCore","aspiration:FetidBarrel","conspire:Flyswatter","MerchantsRug","Garlic"],"acts_visited":["Exordium"],"potions_floor_usage":[],"damage_taken":[{"damage":1,"enemies":"2_ Uuma","floor":1,"turns":6},{"damage":0,"enemies":"Hallownest:2_MossCreeps","floor":3,"turns":5},{"damage":3,"enemies":"Hallownest:2_Baldur","floor":5,"turns":3},{"damage":2,"enemies":"Hallownest:eliteVengeflyKing","floor":6,"turns":9},{"damage":8,"enemies":"Hallownest:1_Baldur_1_Crawlid_1_Warrior","floor":10,"turns":6},{"damage":12,"enemies":"Hallownest:Guard_and_Warrior","floor":12,"turns":5},{"damage":44,"enemies":"Hallownest:BossHornet","floor":16,"turns":7}],"seed_played":"6408165083653993795","potions_obtained":[{"floor":6,"key":"Ancient Potion"},{"floor":10,"key":"LiquidBronze"},{"floor":12,"key":"blueLaboratory:AbyssPotion"}],"is_trial":false,"path_per_floor":["M","?","M","?","M","E","?","R","T","M","R","M","R","$","R","B"],"character_chosen":"HERMIT","items_purchased":["MerchantsRug","Garlic"],"campfire_rested":0,"item_purchase_floors":[14,14],"current_hp_per_floor":[74,74,74,74,71,69,60,60,60,52,52,40,40,40,40,0,0],"gold":28,"neow_bonus":"NOSTALGIA","is_daily":false,"chose_seed":false,"campfire_upgraded":4,"win_rate":0.0,"timestamp":1609266806,"path_taken":["M","?","M","?","M","E","?","R","T","M","R","?","R","$","R","BOSS"],"items_purchased_type":["Relic","Relic"],"build_version":"2020-12-22","purchased_purges":0,"victory":false,"max_hp_per_floor":[75,75,75,75,75,75,75,75,75,75,75,75,75,75,75,75,75],"card_choices":[{"not_picked":["hermit:Roulette","hermit:Manifest"],"picked":"hermit:Quickdraw","floor":1},{"not_picked":["hermit:SprayPray","hermit:Headshot"],"picked":"hermit:CursedWeapon","floor":3},{"not_picked":["hermit:Ricochet","hermit:WideOpen"],"picked":"hermit:Maintenance","floor":5},{"not_picked":["hermit:Midnight","hermit:WideOpen"],"picked":"hermit:Brawl","floor":6},{"not_picked":["hermit:Vantage","hermit:Misfire"],"picked":"hermit:Quickdraw","floor":10},{"not_picked":["hermit:BodyArmor","hermit:Snipe"],"picked":"hermit:ShadowCloak","floor":12}],"player_experience":274116,"relics_obtained":[{"floor":6,"key":"aspiration:FetidBarrel"},{"floor":9,"key":"conspire:Flyswatter"}],"event_choices":[],"is_beta":false,"boss_relics":[],"items_purged_floors":[],"is_endless":false,"potions_floor_spawned":[6,10,12],"killed_by":"Hallownest:BossHornet","ascension_level":0}}