{"host":"hzhtv7n0nkrnil9f","time":1609264733,"event":{"mods":["AchievementEnabler","BaseMod","Colored Map","Minty Spire (QoL Compilation)","Permanent Neow","Quick Restart"],"gold_per_floor":[114,114,39,114,114,144,44,44,44,74,139,139,214,69,69,169,169,184,249,24,39,1,1,31,31,56,106,156,171,171,236,236,236,236],"floor_reached":33,"playtime":2251,"items_purged":["Strike_P","Strike_P","Defend_P","Strike_P","Defend_P"],"score":369,"play_id":"d5f0a68c-3325-4faf-a59a-b562f5c353f6","local_time":"20201229185853","daily_mods":["Allstar","Red Cards","Night Terrors"],"is_ascension_mode":false,"campfire_choices":[{"data":"Eruption","floor":8.0,"key":"SMITH"},{"data":"Judgement","floor":12.0,"key":"SMITH"},{"data":"Vigilance","floor":15.0,"key":"SMITH"},{"data":"Bludgeon","floor":23,"key":"SMITH"},{"data":"Thinking Ahead","floor":25,"key":"SMITH"},{"data":"PathToVictory","floor":30,"key":"SMITH"},{"floor":32,"key":"REST"}],"circlet_count":0,"master_deck":["Strike_P","Defend_P","Eruption+1","Vigilance+1","Purity","Thinking Ahead+1","Trip","Secret Weapon","SashWhip","Judgement+1","Shrug It Off","EmptyBody","Evolve","Bludgeon+1","PathToVictory+1","Seeing Red+1","Ghostly Armor","LikeWater+1"],"relics":["PureWater","SsserpentHead","Pocketwatch","Dream Catcher","Happy Flower","SlaversCollar","Membership Card","TeardropLocket","Damaru","Nloth\u0027s Gift"],"acts_visited":["Exordium","TheCity"],"potions_floor_usage":[33,33],"damage_taken":[{"damage":18.0,"enemies":"Jaw Worm","floor":1.0,"turns":6.0},{"damage":5.0,"enemies":"Lagavulin","floor":6.0,"turns":5.0},{"damage":0.0,"enemies":"Gremlin Nob","floor":10.0,"turns":2.0},{"damage":0.0,"enemies":"2 Louse","floor":11.0,"turns":2.0},{"damage":17.0,"enemies":"The Mushroom Lair","floor":13.0,"turns":3.0},{"damage":0.0,"enemies":"Slime Boss","floor":16.0,"turns":5.0},{"damage":8,"enemies":"Shell Parasite","floor":18,"turns":3},{"damage":10,"enemies":"2 Thieves","floor":19,"turns":2},{"damage":6,"enemies":"Centurion and Healer","floor":21,"turns":3},{"damage":1,"enemies":"Gremlin Leader","floor":24,"turns":2},{"damage":15,"enemies":"Shelled Parasite and Fungi","floor":29,"turns":3},{"damage":0,"enemies":"Snake Plant","floor":31,"turns":1},{"damage":82,"enemies":"Champ","floor":33,"turns":6}],"seed_played":"6838610760785432018","potions_obtained":[{"floor":1.0,"key":"ColorlessPotion"},{"floor":10.0,"key":"Dexterity Potion"},{"floor":13.0,"key":"Ancient Potion"},{"floor":24,"key":"Fire Potion"},{"floor":29,"key":"SkillPotion"}],"is_trial":false,"path_per_floor":["M","?","$","?","?","E","$","R","T","E","M","R","?","$","R","B",null,"M","M","$","M","$","R","E","R","T","?","?","M","R","M","R","B"],"character_chosen":"WATCHER","items_purchased":["Evolve","Membership Card"],"campfire_rested":1,"item_purchase_floors":[14,20],"current_hp_per_floor":[54,47,47,36,36,31,31,31,31,31,31,31,14,14,14,14,72,64,54,54,48,48,48,47,47,47,47,47,32,32,32,67,0,0],"gold":236,"neow_bonus":"","is_daily":true,"chose_seed":false,"campfire_upgraded":6,"win_rate":0.0,"timestamp":1609264733,"path_taken":["M","?","$","?","?","E","$","R","T","E","?","R","?","?","R","BOSS","M","?","$","M","?","R","E","R","T","?","?","M","R","?","R","BOSS"],"items_purchased_type":["Card","Relic"],"build_version":"2020-12-22","purchased_purges":5,"victory":false,"max_hp_per_floor":[72,72,72,72,72,72,72,72,72,72,72,72,72,72,72,72,72,72,72,72,72,72,72,72,72,72,72,72,72,72,72,67,67,67],"card_choices":[{"not_picked":["Anger","FollowUp"],"picked":"SashWhip","floor":1.0},{"not_picked":["Consecrate","Shrug It Off"],"picked":"Judgement","floor":6.0},{"not_picked":["FlyingSleeves","Rupture","Perseverance"],"picked":"SKIP","floor":10.0},{"not_picked":["Cleave","Sentinel"],"picked":"Shrug It Off","floor":11.0},{"not_picked":["Flex","Perseverance"],"picked":"EmptyBody","floor":13.0},{"not_picked":["Brilliance","Double Tap"],"picked":"Bludgeon","floor":16.0},{"not_picked":["WindmillStrike","EmptyFist+1"],"picked":"PathToVictory","floor":18},{"not_picked":["Perseverance","Warcry"],"picked":"Seeing Red+1","floor":19},{"not_picked":["Iron Wave","Clash"],"picked":"Ghostly Armor","floor":21},{"not_picked":["Rupture","Evaluate","Perfected Strike"],"picked":"SKIP","floor":24},{"not_picked":["Swivel+1","Consecrate+1"],"picked":"LikeWater+1","floor":29},{"not_picked":["WreathOfFlame","FollowUp","SandsOfTime"],"picked":"SKIP","floor":31}],"player_experience":206850,"relics_obtained":[{"floor":6.0,"key":"Pocketwatch"},{"floor":9.0,"key":"Dream Catcher"},{"floor":10.0,"key":"Happy Flower"},{"floor":13.0,"key":"Odd Mushroom"},{"floor":24,"key":"TeardropLocket"},{"floor":26,"key":"Damaru"}],"event_choices":[{"cards_removed":["Mind Blast"],"damage_healed":0.0,"max_hp_gain":0.0,"max_hp_loss":0.0,"gold_gain":0.0,"event_name":"Golden Wing","player_choice":"Card Removal","floor":2.0,"gold_loss":0.0,"damage_taken":7.0},{"damage_healed":0.0,"max_hp_gain":0.0,"max_hp_loss":0.0,"gold_gain":75.0,"event_name":"World of Goop","player_choice":"Gather Gold","floor":4.0,"gold_loss":0.0,"damage_taken":11.0},{"damage_healed":0.0,"max_hp_gain":0.0,"max_hp_loss":0.0,"gold_gain":0.0,"event_name":"FaceTrader","player_choice":"Trade","floor":5.0,"gold_loss":0.0,"damage_taken":0.0,"relics_obtained":["SsserpentHead"]},{"damage_healed":0.0,"max_hp_gain":0.0,"max_hp_loss":0.0,"gold_gain":0.0,"event_name":"Mushrooms","player_choice":"Fought Mushrooms","floor":13.0,"gold_loss":0.0,"damage_taken":0.0},{"cards_removed":["Defend_P"],"damage_healed":0,"gold_gain":0,"player_choice":"Elegance","damage_taken":0,"max_hp_gain":0,"max_hp_loss":0,"event_name":"Back to Basics","floor":27,"gold_loss":0},{"damage_healed":0,"gold_gain":0,"player_choice":"Traded Relic","damage_taken":0,"relics_obtained":["Nloth\u0027s Gift"],"max_hp_gain":0,"max_hp_loss":0,"event_name":"N\u0027loth","floor":28,"relics_lost":["Odd Mushroom"],"gold_loss":0}],"is_beta":false,"boss_relics":[{"not_picked":["Empty Cage","Astrolabe"],"picked":"SlaversCollar"}],"items_purged_floors":[3,7,14,20,22],"is_endless":false,"potions_floor_spawned":[1,10,13,24,29],"killed_by":"Champ","ascension_level":0}}