{"host":"zzc28wglrg51iog5","time":1609259531,"event":{"mods":["BaseMod","Colored Map","Downfall","Hermit","Minty Spire (QoL Compilation)","StSLib","The Hierophant","The Marked"],"gold_per_floor":[114,114,131,142,162,195,214,214,295,328,352,352,352,55,55,158,158,171,171,59,69,81,81,114,131,131,131,56,56,56,56,56,56,56],"floor_reached":33,"playtime":2089,"items_purged":["Shame"],"score":298,"play_id":"c0914ee5-50c6-4a30-8eed-4eac2762922b","local_time":"20201229173211","is_ascension_mode":false,"campfire_choices":[{"data":"theMarked:Generate","floor":8.0,"key":"SMITH"},{"data":"theMarked:TurnInvisible","floor":13.0,"key":"SMITH"},{"data":"theMarked:GodGivenPower","floor":15.0,"key":"SMITH"},{"data":"theMarked:Defy","floor":23.0,"key":"SMITH"},{"data":"1","floor":27,"key":"LIFT"},{"data":"2","floor":30,"key":"LIFT"},{"data":"3","floor":32,"key":"LIFT"}],"circlet_count":0,"master_deck":["theMarked:Strike+1","theMarked:Strike+1","theMarked:Strike+1","theMarked:Strike+1","theMarked:Defend+1","theMarked:Defend+1","theMarked:Defend+1","theMarked:Defend+1","theMarked:SoldierOfQuellstein+1","theMarked:GodGivenPower+1","theMarked:ElectricStrings","theMarked:Aftermath","theMarked:Generate+1","theMarked:TurnInvisible+1","theMarked:Panic","theMarked:WastefulDefense","theMarked:Defy+1","theMarked:ShockingTouch","theMarked:HeightenedSenses","theMarked:MagicAdept+1","theMarked:Overcharge"],"relics":["theMarked:BronzeBlade","Frozen Egg 2","Shuriken","Dead Branch","Odd Mushroom","champ:DuelingGlove","Blood Vial","Mango","Girya","Matryoshka"],"acts_visited":["Exordium","TheCity"],"potions_floor_usage":[33,33],"damage_taken":[{"damage":1.0,"enemies":"Cultist","floor":1.0,"turns":3.0},{"damage":3.0,"enemies":"Jaw Worm","floor":3.0,"turns":3.0},{"damage":0.0,"enemies":"2 Louse","floor":4.0,"turns":2.0},{"damage":22.0,"enemies":"Exordium Thugs","floor":5.0,"turns":4.0},{"damage":31.0,"enemies":"Gremlin Nob","floor":6.0,"turns":4.0},{"damage":2.0,"enemies":"2 Fungi Beasts","floor":7.0,"turns":4.0},{"damage":8.0,"enemies":"Lagavulin","floor":10.0,"turns":7.0},{"damage":1.0,"enemies":"The Mushroom Lair","floor":11.0,"turns":4.0},{"damage":17.0,"enemies":"Hexaghost","floor":16.0,"turns":9.0},{"damage":7.0,"enemies":"Shell Parasite","floor":18.0,"turns":4.0},{"damage":23.0,"enemies":"2 Thieves","floor":21.0,"turns":4.0},{"damage":12.0,"enemies":"Shelled Parasite and Fungi","floor":22.0,"turns":4.0},{"damage":7.0,"enemies":"Slavers","floor":24.0,"turns":3.0},{"damage":0,"enemies":"Cultist and Chosen","floor":25,"turns":4},{"damage":61,"enemies":"Automaton","floor":33,"turns":6}],"seed_played":"5799029590721882985","potions_obtained":[{"floor":1.0,"key":"Fire Potion"},{"floor":4.0,"key":"Guardian:BlockOnCardUsePotion"},{"floor":5.0,"key":"Regen Potion"},{"floor":16.0,"key":"PowerPotion"},{"floor":24.0,"key":"EntropicBrew"}],"is_trial":false,"path_per_floor":["M","?","M","M","M","E","M","R","T","E","?","?","R","$","R","B",null,"M","?","$","M","M","R","E","M","T","R","$","?","R","T","R","B"],"character_chosen":"THE_DEFAULT","items_purchased":["champ:DuelingGlove","theMarked:ShockingTouch","theMarked:Overcharge"],"campfire_rested":0,"item_purchase_floors":[14,20,28],"current_hp_per_floor":[76,76,73,73,51,20,18,18,18,10,21,21,21,21,21,4,77,70,70,70,49,39,39,48,50,50,50,50,50,50,50,50,0,0],"gold":56,"neow_bonus":"TEN_PERCENT_HP_BONUS","is_daily":false,"chose_seed":false,"campfire_upgraded":4,"win_rate":0.0,"timestamp":1609259531,"path_taken":["M","?","M","?","M","E","M","R","T","E","?","?","R","$","R","BOSS","M","?","$","M","M","R","E","M","T","R","$","?","R","?","R","BOSS"],"items_purchased_type":["Relic","Card","Card"],"build_version":"2020-12-22","purchased_purges":1,"victory":false,"max_hp_per_floor":[77,77,77,77,77,77,77,77,77,77,77,77,77,77,77,77,77,77,77,77,77,77,77,91,91,91,91,91,91,91,91,91,91,91],"card_choices":[{"not_picked":["theMarked:PowerFlow","theMarked:Parkour"],"picked":"theMarked:GodGivenPower","floor":1.0},{"not_picked":["theMarked:WardOff","theMarked:Improvise"],"picked":"theMarked:ElectricStrings","floor":3.0},{"not_picked":["theMarked:WastefulAttack","theMarked:HeightenedSenses"],"picked":"theMarked:Aftermath","floor":4.0},{"not_picked":["theMarked:Seal","theMarked:EmpowerWeapon"],"picked":"theMarked:Generate","floor":5.0},{"not_picked":["theMarked:Frustration","theMarked:ResourceFulStrike","theMarked:Improvise"],"picked":"SKIP","floor":6.0},{"not_picked":["theMarked:Convert","theMarked:Panic"],"picked":"theMarked:TurnInvisible","floor":7.0},{"not_picked":["theMarked:TurnInvisible","theMarked:ContemptForTheProud"],"picked":"theMarked:Panic","floor":10.0},{"not_picked":["theMarked:TunnelVision","theMarked:EnhancedHearing+1"],"picked":"theMarked:WastefulDefense","floor":11.0},{"not_picked":["theMarked:EternalStudent","theMarked:TakeOffHeels"],"picked":"theMarked:Defy","floor":16.0},{"not_picked":["theMarked:ChainLightning","theMarked:ResourceFulStrike","theMarked:TwofoldDefense+1"],"picked":"SKIP","floor":18.0},{"not_picked":["theMarked:Improvise","theMarked:SwordAndMagic+1"],"picked":"theMarked:HeightenedSenses","floor":21.0},{"not_picked":["theMarked:StartUp+1","theMarked:Snap"],"picked":"theMarked:MagicAdept+1","floor":22.0},{"not_picked":["theMarked:EnhancedHearing+1","theMarked:EternalStudent","theMarked:BanishingStrike"],"picked":"SKIP","floor":24.0},{"not_picked":["theMarked:Generate","theMarked:Panic+1","theMarked:Electrocute"],"picked":"SKIP","floor":25}],"player_experience":1583389,"relics_obtained":[{"floor":6.0,"key":"Frozen Egg 2"},{"floor":9.0,"key":"Shuriken"},{"floor":10.0,"key":"Dead Branch"},{"floor":11.0,"key":"Odd Mushroom"},{"floor":24.0,"key":"Mango"},{"floor":26,"key":"Girya"},{"floor":31,"key":"Matryoshka"}],"event_choices":[{"damage_healed":0.0,"max_hp_gain":0.0,"max_hp_loss":0.0,"gold_gain":0.0,"event_name":"Upgrade Shrine","player_choice":"Upgraded","floor":2.0,"gold_loss":0.0,"damage_taken":0.0,"cards_upgraded":["theMarked:SoldierOfQuellstein"]},{"damage_healed":0.0,"max_hp_gain":0.0,"max_hp_loss":0.0,"gold_gain":0.0,"event_name":"Mushrooms","player_choice":"Fought Mushrooms","floor":11.0,"gold_loss":0.0,"damage_taken":0.0},{"cards_removed":["theMarked:Strike"],"damage_healed":0.0,"max_hp_gain":0.0,"max_hp_loss":0.0,"gold_gain":0.0,"event_name":"Living Wall","player_choice":"Forget","floor":12.0,"gold_loss":0.0,"damage_taken":0.0},{"damage_healed":0.0,"max_hp_gain":0.0,"max_hp_loss":0.0,"gold_gain":0.0,"event_name":"Addict","player_choice":"Stole Relic","floor":19.0,"gold_loss":0.0,"damage_taken":0.0,"relics_obtained":["Blood Vial"],"cards_obtained":["Shame"]},{"damage_healed":0,"gold_gain":0,"player_choice":"Simplicity","damage_taken":0,"max_hp_gain":0,"max_hp_loss":0,"event_name":"Back to Basics","floor":29,"gold_loss":0,"cards_upgraded":["theMarked:Strike","theMarked:Strike","theMarked:Strike","theMarked:Strike","theMarked:Defend","theMarked:Defend","theMarked:Defend","theMarked:Defend"]}],"is_beta":false,"boss_relics":[{"not_picked":["Fusion Hammer","Velvet Choker"],"picked":"theMarked:BronzeBlade"}],"items_purged_floors":[20],"is_endless":false,"potions_floor_spawned":[1,4,5,16,24],"killed_by":"Automaton","ascension_level":0}}