{"host":"chv1qanoipyt46jc","time":1609217946,"event":{"mods":["2.2 Compatiblity","AchievementEnabler","BaseMod","BetterRewards","CapriCore","Card Filter","Gold Saver","Grow up Mod","Minty Spire (QoL Compilation)","Rare Cards Sparkle","Relic Filter","Remove Card Discount Mod","Reorder Act Four","Shedinja","StSLib"],"gold_per_floor":[939,950,964,982,982,982,1010,1010,1033,1108,1125,1167,1167,1208,1208,1338,1338,1357,1377,1401,1417,1431,1466,1491,1491,1491,1491,1491,1509,1524,1564,1564,1693,1693,1723,1741,1770,1791,1810,1841,1841,1801,1801,1801,1817,1817,1840,1879,1879,1891,1891,1891,1891,1941,1950],"floor_reached":56,"playtime":4022,"items_purged":["Shedinja:Scratch","Shedinja:Scratch","Shedinja:Scratch","Shedinja:Scratch","Shedinja:Scratch","Shedinja:Endure","Shedinja:Endure","Shedinja:Endure","Shedinja:Endure","Shedinja:Endure"],"score":2097,"play_id":"a3c903cb-bfe5-4c22-84a6-16a9653a42ad","local_time":"20201228225906","is_ascension_mode":false,"campfire_choices":[{"data":"Mind Blast","floor":6,"key":"SMITH"},{"data":"Shedinja:PhantomForce","floor":8,"key":"SMITH"},{"floor":15,"key":"RECALL"},{"data":"Shedinja:FocusSash","floor":25,"key":"SMITH"},{"floor":28,"key":"DIG"},{"floor":32,"key":"DIG"},{"floor":41,"key":"DIG"},{"floor":44,"key":"DIG"},{"floor":49,"key":"DIG"},{"floor":53,"key":"DIG"}],"circlet_count":0,"master_deck":["Shedinja:FocusSash","Shedinja:FocusSash+1","Shedinja:PhantomForce+1","Shedinja:Mimic","Shedinja:ShadowClaw","Mind Blast+1","Shedinja:PowerBracer","Shedinja:HoneClaws","Shedinja:PowerBracer","Shedinja:Ether","Shedinja:PowerBracer","Shedinja:Ether","Shedinja:XScissor","Shedinja:PowerBracer","Shedinja:ShadowSneak","Shedinja:PowerBracer","Shedinja:XScissor","Shedinja:Ether","Shedinja:ShadowSneak","Shedinja:PowerBracer","Shedinja:PowerBracer","Shedinja:Ether+1","Shedinja:Substitute+1","Shedinja:PowerBracer","Shedinja:MindReader+1","Shedinja:PowerBracer+1","Shedinja:Mimic+1","Shedinja:Thief","Shedinja:MindReader+1","Shedinja:Ether+1","Shedinja:RockyHelmet+1","Shedinja:RockyHelmet+1","Shedinja:Agility+1","Shedinja:Ether+1","Shedinja:PowerBracer+1","Shedinja:RockyHelmet+1","Shedinja:Ether+1","Shedinja:PowerBracer+1","Shedinja:Ether+1","Shedinja:RockyHelmet+1","Shedinja:ShadowSneak","Shedinja:Thief","Shedinja:PowerBracer+1","Shedinja:Thief","Shedinja:PowerBracer+1","Shedinja:Ether+1","Shedinja:RockyHelmet+1","Shedinja:SafetyGoggles+1","Shedinja:Absorb","Shedinja:Agility+1","Shedinja:PowerBracer+1","Shedinja:Thief","Shedinja:Elixir+1","Shedinja:Elixir+1","Shedinja:PhantomForce","Shedinja:RockyHelmet+1","Shedinja:RockyHelmet+1","Shedinja:PowerBracer+1","Shedinja:Toxic+1","Shedinja:Agility+1","Shedinja:GigaDrain","Shedinja:Elixir+1","Shedinja:SafetyGoggles+1","Shedinja:Absorb+1","Shedinja:XScissor+1","Shedinja:Agility+1","Shedinja:Trick+1","Shedinja:Agility+1","Shedinja:Elixir+1","Shedinja:ShadowClaw+1","Shedinja:StringShot+1","Shedinja:Agility+1","Shedinja:MindReader+1","Secret Weapon+1","HandOfGreed","Flash of Steel","Shedinja:Ether+1","Shedinja:Agility+1","Shedinja:ConfuseRay+1"],"relics":["Shedinja:WonderGuard","Shedinja:WonderGuardNSCommon","Medical Kit","PreservedInsect","Bag of Marbles","Calipers","ClockworkSouvenir","Omamori","Shedinja:WonderGuardNSShop","Membership Card","Ice Cream","Bronze Scales","Lizard Tail","Turnip","Shedinja:WonderGuardNSUncommon","Singing Bowl","Sling","Sundial","Gremlin Horn","Toxic Egg 2","Chemical X","TungstenRod","Blood Vial","Frozen Egg 2","Strawberry","Anchor","Golden Idol","Bottled Lightning","Shedinja:BrightPowder","Ornamental Fan","Shovel","Bottled Tornado","Juzu Bracelet","Pear","Shedinja:WonderGuardNSBoss","Centennial Puzzle","Bottled Flame","Dream Catcher","Torii","Shedinja:WonderGuardNSRare","HornCleat","Whetstone"],"acts_visited":["Exordium","TheCity","TheBeyond","TheEnding"],"potions_floor_usage":[55,55],"damage_taken":[{"damage":0,"enemies":"Small Slimes","floor":1,"turns":1},{"damage":0,"enemies":"Cultist","floor":2,"turns":1},{"damage":0,"enemies":"2 Louse","floor":3,"turns":1},{"damage":0,"enemies":"Large Slime","floor":4,"turns":1},{"damage":0,"enemies":"Lagavulin","floor":7,"turns":1},{"damage":0,"enemies":"Looter","floor":11,"turns":1},{"damage":0,"enemies":"3 Sentries","floor":12,"turns":4},{"damage":0,"enemies":"Gremlin Nob","floor":14,"turns":1},{"damage":0,"enemies":"Slime Boss","floor":16,"turns":5},{"damage":0,"enemies":"Shell Parasite","floor":18,"turns":2},{"damage":0,"enemies":"Spheric Guardian","floor":19,"turns":1},{"damage":0,"enemies":"Shelled Parasite and Fungi","floor":20,"turns":3},{"damage":0,"enemies":"Cultist and Chosen","floor":21,"turns":4},{"damage":0,"enemies":"Snake Plant","floor":22,"turns":1},{"damage":0,"enemies":"Gremlin Leader","floor":23,"turns":1},{"damage":0,"enemies":"Shelled Parasite and Fungi","floor":24,"turns":3},{"damage":0,"enemies":"Sentry and Sphere","floor":29,"turns":3},{"damage":0,"enemies":"Centurion and Healer","floor":30,"turns":2},{"damage":0,"enemies":"Book of Stabbing","floor":31,"turns":2},{"damage":0,"enemies":"Automaton","floor":33,"turns":9},{"damage":0,"enemies":"3 Shapes","floor":35,"turns":5},{"damage":0,"enemies":"Orb Walker","floor":36,"turns":1},{"damage":0,"enemies":"Writhing Mass","floor":37,"turns":3},{"damage":0,"enemies":"Maw","floor":38,"turns":6},{"damage":0,"enemies":"Sphere and 2 Shapes","floor":39,"turns":3},{"damage":0,"enemies":"Reptomancer","floor":40,"turns":2},{"damage":0,"enemies":"Transient","floor":45,"turns":5},{"damage":0,"enemies":"Spire Growth","floor":47,"turns":3},{"damage":0,"enemies":"4 Shapes","floor":48,"turns":2},{"damage":0,"enemies":"Donu and Deca","floor":50,"turns":8},{"damage":0,"enemies":"Shield and Spear","floor":54,"turns":7},{"damage":0,"enemies":"The Heart","floor":55,"turns":10}],"seed_played":"-1618104455582801263","potions_obtained":[{"floor":1,"key":"Dexterity Potion"},{"floor":7,"key":"FearPotion"},{"floor":11,"key":"Fire Potion"},{"floor":29,"key":"DuplicationPotion"},{"floor":30,"key":"Swift Potion"}],"is_trial":false,"path_per_floor":["M","M","M","M","$","R","E","R","T","?","M","E","?","E","R","B",null,"M","M","M","M","M","E","M","R","T","$","R","M","M","E","R","B",null,"M","M","M","M","M","E","R","$","T","R","M","?","M","M","R","B",null,"$","R","E","B",null],"character_chosen":"THE_DEFAULT","items_purchased":["Shedinja:PhantomForce","Shedinja:Mimic","Shedinja:WonderGuardNSCommon","Medical Kit","Shedinja:ShadowClaw","PreservedInsect","Mind Blast","Bag of Marbles","Calipers","ClockworkSouvenir","Omamori","Shedinja:WonderGuardNSShop","Shedinja:PowerBracer","Membership Card","Shedinja:HoneClaws","Ice Cream","Bronze Scales","Shedinja:PowerBracer","Shedinja:Ether","Shedinja:PowerBracer","Shedinja:Ether","Shedinja:XScissor","Lizard Tail","Shedinja:PowerBracer","Turnip","Shedinja:WonderGuardNSUncommon","Shedinja:ShadowSneak","Shedinja:PowerBracer","Singing Bowl","Sling","Sundial","Gremlin Horn","Shedinja:XScissor","Shedinja:Ether","Toxic Egg 2","Shedinja:ShadowSneak","Shedinja:PowerBracer","Shedinja:PowerBracer","Shedinja:Ether+1","Shedinja:Substitute+1","Shedinja:PowerBracer","Chemical X","TungstenRod","Blood Vial","Frozen Egg 2","Shedinja:MindReader+1","Shedinja:PowerBracer+1","Shedinja:Mimic+1","Shedinja:Thief","Shedinja:MindReader+1","Shedinja:Ether+1","Shedinja:RockyHelmet+1","Shedinja:RockyHelmet+1","Shedinja:Agility+1","Shedinja:Ether+1","Shedinja:PowerBracer+1","Shedinja:RockyHelmet+1","Shedinja:Ether+1","Shedinja:PowerBracer+1","Shedinja:Ether+1","Shedinja:RockyHelmet+1","Shedinja:ShadowSneak","Shedinja:Thief","Shedinja:PowerBracer+1","Shedinja:Thief","Shedinja:PowerBracer+1","Shedinja:Ether+1","Shedinja:Agility+1"],"campfire_rested":0,"item_purchase_floors":[0,0,0,0,0,0,0,0,0,0,0,0,0,0,0,0,0,0,0,0,0,0,0,0,0,0,0,0,0,0,0,0,0,0,0,0,0,0,0,0,0,0,0,0,0,0,0,0,0,0,0,0,0,0,0,0,0,0,0,0,0,0,0,0,0,0,0,42],"current_hp_per_floor":[11,11,11,11,21,31,11,21,31,39,11,11,20,11,21,11,11,11,11,11,11,11,11,11,21,31,41,51,11,11,11,11,11,11,11,11,11,11,11,11,21,31,41,51,11,12,11,11,21,11,11,21,31,11,11],"gold":1950,"neow_bonus":"","is_daily":false,"chose_seed":false,"campfire_upgraded":3,"win_rate":0.0,"timestamp":1609217946,"path_taken":["M","M","M","M","$","R","E","R","T","?","?","E","?","E","R","BOSS","M","M","M","M","M","E","M","R","T","$","R","M","M","E","R","BOSS","M","M","M","M","M","E","R","$","T","R","M","?","M","M","R","BOSS","$","R","E","BOSS"],"items_purchased_type":["Card","Card","Relic","Relic","Card","Relic","Card","Relic","Relic","Relic","Relic","Relic","Card","Relic","Card","Relic","Relic","Card","Card","Card","Card","Card","Relic","Card","Relic","Relic","Card","Card","Relic","Relic","Relic","Relic","Card","Card","Relic","Card","Card","Card","Card","Card","Card","Relic","Relic","Relic","Relic","Card","Card","Card","Card","Card","Card","Card","Card","Card","Card","Card","Card","Card","Card","Card","Card","Card","Card","Card","Card","Card","Card","Card"],"build_version":"2020-12-22","purchased_purges":10,"victory":true,"max_hp_per_floor":[11,11,11,11,21,31,11,21,31,41,11,11,21,11,21,11,11,11,11,11,11,11,11,11,21,31,41,51,11,11,11,11,11,11,11,11,11,11,11,11,21,31,41,51,11,21,11,11,21,11,11,21,31,11,11],"card_choices":[{"not_picked":["Shedinja:StringShot+1","Shedinja:Round"],"picked":"Shedinja:RockyHelmet+1","floor":1},{"not_picked":["Shedinja:Harden+1","Shedinja:Facade"],"picked":"Shedinja:SafetyGoggles+1","floor":2},{"not_picked":["Shedinja:MetalClaw","Shedinja:ConfuseRay+1"],"picked":"Shedinja:Absorb","floor":3},{"not_picked":["Shedinja:NightSlash","Shedinja:FurySwipes"],"picked":"Shedinja:Agility+1","floor":4},{"not_picked":["Shedinja:WillOWisp+1","Shedinja:StruggleBug"],"picked":"Shedinja:PowerBracer+1","floor":7},{"not_picked":["Shedinja:StruggleBug","Shedinja:Facade"],"picked":"Shedinja:Thief","floor":11},{"not_picked":["Shedinja:GigaDrain","Shedinja:Absorb"],"picked":"Shedinja:Elixir+1","floor":12},{"not_picked":["Shedinja:RockyHelmet+1","Shedinja:MindReader+1"],"picked":"Shedinja:Elixir+1","floor":14},{"not_picked":["Shedinja:LumBerry+1","Shedinja:FinalGambit+1"],"picked":"Shedinja:PhantomForce","floor":16},{"not_picked":["Shedinja:BugBuzz","Shedinja:Absorb"],"picked":"Shedinja:RockyHelmet+1","floor":18},{"not_picked":["Shedinja:Mimic+1","Shedinja:PowerBelt+1"],"picked":"Shedinja:RockyHelmet+1","floor":19},{"not_picked":["Shedinja:BugBuzz","Shedinja:WillOWisp+1"],"picked":"Shedinja:PowerBracer+1","floor":20},{"not_picked":["Shedinja:ShadowClaw","Shedinja:Ether+1"],"picked":"Shedinja:Toxic+1","floor":21},{"not_picked":["Shedinja:MetalClaw","Shedinja:MindReader+1"],"picked":"Shedinja:Agility+1","floor":22},{"not_picked":["Shedinja:MetalClaw","Shedinja:MindReader+1"],"picked":"Shedinja:GigaDrain","floor":23},{"not_picked":["Shedinja:Facade","Shedinja:Ether+1","Shedinja:GigaDrain+1"],"picked":"Singing Bowl","floor":24},{"not_picked":["Shedinja:Ether+1","Shedinja:ShadowBall"],"picked":"Shedinja:Elixir+1","floor":29},{"not_picked":["Shedinja:BugBuzz","Shedinja:NightSlash"],"picked":"Shedinja:SafetyGoggles+1","floor":30},{"not_picked":["Shedinja:ConfuseRay+1","Shedinja:Harden+1"],"picked":"Shedinja:Absorb","floor":31},{"not_picked":["Shedinja:FinalGambit+1","Shedinja:PokeBall"],"picked":"Shedinja:XScissor","floor":33},{"not_picked":["Shedinja:Mimic+1","Shedinja:ShadowBall"],"picked":"Shedinja:Agility+1","floor":35},{"not_picked":["Shedinja:StruggleBug+1","Shedinja:GigaDrain+1"],"picked":"Shedinja:Trick+1","floor":36},{"not_picked":["Shedinja:GigaDrain","Shedinja:WillOWisp+1"],"picked":"Shedinja:Agility+1","floor":37},{"not_picked":["Shedinja:StringShot+1","Shedinja:Ether+1"],"picked":"Shedinja:Elixir+1","floor":38},{"not_picked":["Shedinja:StruggleBug+1","Shedinja:ArtifactCard+1"],"picked":"Shedinja:ShadowClaw+1","floor":39},{"not_picked":["Shedinja:ShadowBall","Shedinja:MetalClaw"],"picked":"Shedinja:StringShot+1","floor":40},{"not_picked":["Shedinja:WillOWisp+1","Shedinja:StruggleBug"],"picked":"Shedinja:MindReader+1","floor":45},{"not_picked":["Purity+1","Magnetism+1"],"picked":"Secret Weapon+1","floor":46},{"not_picked":["Swift Strike","Magnetism+1"],"picked":"HandOfGreed","floor":46},{"not_picked":["Jack Of All Trades+1","Thinking Ahead+1"],"picked":"Flash of Steel","floor":46},{"not_picked":["Shedinja:SafetyGoggles+1","Shedinja:Facade"],"picked":"Shedinja:Ether+1","floor":47},{"not_picked":["Shedinja:Harden+1","Shedinja:FurySwipes+1"],"picked":"Shedinja:Agility+1","floor":48},{"not_picked":["Shedinja:NightSlash+1","Shedinja:LumBerry+1"],"picked":"Shedinja:ConfuseRay+1","floor":54}],"player_experience":339262,"relics_obtained":[{"floor":7,"key":"Strawberry"},{"floor":12,"key":"Anchor"},{"floor":14,"key":"Bottled Lightning"},{"floor":23,"key":"Ornamental Fan"},{"floor":26,"key":"Shovel"},{"floor":28,"key":"Bottled Tornado"},{"floor":31,"key":"Juzu Bracelet"},{"floor":32,"key":"Pear"},{"floor":40,"key":"Centennial Puzzle"},{"floor":41,"key":"Bottled Flame"},{"floor":43,"key":"Dream Catcher"},{"floor":44,"key":"Torii"},{"floor":49,"key":"Shedinja:WonderGuardNSRare"},{"floor":53,"key":"HornCleat"},{"floor":54,"key":"Whetstone"}],"event_choices":[{"damage_healed":0,"gold_gain":75,"player_choice":"Touch","damage_taken":3,"max_hp_gain":0,"max_hp_loss":0,"event_name":"FaceTrader","floor":10,"gold_loss":0},{"damage_healed":0,"gold_gain":0,"player_choice":"Take Damage","damage_taken":2,"relics_obtained":["Golden Idol"],"max_hp_gain":0,"max_hp_loss":0,"event_name":"Golden Idol","floor":13,"gold_loss":0},{"damage_healed":0,"gold_gain":0,"player_choice":"Memory 3","damage_taken":10,"max_hp_gain":0,"max_hp_loss":0,"event_name":"SensoryStone","floor":46,"gold_loss":0}],"is_beta":false,"boss_relics":[{"not_picked":["Coffee Dripper","Cursed Key"],"picked":"Shedinja:BrightPowder"},{"not_picked":["SacredBark","Empty Cage"],"picked":"Shedinja:WonderGuardNSBoss"}],"items_purged_floors":[0,0,0,0,0,0,0,0,0,0],"is_endless":false,"potions_floor_spawned":[1,7,11,12,14,22,23,24,29,30,31,38,39,40,54],"ascension_level":0}}