{"host":"ky7z67tg8zpdk0g7","time":1609225431,"event":{"mods":["BaseMod","Better Third Choice","CapriCore","Displayed Cursed Tome","Energized Spire","Halation","Hubris","Minty Spire (QoL Compilation)","Replay The Spire","Shop Mod","StSLib"],"gold_per_floor":[110,110,110,125,55,86,86,99,123,298,2,2,2,2,2,100,100,117,117,117,186,111,130,150,150,150,160,179,204,215,215,215,317,317,334,384,395,395,395,395,420,420,465,52,81,96,96,114,114,114,114,114,25,52,52],"floor_reached":56,"playtime":2377,"items_purged":["Doubt","Abandon"],"score":1630,"play_id":"99da5226-0d28-4f6d-a8f9-e54f5141c25e","local_time":"20201229140351","is_ascension_mode":true,"campfire_choices":[{"data":"Life Link","floor":7.0,"key":"SMITH"},{"floor":13,"key":"REST"},{"floor":15,"key":"DIG"},{"floor":25,"key":"REST"},{"data":"1","floor":32,"key":"LIFT"},{"data":"2","floor":40,"key":"LIFT"},{"data":"Limit Break","floor":42,"key":"SMITH"},{"floor":47,"key":"RECALL"},{"data":"3","floor":49,"key":"LIFT"},{"data":"Offering","floor":52,"key":"SMITH"}],"circlet_count":0,"master_deck":["Strike_R","Strike_R","Strike_R","Strike_R","Defend_R","Defend_R","Defend_R","Defend_R","Bash+1","Run Through","Cleave","Life Link+1","Offering+1","Offering+1","Double Tap+1","hubris:ReadiedAction","Intimidate","ReplayTheSpireMod:Corrosion Curse+1","Havoc","Battle Trance","Shrug It Off","Juggernaut","Limit Break+1","Ghostly Armor+1","Reaper","Parasite","Heavy Blade+1","ReplayTheSpireMod:IOU","ReplayTheSpireMod:IOU"],"relics":["Burning Blood","Replay:Kaleidoscope","halation:AfternoonTea","halation:LettersToHer","Replay:Baseball","Singing Bowl","Replay:WaspNest","Honey Jar","halation:PinkSoulGem","Blue Doll","Girya","Matryoshka","Pear","Pen Nib","Busted Crown","Another Sword","halation:PapillonHeart","Replay:Wax Seal","Replay:Rubber Ducky","CaptainsWheel","MealTicket","hubris:Potato","Replay:Mystery Machine"],"acts_visited":["Exordium","TheCity","TheBeyond","TheEnding"],"potions_floor_usage":[16,27,28,33,33,41,41,46,54,55,55,55],"damage_taken":[{"damage":16.0,"enemies":"Small Slimes","floor":1.0,"turns":4.0},{"damage":0.0,"enemies":"2 Louse","floor":4.0,"turns":2.0},{"damage":51.0,"enemies":"3 Sentries","floor":6.0,"turns":9.0},{"damage":6.0,"enemies":"Cultist","floor":8.0,"turns":3.0},{"damage":44,"enemies":"The Guardian","floor":16,"turns":4},{"damage":13,"enemies":"Chosen","floor":18,"turns":3},{"damage":7,"enemies":"Shell Parasite","floor":23,"turns":2},{"damage":27,"enemies":"Snecko","floor":24,"turns":3},{"damage":21,"enemies":"Centurion and Healer","floor":27,"turns":3},{"damage":10,"enemies":"Cultist and Chosen","floor":28,"turns":3},{"damage":7,"enemies":"Replay:Snechameleon","floor":29,"turns":3},{"damage":4,"enemies":"Shelled Parasite and Fungi","floor":30,"turns":2},{"damage":38,"enemies":"Automaton","floor":33,"turns":5},{"damage":25,"enemies":"3 Shapes","floor":35,"turns":3},{"damage":25,"enemies":"Mind Bloom Boss Battle","floor":36,"turns":3},{"damage":1,"enemies":"Orb Walker","floor":37,"turns":3},{"damage":30,"enemies":"R_Hoarder","floor":41,"turns":8},{"damage":12,"enemies":"Giant Head","floor":45,"turns":3},{"damage":9,"enemies":"Writhing Mass","floor":46,"turns":2},{"damage":6,"enemies":"Jaw Worm Horde","floor":48,"turns":2},{"damage":29,"enemies":"hubris:GrandSnecko","floor":50,"turns":5},{"damage":28,"enemies":"Shield and Spear","floor":54,"turns":3},{"damage":65,"enemies":"The Heart","floor":55,"turns":6}],"seed_played":"2616186436624539712","potions_obtained":[{"floor":8.0,"key":"Explosive Potion"},{"floor":16,"key":"ElixirPotion"},{"floor":21,"key":"Toxic Potion"},{"floor":23,"key":"Elixir"},{"floor":28,"key":"DuplicationPotion"},{"floor":29,"key":"Regen Potion"},{"floor":33,"key":"Block Potion"},{"floor":36,"key":"AttackPotion"},{"floor":37,"key":"HeartOfIron"},{"floor":48,"key":"SteroidPotion"}],"is_trial":false,"path_per_floor":["M","?","?","M","?","E","R","M","T","?","$","?","R","$","R","B",null,"M","?","?","?","$","M","M","R","T","M","M","E","M","T","R","B",null,"M","?","M","?","?","R","E","R","T","$","E","M","R","M","R","B",null,"R","$","E","B",null],"character_chosen":"IRONCLAD","items_purchased":["Singing Bowl","AttackPotion","CaptainsWheel","hubris:Potato"],"campfire_rested":2,"item_purchase_floors":[11,11,44,53],"current_hp_per_floor":[41,67,51,57,57,12,12,12,12,12,12,12,36,36,36,12,63,58,58,58,42,42,41,22,48,48,45,43,44,48,58,58,38,88,71,54,61,61,61,61,37,37,37,37,97,108,108,108,108,91,104,104,108,108,97],"gold":52,"neow_bonus":"ONE_RARE_RELIC","is_daily":false,"chose_seed":false,"campfire_upgraded":3,"win_rate":0.0,"timestamp":1609225431,"path_taken":["M","?","?","M","?","E","R","?","T","?","$","?","R","$","R","BOSS","M","?","?","?","?","M","M","R","T","M","M","E","M","?","R","BOSS","M","?","M","?","?","R","E","R","T","$","E","M","R","?","R","BOSS","R","$","E","BOSS"],"items_purchased_type":["Relic","Potion","Relic","Relic"],"build_version":"2020-12-22","purchased_purges":2,"victory":true,"max_hp_per_floor":[80,80,80,80,80,80,80,80,80,80,80,80,80,80,80,80,80,82,82,82,86,86,86,88,88,88,88,90,92,94,104,104,104,104,106,108,110,104,104,104,104,104,104,104,106,108,108,108,108,108,108,108,108,110,110],"card_choices":[{"not_picked":["Clash","Clothesline"],"picked":"Run Through","floor":1.0},{"not_picked":["Anger","Pommel Strike"],"picked":"Cleave","floor":4.0},{"not_picked":["Shockwave","hubris:SharpeningStone"],"picked":"Life Link","floor":6.0},{"not_picked":["Iron Wave","Pommel Strike"],"picked":"Offering","floor":8.0},{"not_picked":["Brutality","Fiend Fire"],"picked":"Double Tap","floor":16},{"not_picked":["Power Through","Dark Embrace","Replay:Undeath\u0027s Touch","Clothesline"],"picked":"Singing Bowl","floor":18},{"not_picked":["Shrug It Off","Armaments","hubris:ReadiedAction","Second Wind+1"],"picked":"Singing Bowl","floor":21},{"not_picked":["ReplayReversal+1","Power Through","Intimidate","Flex"],"picked":"Singing Bowl","floor":21},{"not_picked":["Twin Strike","Seeing Red","Armaments"],"picked":"ReplayTheSpireMod:Corrosion Curse+1","floor":23},{"not_picked":["Wild Strike","ReplayTheSpireMod:Strike From Hell+1","hubris:ReadiedAction","Havoc"],"picked":"Singing Bowl","floor":24},{"not_picked":["ReplayReversal","Headbutt+1","Perfected Strike+1"],"picked":"Battle Trance","floor":27},{"not_picked":["Shrug It Off","ReplayTheSpireMod:Strike From Hell","hubris:ReadiedAction","Iron Wave+1"],"picked":"Singing Bowl","floor":28},{"not_picked":["Warcry","Battle Trance","Thunderclap","Abandon"],"picked":"Singing Bowl","floor":29},{"not_picked":["Juggernaut","Iron Wave+1","Run Through","Replay:Undeath\u0027s Touch"],"picked":"Singing Bowl","floor":30},{"not_picked":["Replay:Many Hands","Double Tap","Fiend Fire"],"picked":"Limit Break","floor":33},{"not_picked":["Uppercut","Ghostly Armor+1"],"picked":"Singing Bowl","floor":35},{"not_picked":["Sword Boomerang+1","Burning Pact"],"picked":"Singing Bowl","floor":36},{"not_picked":["Warcry+1","Body Slam"],"picked":"Singing Bowl","floor":37},{"not_picked":["Flex"],"picked":"Reaper","floor":41},{"not_picked":["Rage","Shrug It Off"],"picked":"Singing Bowl","floor":45},{"not_picked":["Perfected Strike+1","Pummel+1"],"picked":"Singing Bowl","floor":46},{"not_picked":["Flex+1"],"picked":"Heavy Blade+1","floor":48},{"not_picked":["Sword Boomerang","ReplayTheSpireMod:Strike From Hell+1"],"picked":"Singing Bowl","floor":54}],"player_experience":45092,"relics_obtained":[{"floor":6.0,"key":"halation:LettersToHer"},{"floor":9.0,"key":"halation:LettersToHer"},{"floor":9.0,"key":"Replay:Baseball"},{"floor":15,"key":"Replay:WaspNest"},{"floor":21,"key":"Blue Doll"},{"floor":26,"key":"halation:LettersToHer"},{"floor":26,"key":"Girya"},{"floor":29,"key":"Matryoshka"},{"floor":31,"key":"halation:LettersToHer"},{"floor":31,"key":"Pear"},{"floor":31,"key":"Pen Nib"},{"floor":36,"key":"Another Sword"},{"floor":41,"key":"Replay:Wax Seal"},{"floor":43,"key":"halation:LettersToHer"},{"floor":43,"key":"Replay:Rubber Ducky"},{"floor":45,"key":"MealTicket"},{"floor":54,"key":"Replay:Mystery Machine"}],"event_choices":[{"damage_healed":26.0,"max_hp_gain":0.0,"max_hp_loss":0.0,"gold_gain":0.0,"event_name":"Big Fish","player_choice":"Banana","floor":2.0,"gold_loss":0.0,"damage_taken":0.0},{"damage_healed":67.0,"max_hp_gain":0.0,"max_hp_loss":80.0,"gold_gain":0.0,"event_name":"betterThird:BetterShining","player_choice":"Upgrade","floor":3.0,"gold_loss":0.0,"damage_taken":16.0,"cards_upgraded":["Strike_R","Bash"]},{"damage_healed":0.0,"max_hp_gain":0.0,"max_hp_loss":0.0,"gold_gain":0.0,"event_name":"WeMeetAgain","player_choice":"Paid Gold","floor":5.0,"gold_loss":70.0,"damage_taken":0.0,"relics_obtained":["halation:AfternoonTea"]},{"damage_healed":0.0,"max_hp_gain":0.0,"max_hp_loss":0.0,"gold_gain":175.0,"event_name":"betterThird:BetterSerpent","player_choice":"AGREE","floor":10.0,"gold_loss":0.0,"damage_taken":123.0},{"damage_healed":0,"gold_gain":0,"player_choice":"Fight","damage_taken":0,"max_hp_gain":0,"max_hp_loss":0,"event_name":"MindBloom","floor":36,"gold_loss":0},{"cards_removed":["Replay:Undeath\u0027s Touch"],"damage_healed":0,"gold_gain":0,"player_choice":"Removed Attack","damage_taken":0,"max_hp_gain":0,"max_hp_loss":0,"event_name":"Falling","floor":39,"gold_loss":0}],"is_beta":false,"boss_relics":[{"not_picked":["Velvet Choker","hubris:Stopwatch"],"picked":"Honey Jar"},{"not_picked":["Runic Cube","hubris:ScarierMask"],"picked":"Busted Crown"}],"items_purged_floors":[22,44],"is_endless":false,"potions_floor_spawned":[8,16,23,28,29,33,36,37,48],"ascension_level":6}}