{"host":"kda2p2afd6bvz6qo","time":1609281437,"event":{"mods":["BaseMod","Colored Map","Minty Spire (QoL Compilation)","Relic Stats"],"gold_per_floor":[109,184,196,196,67,95,106,106,131,131,163,163,163,163],"floor_reached":13,"playtime":409,"items_purged":["Strike_G"],"score":203,"play_id":"139b6550-8121-46f0-9439-c8d50a358816","local_time":"20201229223717","is_ascension_mode":true,"campfire_choices":[{"floor":10,"key":"REST"},{"data":"Predator","floor":12,"key":"SMITH"}],"circlet_count":0,"master_deck":["AscendersBane","Strike_G","Strike_G+1","Strike_G+1","Defend_G","Defend_G+1","Defend_G","Defend_G","Defend_G","Survivor","Neutralize","All Out Attack","Underhanded Strike","Poisoned Stab","Noxious Fumes+1","Predator+1","Caltrops"],"relics":["Ring of the Snake","NeowsBlessing","Whetstone","Nunchaku","Art of War"],"acts_visited":["Exordium"],"potions_floor_usage":[11,13],"damage_taken":[{"damage":0,"enemies":"2 Louse","floor":1,"turns":1},{"damage":0,"enemies":"Small Slimes","floor":3,"turns":1},{"damage":0,"enemies":"Lagavulin","floor":6,"turns":1},{"damage":0,"enemies":"Jaw Worm","floor":7,"turns":3},{"damage":19,"enemies":"3 Sentries","floor":11,"turns":6},{"damage":25,"enemies":"Gremlin Nob","floor":13,"turns":3}],"seed_played":"4082894712910784052","potions_obtained":[{"floor":1,"key":"Dexterity Potion"},{"floor":6,"key":"SneckoOil"},{"floor":7,"key":"Ancient Potion"}],"is_trial":false,"path_per_floor":["M","?","M","?","$","E","M","?","T","R","E","R","E"],"character_chosen":"THE_SILENT","items_purchased":["Poisoned Stab"],"campfire_rested":1,"item_purchase_floors":[5],"current_hp_per_floor":[59,48,48,41,41,41,41,21,21,40,21,21,0,0],"gold":163,"neow_bonus":"THREE_ENEMY_KILL","is_daily":false,"chose_seed":false,"campfire_upgraded":1,"win_rate":0.0,"timestamp":1609281437,"path_taken":["M","?","M","?","$","E","M","?","T","R","E","R","E"],"items_purchased_type":["Card"],"build_version":"2020-12-22","purchased_purges":1,"victory":false,"max_hp_per_floor":[66,66,66,66,66,66,66,66,66,66,66,66,66,66],"relic_stats":{"Nunchaku":[1],"counters":[6,15],"Art of War":[0],"Whetstone":["Strike_G","Strike_G"],"obtain_stats":[{"Nunchaku":9,"NeowsBlessing":0,"Art of War":11,"Whetstone":6,"Ring of the Snake":0},{"Nunchaku":4,"NeowsBlessing":0,"Art of War":5,"Whetstone":3,"Ring of the Snake":0},{"Nunchaku":6,"NeowsBlessing":0,"Art of War":12,"Whetstone":3,"Ring of the Snake":0}],"Ring of the Snake":[12]},"card_choices":[{"not_picked":["Escape Plan","Poisoned Stab"],"picked":"All Out Attack","floor":1},{"not_picked":["Endless Agony","Slice"],"picked":"Underhanded Strike","floor":3},{"not_picked":["Backflip","Accuracy"],"picked":"Noxious Fumes","floor":6},{"not_picked":["Flying Knee","Backflip"],"picked":"Predator","floor":7},{"not_picked":["Backflip","Skewer"],"picked":"Caltrops","floor":11}],"player_experience":90406,"relics_obtained":[{"floor":6,"key":"Whetstone"},{"floor":9,"key":"Nunchaku"},{"floor":11,"key":"Art of War"}],"event_choices":[{"damage_healed":0,"gold_gain":75,"player_choice":"Gather Gold","damage_taken":11,"max_hp_gain":0,"max_hp_loss":0,"event_name":"World of Goop","floor":2,"gold_loss":0},{"cards_removed":["Strike_G"],"damage_healed":0,"gold_gain":0,"player_choice":"Card Removal","damage_taken":7,"max_hp_gain":0,"max_hp_loss":0,"event_name":"Golden Wing","floor":4,"gold_loss":0},{"damage_healed":0,"gold_gain":0,"player_choice":"Entered Light","damage_taken":20,"max_hp_gain":0,"max_hp_loss":0,"event_name":"Shining Light","floor":8,"gold_loss":0,"cards_upgraded":["Noxious Fumes","Defend_G"]}],"is_beta":false,"boss_relics":[],"items_purged_floors":[5],"is_endless":false,"potions_floor_spawned":[1,6,7],"killed_by":"Gremlin Nob","ascension_level":15}}