{"host":"4nqeo0vu1vuav7gg","time":1609264568,"event":{"mods":["AchievementEnabler","BaseMod","Block Reminder","Colored Map","Colored Powertips","Highlight Path","Minty Spire (QoL Compilation)","Quick Restart","Rare Cards Sparkle","Relic Relevance Reorder","StSLib"],"gold_per_floor":[110,110,110,130,10,43,69,81,163,189,218,260,286,310,322,334,334],"floor_reached":16,"playtime":640,"items_purged":[],"score":217,"play_id":"40e56b1e-46a6-4f70-a368-0537bf88f84e","local_time":"20201229185608","is_ascension_mode":true,"campfire_choices":[{"floor":8,"key":"REST"},{"floor":15,"key":"REST"}],"circlet_count":0,"master_deck":["AscendersBane","Strike_B","Strike_B","Strike_B","Strike_B","Defend_B","Defend_B","Defend_B","Defend_B","Zap","Dualcast+1","Gash","Rebound","Chill","Melter","Auto Shields","Gash","Hologram","Undo"],"relics":["Cracked Core","Kunai","Centennial Puzzle","MawBank","The Courier"],"acts_visited":["Exordium"],"potions_floor_usage":[16],"damage_taken":[{"damage":0,"enemies":"Small Slimes","floor":1,"turns":2},{"damage":1,"enemies":"Cultist","floor":4,"turns":3},{"damage":35,"enemies":"Gremlin Nob","floor":6,"turns":4},{"damage":0,"enemies":"2 Louse","floor":7,"turns":2},{"damage":4,"enemies":"Red Slaver","floor":10,"turns":3},{"damage":8,"enemies":"Blue Slaver","floor":11,"turns":2},{"damage":1,"enemies":"3 Sentries","floor":12,"turns":7},{"damage":6,"enemies":"Large Slime","floor":13,"turns":4},{"damage":4,"enemies":"2 Fungi Beasts","floor":14,"turns":3},{"damage":47,"enemies":"Hexaghost","floor":16,"turns":9}],"seed_played":"-4438810143337545468","potions_obtained":[{"floor":7,"key":"PowerPotion"},{"floor":10,"key":"LiquidBronze"},{"floor":11,"key":"Swift Potion"}],"is_trial":false,"path_per_floor":["M","?","?","M","$","E","M","R","T","M","M","E","M","M","R","B"],"character_chosen":"DEFECT","items_purchased":["Chill","Melter"],"campfire_rested":2,"item_purchase_floors":[5,5],"current_hp_per_floor":[64,64,64,63,63,28,28,49,49,45,37,36,30,26,47,0,0],"gold":334,"neow_bonus":"UPGRADE_CARD","is_daily":false,"chose_seed":false,"campfire_upgraded":0,"win_rate":0.0,"timestamp":1609264568,"path_taken":["M","?","?","M","$","E","M","R","T","M","M","E","M","M","R","BOSS"],"items_purchased_type":["Card","Card"],"build_version":"2020-12-22","purchased_purges":0,"victory":false,"max_hp_per_floor":[71,71,71,71,71,71,71,71,71,71,71,71,71,71,71,71,71],"card_choices":[{"not_picked":["Barrage","Conserve Battery"],"picked":"Gash","floor":1},{"not_picked":["Leap","Melter"],"picked":"Rebound","floor":4},{"not_picked":["Streamline","Barrage"],"picked":"Auto Shields","floor":6},{"not_picked":["Stack","Hologram"],"picked":"Gash","floor":7},{"not_picked":["Steam Power","Redo"],"picked":"Hologram","floor":10},{"not_picked":["Stack","Barrage","Coolheaded"],"picked":"SKIP","floor":11},{"not_picked":["Thunder Strike","Heatsinks"],"picked":"Undo","floor":12},{"not_picked":["Reprogram","FTL","Heatsinks"],"picked":"SKIP","floor":13},{"not_picked":["Reprogram","Rip and Tear","Blizzard"],"picked":"SKIP","floor":14}],"player_experience":1035168,"relics_obtained":[{"floor":6,"key":"MawBank"},{"floor":9,"key":"The Courier"},{"floor":12,"key":"Kunai"}],"event_choices":[{"damage_healed":0,"gold_gain":0,"player_choice":"Box","damage_taken":0,"relics_obtained":["Centennial Puzzle"],"max_hp_gain":0,"max_hp_loss":0,"event_name":"Big Fish","floor":2,"gold_loss":0,"cards_obtained":["Regret"]},{"cards_removed":["Regret"],"damage_healed":0,"gold_gain":0,"player_choice":"Purged","damage_taken":0,"max_hp_gain":0,"max_hp_loss":0,"event_name":"Purifier","floor":3,"gold_loss":0}],"is_beta":false,"boss_relics":[],"items_purged_floors":[],"is_endless":false,"potions_floor_spawned":[7,10,11,14],"killed_by":"Hexaghost","ascension_level":18}}