{"host":"jksa5rawk3m4gilz","time":1609260403,"event":{"mods":["BaseMod","Colored Map","Highlight Path","Minty Spire (QoL Compilation)","Quick Restart"],"gold_per_floor":[118,67,90,50,50,50,64,95,146,162,194,194,70,99,99,170,170,186,213,213,213,224,253,253,264,264,264,284,284,284,300,300,300,300],"floor_reached":33,"playtime":1240,"items_purged":[],"score":505,"play_id":"1c4eb2c4-1b07-49f7-86ac-f2839ed7f955","local_time":"20201229174643","is_ascension_mode":true,"campfire_choices":[{"data":"Reinforced Body","floor":6,"key":"SMITH"},{"floor":12,"key":"REST"},{"data":"Chill","floor":15,"key":"SMITH"},{"floor":24,"key":"REST"},{"floor":29,"key":"REST"},{"floor":32,"key":"REST"}],"circlet_count":0,"master_deck":["AscendersBane","Strike_B+1","Strike_B+1","Defend_B+1","Defend_B+1","Defend_B+1","Zap","Dualcast","Beam Cell+1","Gash+1","Reinforced Body+1","Hologram","Auto Shields","Genetic Algorithm","Hyperbeam","Go for the Eyes","Chill+1","Scrape","Echo Form+1","Rip and Tear+1","Cold Snap+1","Seek+1","Chill","Gash","Hologram","Double Energy+1","Hologram"],"relics":["Cracked Core","NeowsBlessing","Whetstone","Darkstone Periapt","Toy Ornithopter","Frozen Egg 2","Vajra","Astrolabe","Strawberry","Blue Candle","Juzu Bracelet"],"acts_visited":["Exordium","TheCity"],"potions_floor_usage":[27,33],"damage_taken":[{"damage":0,"enemies":"Cultist","floor":1,"turns":1},{"damage":0,"enemies":"2 Louse","floor":7,"turns":1},{"damage":0,"enemies":"Gremlin Nob","floor":8,"turns":1},{"damage":0,"enemies":"Jaw Worm","floor":10,"turns":2},{"damage":32,"enemies":"Lagavulin","floor":11,"turns":7},{"damage":8,"enemies":"3 Sentries","floor":14,"turns":6},{"damage":45,"enemies":"Slime Boss","floor":16,"turns":9},{"damage":4,"enemies":"Spheric Guardian","floor":18,"turns":3},{"damage":0,"enemies":"Chosen","floor":22,"turns":4},{"damage":49,"enemies":"Book of Stabbing","floor":23,"turns":7},{"damage":29,"enemies":"Snake Plant","floor":25,"turns":5},{"damage":0,"enemies":"Colosseum Slavers","floor":27,"turns":4},{"damage":1,"enemies":"Snecko","floor":28,"turns":5},{"damage":0,"enemies":"Centurion and Healer","floor":31,"turns":5},{"damage":97,"enemies":"Collector","floor":33,"turns":9}],"seed_played":"6747842903619379551","potions_obtained":[{"floor":8,"key":"Strength Potion"},{"floor":10,"key":"FairyPotion"},{"floor":28,"key":"SkillPotion"}],"is_trial":false,"path_per_floor":["M","$","T","$","?","R","M","E","T","M","E","R","$","E","R","B",null,"M","T","?","$","M","E","R","M","T","?","M","R","T","M","R","B"],"character_chosen":"DEFECT","items_purchased":["Gash","Reinforced Body","Go for the Eyes","Chill"],"campfire_rested":4,"item_purchase_floors":[2,4,13,13],"current_hp_per_floor":[68,68,68,68,68,68,68,68,68,68,36,58,58,50,50,5,58,54,54,54,54,54,12,36,7,7,12,11,35,35,35,59,0,0],"gold":300,"neow_bonus":"THREE_ENEMY_KILL","is_daily":false,"chose_seed":false,"campfire_upgraded":2,"win_rate":0.0,"timestamp":1609260403,"path_taken":["M","$","?","$","?","R","M","E","T","?","E","R","$","E","R","BOSS","M","?","?","$","M","E","R","M","T","?","M","R","?","M","R","BOSS"],"items_purchased_type":["Card","Card","Card","Card"],"build_version":"2020-12-22","purchased_purges":0,"victory":false,"max_hp_per_floor":[75,75,75,75,75,75,75,75,75,75,75,75,75,75,75,75,75,75,75,75,75,75,82,82,82,82,82,82,82,82,82,82,82,82],"card_choices":[{"not_picked":["Stack","Force Field"],"picked":"Beam Cell","floor":1},{"not_picked":["Barrage","Streamline"],"picked":"Hologram","floor":7},{"not_picked":["Barrage","Double Energy"],"picked":"Auto Shields","floor":8},{"not_picked":["Hologram","Beam Cell"],"picked":"Genetic Algorithm","floor":10},{"not_picked":["Stack","Blizzard"],"picked":"Hyperbeam","floor":11},{"not_picked":["Aggregate","Rip and Tear"],"picked":"Scrape","floor":14},{"not_picked":["Multi-Cast","Reboot"],"picked":"Echo Form+1","floor":16},{"not_picked":["Loop+1","Auto Shields","White Noise"],"picked":"SKIP","floor":18},{"not_picked":["Doom and Gloom","Hologram"],"picked":"Chill","floor":22},{"not_picked":["Conserve Battery","Reboot"],"picked":"Gash","floor":23},{"not_picked":["Tempest","Sweeping Beam"],"picked":"Hologram","floor":25},{"not_picked":["Coolheaded","Redo"],"picked":"Double Energy+1","floor":28},{"not_picked":["Hello World+1","Conserve Battery"],"picked":"Hologram","floor":31}],"player_experience":2090328,"relics_obtained":[{"floor":3,"key":"Whetstone"},{"floor":8,"key":"Darkstone Periapt"},{"floor":9,"key":"Toy Ornithopter"},{"floor":11,"key":"Frozen Egg 2"},{"floor":14,"key":"Vajra"},{"floor":23,"key":"Strawberry"},{"floor":26,"key":"Blue Candle"},{"floor":30,"key":"Juzu Bracelet"}],"event_choices":[{"damage_healed":0,"gold_gain":0,"player_choice":"Forge","damage_taken":0,"max_hp_gain":0,"max_hp_loss":0,"event_name":"Accursed Blacksmith","floor":5,"gold_loss":0,"cards_upgraded":["Beam Cell"]},{"damage_healed":0,"gold_gain":0,"player_choice":"Simplicity","damage_taken":0,"max_hp_gain":0,"max_hp_loss":0,"event_name":"Back to Basics","floor":20,"gold_loss":0,"cards_upgraded":["Strike_B","Defend_B","Defend_B","Defend_B"]},{"damage_healed":0,"gold_gain":0,"player_choice":"Fight","damage_taken":0,"max_hp_gain":0,"max_hp_loss":0,"event_name":"Colosseum","floor":27,"gold_loss":0},{"damage_healed":0,"gold_gain":0,"player_choice":"Fled From Nobs","damage_taken":0,"max_hp_gain":0,"max_hp_loss":0,"event_name":"Colosseum","floor":27,"gold_loss":0}],"is_beta":false,"boss_relics":[{"not_picked":["Runic Pyramid","Black Star"],"picked":"Astrolabe"}],"items_purged_floors":[],"is_endless":false,"potions_floor_spawned":[8,10,14,16,22,25,27,28],"killed_by":"Collector","ascension_level":13}}