{"host":"dwyzfvnzfcqffr30","time":1609227064,"event":{"mods":["2.2 Compatiblity","Act Like it!","BaseMod","Beaked The Cultist","Better Altar","Better Match","Better Note","Better Sensory Stone","Better Skull","Better Third Choice","Clockwork Mod","Colored Map","Colored Powertips","Conspire","Downfall","Elementarium","GifTheSpireLib","Halation","Hermit","Hubris","Infinite Spire","Ironclad Rager","Jedi Mod","Menagerie","Mimic Mod","Minty Spire (QoL Compilation)","Permanent Neow","Random Character Button","Replay The Spire","Spicy Shops","StSLib","Stuff the Spire","The Construct","The Disciple","The Druid","The Marked","TheFirefly","Trackpad","vexMod"],"gold_per_floor":[436,436,436,481,532,596,521,521,546,546,615,675,752,752,752,898,998,1074,1074,1074,1160,581,644,28,40,91,122,122,163,163,163,163,220,220,253,253,285,335,374,424,463,463,463,463,160,196,224,265,265,265,265,265,40,69,69,69],"floor_reached":55,"playtime":8263,"items_purged":["Doubt","hermit:SprayPray+1","hermit:Snapshot+1"],"score":1094,"play_id":"11247fb7-1a3e-4d9f-bcc9-938d5d328c83","local_time":"20201228233104","is_ascension_mode":true,"campfire_choices":[{"floor":10.0,"key":"REST"},{"floor":15.0,"key":"REST"},{"floor":28,"key":"REST"},{"floor":32,"key":"RECALL"},{"floor":42,"key":"REST"},{"floor":44,"key":"REST"},{"floor":49,"key":"REST"},{"floor":52,"key":"REST"}],"circlet_count":0,"master_deck":["hermit:Strike_Hermit+1","hermit:Strike_Hermit+1","hermit:Strike_Hermit+1","hermit:Strike_Hermit+1","hermit:Defend_Hermit+1","hermit:Defend_Hermit+1","hermit:Defend_Hermit+1","hermit:Defend_Hermit+1","hermit:Determination+1","MasterReality+1","hermit:Desperado+1","hermit:Coalescence+1","hermit:Enervate+1","hermit:WideOpen+1","hermit:LowProfile+1","expansioncontent:CaCaw+1","hermit:Desperado+1","Menagerie:LightningHelix+1","hermit:Virtue+1","expansioncontent:QuickStudy+1","hermit:Gestalt+1","hermit:Determination+1","hermit:Quickdraw+1","Decay","Zap+1","hermit:HeroicBravado+1","expansioncontent:DecasProtection+1","infinitespire:UltimateForm+1","hermit:FlashPowder+1","hermit:Maintenance+1","hermit:Snipe+1","hermit:Snipe+1"],"relics":["hermit:Momento","Bottled Tornado","Toxic Egg 2","Frozen Egg 2","Molten Egg 2","Quantum Egg","hubris:EvacipatedBox","Juzu Bracelet","infinitespire:EvilPickle","jedi:arcanewood","hubris:TinFlute","hubris:TenFootPole","trackpad:WritersBlock","ReplayTheSpireMod:Lightbulb","Replay:Wanted Poster","Elementarium:FlickeringLantern","halation:AfternoonTea","trackpad:Mousetrap","Blood Vial","infinitespire:Lucky Rock","StuffTheSpire:Mouthbags","MealTicket","trackpad:Compendium","Elementarium:GoldenMirage","infinitespire:Magic Flask","jedi:heavyjacket","hubris:Icosahedron","Elementarium:ElementariumTrophy","ReplayTheSpireMod:SealedPack","hubris:CrystalStatue","Bag of Preparation","trackpad:BiPhaseBiplane","PreservedInsect","Sundial","vexMod:MemoryStick"],"acts_visited":["Menagerie:Menagerie","Elementarium:Elementarium","TheBeyond","TheEnding"],"potions_floor_usage":[23,25,27,33,50,50],"damage_taken":[{"damage":0.0,"enemies":"Menagerie:StygianBoar","floor":1.0,"turns":3.0},{"damage":2.0,"enemies":"Menagerie:WhisperingWraith","floor":4.0,"turns":4.0},{"damage":0.0,"enemies":"Menagerie:2_RABBITS","floor":5.0,"turns":3.0},{"damage":7.0,"enemies":"Menagerie:Hydra","floor":6.0,"turns":4.0},{"damage":42.0,"enemies":"Menagerie:MaskedSummoner","floor":11.0,"turns":9.0},{"damage":0.0,"enemies":"Menagerie:MeltingSalamander","floor":12.0,"turns":3.0},{"damage":0.0,"enemies":"Menagerie:Hydra","floor":13.0,"turns":3.0},{"damage":16.0,"enemies":"Menagerie:Chimera","floor":16.0,"turns":6.0},{"damage":2.0,"enemies":"Elementarium:VoidCorruption","floor":18.0,"turns":3.0},{"damage":4.0,"enemies":"Elementarium:2_ELEMENTALS","floor":21.0,"turns":3.0},{"damage":7,"enemies":"Elementarium:WarGolem","floor":23,"turns":2},{"damage":29,"enemies":"Elementarium:STONE_GOLEMS","floor":25,"turns":4},{"damage":16,"enemies":"Elementarium:GOLDEN_STATUES","floor":27,"turns":3},{"damage":30,"enemies":"Elementarium:FIRE_NOBILITY","floor":29,"turns":5},{"damage":12,"enemies":"Elementarium:GoldenDragon","floor":33,"turns":6},{"damage":18,"enemies":"3 Shapes","floor":35,"turns":3},{"damage":0,"enemies":"Orb Walker","floor":37,"turns":3},{"damage":8,"enemies":"Writhing Mass","floor":38,"turns":5},{"damage":2,"enemies":"Maw","floor":39,"turns":6},{"damage":0,"enemies":"R_Hoarder","floor":40,"turns":7},{"damage":2,"enemies":"Spire Growth","floor":41,"turns":6},{"damage":4,"enemies":"Reptomancer","floor":46,"turns":4},{"damage":0,"enemies":"Transient","floor":47,"turns":5},{"damage":0,"enemies":"Giant Head","floor":48,"turns":4},{"damage":52,"enemies":"infinitespire:MassOfShapes","floor":50,"turns":12},{"damage":26,"enemies":"Shield and Spear","floor":54,"turns":7},{"damage":69,"enemies":"The Heart","floor":55,"turns":2}],"seed_played":"-9174963287010770021","potions_obtained":[{"floor":1.0,"key":"conspire:TimeTravelPotion"},{"floor":5.0,"key":"hexamod:EctoCoolerPotion"},{"floor":13.0,"key":"Ancient Potion"},{"floor":18.0,"key":"Cursed Concoction"},{"floor":29,"key":"ColorlessPotion"},{"floor":35,"key":"LiquidMemories"}],"is_trial":false,"path_per_floor":["M","?","?","M","M","E","?","?","T","R","E","M","E","?","R","B",null,"M","?","?","M","$","E","$","M","T","?","R","E","?","?","R_BF","B",null,"M","?","M","M","M","E","M","R","T","R","$","E","M","E","R","B",null,"R","$","E","B"],"character_chosen":"HERMIT","items_purchased":["halation:AfternoonTea","trackpad:Mousetrap","SkillPotion","expansioncontent:QuickStudy+1","infinitespire:Lucky Rock","hermit:Determination+1","StuffTheSpire:Mouthbags","MealTicket","CultistPotion","trackpad:BiPhaseBiplane","PreservedInsect"],"campfire_rested":7,"item_purchase_floors":[22,22,22,22,24,24,24,24,24,45,45],"current_hp_per_floor":[75,75,58,56,56,49,49,49,49,71,29,29,29,29,51,53,75,73,73,73,69,69,62,62,40,40,31,53,44,44,44,44,39,75,57,57,73,72,72,75,74,75,75,75,75,75,75,75,75,46,75,75,75,59,0,0],"gold":69,"neow_bonus":"THREE_RARE_CARDS","is_daily":false,"chose_seed":false,"campfire_upgraded":0,"win_rate":0.0,"timestamp":1609227064,"path_taken":["M","?","?","M","M","E","?","?","T","R","E","M","E","?","R","BOSS","M","?","?","M","$","E","$","M","T","?","R","E","?","?","R_BF","BOSS","M","?","M","M","M","E","M","R","T","R","$","E","M","E","R","BOSS","R","$","E","BOSS"],"items_purchased_type":["Relic","Relic","Potion","Card","Relic","Card","Relic","Relic","Potion","Relic","Relic"],"build_version":"2020-12-22","purchased_purges":3,"victory":false,"max_hp_per_floor":[75,75,75,75,75,75,75,75,75,75,75,75,75,75,75,75,75,75,75,75,75,75,75,75,75,75,75,75,75,75,75,75,75,75,75,75,75,75,75,75,75,75,75,75,75,75,75,75,75,75,75,75,75,75,75,75],"card_choices":[{"not_picked":["hermit:GoldenBullet+1","hermit:Dive+1"],"picked":"hermit:Desperado+1","floor":1.0},{"not_picked":["hermit:BodyArmor+1","hermit:ItchyTrigger+1"],"picked":"hermit:Enervate+1","floor":4.0},{"not_picked":["hermit:CursedWeapon+1","hermit:PistolWhip+1"],"picked":"hermit:WideOpen+1","floor":5.0},{"not_picked":["hermit:Coalescence+1","hermit:ItchyTrigger+1"],"picked":"hermit:LowProfile+1","floor":6.0},{"not_picked":["Transmutation+1","Magnetism+1"],"picked":"expansioncontent:CaCaw+1","floor":8.0},{"not_picked":["hermit:LoneWolf+1","hermit:Combo+1"],"picked":"hermit:Quickdraw+1","floor":11.0},{"not_picked":["hermit:Midnight+1","hermit:Coalescence+1"],"picked":"hermit:Desperado+1","floor":12.0},{"not_picked":["hermit:Desperado+1","hermit:BodyArmor+1","hermit:HighCaliber+1"],"picked":"SKIP","floor":13.0},{"not_picked":["hermit:HoleUp+1","hermit:Scavenge+1"],"picked":"hermit:Virtue+1","floor":18.0},{"not_picked":["hermit:WideOpen+1","hermit:Glare+1"],"picked":"hermit:SprayPray+1","floor":21.0},{"not_picked":["hermit:Dissolve+1","hermit:Desperado+1"],"picked":"hermit:Gestalt+1","floor":23},{"not_picked":["hermit:Ricochet+1","hermit:TakeAim+1","hermit:BodyArmor+1"],"picked":"SKIP","floor":25},{"not_picked":["hermit:Shortfuse+1","hermit:Roulette+1","hermit:Adapt+1"],"picked":"SKIP","floor":29},{"not_picked":["Clockwork:Tinker","SecondHand"],"picked":"Zap","floor":34},{"not_picked":["hermit:Reprieve","hermit:Roughhouse"],"picked":"hermit:HeroicBravado","floor":34},{"not_picked":["Panacea","expansioncontent:CaCaw"],"picked":"expansioncontent:DecasProtection","floor":34},{"not_picked":["infinitespire:Punishment","hubris:Fate"],"picked":"infinitespire:UltimateForm","floor":34},{"not_picked":["hermit:TrackingShot+1","hermit:HighCaliber+1"],"picked":"hermit:FlashPowder+1","floor":35},{"not_picked":["hermit:Dive+1","hermit:TrackingShot+1","hermit:Midnight+1"],"picked":"SKIP","floor":37},{"not_picked":["hermit:Roulette+1","hermit:Manifest+1","hermit:Quickdraw+1"],"picked":"SKIP","floor":38},{"not_picked":["hermit:Grudge+1","hermit:Reprieve+1","hermit:BodyArmor+1"],"picked":"SKIP","floor":39},{"not_picked":["hermit:Headshot+1","hermit:FromBeyond+1"],"picked":"hermit:Maintenance+1","floor":40},{"not_picked":["hermit:Showdown+1","hermit:Feint+1","hermit:GoldenBullet+1"],"picked":"SKIP","floor":41},{"not_picked":["hermit:Feint+1","hermit:LoneWolf+1","hermit:Showdown+1"],"picked":"SKIP","floor":46},{"not_picked":["hermit:Midnight+1","hermit:Spite+1","hermit:Headshot+1"],"picked":"SKIP","floor":47},{"not_picked":["hermit:ItchyTrigger+1","hermit:ShadowCloak+1"],"picked":"hermit:Snipe+1","floor":48},{"not_picked":["hermit:Misfire+1","hermit:OverwhelmingPower+1"],"picked":"hermit:Snipe+1","floor":54}],"player_experience":2467474,"relics_obtained":[{"floor":6.0,"key":"hubris:TinFlute"},{"floor":9.0,"key":"hubris:TenFootPole"},{"floor":11.0,"key":"trackpad:WritersBlock"},{"floor":13.0,"key":"ReplayTheSpireMod:Lightbulb"},{"floor":23,"key":"Blood Vial"},{"floor":26,"key":"trackpad:Compendium"},{"floor":27,"key":"Elementarium:GoldenMirage"},{"floor":29,"key":"infinitespire:Magic Flask"},{"floor":40,"key":"Bag of Preparation"},{"floor":46,"key":"Sundial"},{"floor":54,"key":"vexMod:MemoryStick"}],"event_choices":[{"damage_healed":0.0,"max_hp_gain":0.0,"max_hp_loss":8.0,"gold_gain":0.0,"event_name":"betterThird:BetterWriting","player_choice":"Simplicity","floor":0.0,"gold_loss":0.0,"damage_taken":0.0},{"damage_healed":0.0,"max_hp_gain":0.0,"max_hp_loss":0.0,"gold_gain":0.0,"event_name":"betterSkull:BetterSkull","player_choice":"RE ","floor":3.0,"gold_loss":0.0,"damage_taken":19.0,"cards_upgraded":[],"relics_obtained":["jedi:arcanewood"]},{"damage_healed":0.0,"max_hp_gain":0.0,"max_hp_loss":0.0,"gold_gain":0.0,"event_name":"betterMatch:BetterMatch","player_choice":"3","floor":7.0,"gold_loss":0.0,"damage_taken":0.0,"cards_obtained":[]},{"damage_healed":0.0,"max_hp_gain":0.0,"max_hp_loss":0.0,"gold_gain":1.0,"event_name":"betterStone:BetterStone","player_choice":"1","floor":8.0,"gold_loss":0.0,"damage_taken":0.0},{"damage_healed":0.0,"max_hp_gain":0.0,"max_hp_loss":0.0,"gold_gain":0.0,"cards_transformed":["hermit:Covet"],"event_name":"Menagerie:MagesHand","player_choice":"Grasp","floor":14.0,"gold_loss":0.0,"damage_taken":0.0,"cards_obtained":["Menagerie:LightningHelix"]},{"damage_healed":0.0,"max_hp_gain":0.0,"max_hp_loss":0.0,"gold_gain":0.0,"event_name":"Elementarium:HeartOfTheVoid","player_choice":"Take","floor":19.0,"gold_loss":0.0,"damage_taken":0.0,"relics_obtained":["Elementarium:FlickeringLantern"]},{"damage_healed":0.0,"max_hp_gain":0.0,"max_hp_loss":0.0,"gold_gain":0.0,"event_name":"Elementarium:FountainOfGold","player_choice":"Ignored","floor":20.0,"gold_loss":0.0,"damage_taken":0.0},{"damage_healed":0,"gold_gain":0,"player_choice":"Fight","damage_taken":0,"max_hp_gain":0,"max_hp_loss":0,"event_name":"Elementarium:GoldenStatues","floor":27,"gold_loss":0}],"is_beta":false,"boss_relics":[{"not_picked":["halation:HeavySnake","trackpad:StolenKidneys","infinitespire:Cupcake"],"picked":"Replay:Wanted Poster"},{"not_picked":["conspire:RunicOctahedron","hubris:TerracottaHorce","Pandora\u0027s Box"],"picked":"ReplayTheSpireMod:SealedPack"}],"items_purged_floors":[24,53,53],"is_endless":false,"potions_floor_spawned":[1,5,13,18,27,29,35,38,41,48],"killed_by":"The Heart","ascension_level":4}}