{"host":"appz8zkad29u9482","time":1609216694,"event":{"mods":["2.2 Compatiblity","Act Like it!","Aspiration","BaseMod","Better Altar","Better Match","Better Note","Better Skull","Better Third Choice","BetterRewards","CapriCore","Conspire","Disable Question Mark Monsters","Energized Spire","GifTheSpireLib","Gold Saver","Halation","Hermit","HololiveMod","Hubris","Infinite Spire","Jedi Mod","Marisa????????","Minty Spire (QoL Compilation)","Reimu??????","Replay The Spire","Spicy Shops","StSLib","Strawberry Spire","Stuff the Spire","The Alterego","The Immortal","yUi"],"gold_per_floor":[681,701,712,712,726,757,188,219,219,235,235,235,21,38,38,136,136,155,155,155,209,223,252,272,300,300,300,47,82,105,128,128,264,264,300,300,110,110,134,134,134,134,134,190,222,268,268,318,318,361],"floor_reached":51,"playtime":3347,"items_purged":["MokouMod:Strike","MokouMod:Defend","MokouMod:Defend","MokouMod:Defend"],"score":753,"play_id":"ebeb2c28-1d2c-45eb-ada0-9cfcefc5f56e","local_time":"20201228183814","is_ascension_mode":false,"campfire_choices":[{"floor":12,"key":"REST"},{"data":"MokouMod:RisingSunBarrier","floor":15,"key":"SMITH"},{"data":"MokouMod:SacredFire","floor":27,"key":"SMITH"},{"data":"MokouMod:ResonanceReactor","floor":32,"key":"SMITH"},{"data":"MokouMod:Ventilation","floor":40,"key":"SMITH"},{"data":"MokouMod:SacredFire","floor":42,"key":"SMITH"},{"data":"MokouMod:PhoenixForm","floor":47,"key":"SMITH"},{"data":"MokouMod:Meltdown","floor":49,"key":"SMITH"}],"circlet_count":0,"master_deck":["MokouMod:Strike","MokouMod:Strike","MokouMod:Strike","MokouMod:Strike","MokouMod:Defend","MokouMod:HeatSpark","MokouMod:FlickeringFlame","MokouMod:ControlledCombustion","MokouMod:IllusoryBattlefield","MokouMod:FlareStarter","MokouMod:InfernalWave","MokouMod:SearingBlow+3","MokouMod:RoaringFlare","MokouMod:RisingSunBarrier+1","MokouMod:FlareStarter","MokouMod:SacredFire+1","MokouMod:RisingSunBarrier+1","ReplayTheSpireMod:Brewmster+1","MokouMod:FlareStarter","MokouMod:FujiyamaVolcano+1","MokouMod:TemporalFireSeal+1","MokouMod:SacredFire+1","MokouMod:ResonanceReactor+1","MokouMod:Ventilation+1","MokouMod:Meltdown+1","MokouMod:PhoenixForm+1"],"relics":["energizedSpire:RedRose","Lizard Tail","StuffTheSpire:PointBlank","TentaclePot:ReiMu","infinitespire:WardingShard","halation:KoshaPiece","Regal Pillow","Hololive_Finger","jedi:archwizardhat","strawberrySpire:MawJerky","halation:IllGainedPizza","strawberrySpire:PoopsieRoll","Red Mask","StuffTheSpire:RunicHypercube","halation:TrafficLight","infinitespire:CheckeredPen","Omamori","infinitespire:Bottled Soul","Ring of Greed","Blue Doll","Tiny Chest","Ring of Searing"],"acts_visited":["Exordium","TheCity","TheBeyond"],"potions_floor_usage":[6,22,22,22,23,23,23,24,25,31,33,33,44,45,46,50],"damage_taken":[{"damage":8,"enemies":"Small Slimes","floor":1,"turns":3},{"damage":9,"enemies":"2 Louse","floor":2,"turns":3},{"damage":11,"enemies":"Jaw Worm","floor":3,"turns":2},{"damage":15,"enemies":"Exordium Thugs","floor":5,"turns":4},{"damage":16,"enemies":"3 Sentries","floor":6,"turns":9},{"damage":4,"enemies":"Lagavulin","floor":8,"turns":5},{"damage":8,"enemies":"Looter","floor":10,"turns":3},{"damage":4,"enemies":"Exordium Wildlife","floor":14,"turns":4},{"damage":2,"enemies":"The Guardian","floor":16,"turns":12},{"damage":3,"enemies":"Spheric Guardian","floor":18,"turns":4},{"damage":2,"enemies":"3 Byrds","floor":22,"turns":5},{"damage":5,"enemies":"Book of Stabbing","floor":23,"turns":5},{"damage":11,"enemies":"Centurion and Healer","floor":24,"turns":4},{"damage":7,"enemies":"Slavers","floor":25,"turns":3},{"damage":0,"enemies":"Masked Bandits","floor":29,"turns":3},{"damage":6,"enemies":"Snake Plant","floor":30,"turns":3},{"damage":12,"enemies":"Chosen and Byrds","floor":31,"turns":3},{"damage":6,"enemies":"Champ","floor":33,"turns":7},{"damage":2,"enemies":"3 Darklings","floor":35,"turns":3},{"damage":0,"enemies":"3 Shapes","floor":39,"turns":2},{"damage":1,"enemies":"Nemesis","floor":44,"turns":5},{"damage":0,"enemies":"Spire Growth","floor":45,"turns":2},{"damage":15,"enemies":"Reptomancer","floor":46,"turns":2},{"damage":26,"enemies":"infinitespire:MassOfShapes","floor":50,"turns":4}],"seed_played":"1188027390554193185","potions_obtained":[{"floor":2,"key":"AttackPotion"},{"floor":3,"key":"SteroidPotion"},{"floor":10,"key":"BlessingOfTheForge"},{"floor":16,"key":"Energy Potion"},{"floor":22,"key":"GrandPatriotsElixir:ReiMu"},{"floor":24,"key":"Block Potion"},{"floor":25,"key":"ZuzhouPotion:ReiMu"},{"floor":31,"key":"Fruit Juice"},{"floor":45,"key":"Explosive Potion"},{"floor":46,"key":"SpeedPotion"}],"is_trial":false,"path_per_floor":["M","M","M","?","M","E","$","E","T","M","?","R","$","M","R","B",null,"M","?","?","T","M","E","M","E","T","R","$","?","M","M","R","B",null,"M","?","$","?","M","R","AVR","R","T","E","M","E","R","?","R","B",null],"character_chosen":"MKU","items_purchased":["TentaclePot:ReiMu","infinitespire:WardingShard","MokouMod:InfernalWave","MokouMod:RisingSunBarrier","MokouMod:FlareStarter","strawberrySpire:PoopsieRoll","MokouMod:Meltdown"],"campfire_rested":1,"item_purchase_floors":[7,7,7,13,13,28,37],"current_hp_per_floor":[67,58,47,47,32,16,16,12,12,4,4,41,41,37,37,35,75,72,72,72,72,70,65,54,47,47,47,47,47,41,34,34,28,80,78,78,78,80,80,80,80,80,80,83,83,72,72,72,72,46],"gold":361,"neow_bonus":"BOSS_RELIC","is_daily":false,"chose_seed":false,"campfire_upgraded":7,"win_rate":0.0,"timestamp":1609216694,"path_taken":["M","M","M","?","M","E","$","E","T","M","?","R","?","?","R","BOSS","M","?","?","?","M","E","M","E","T","R","$","?","?","M","R","BOSS","M","?","$","?","?","R","AVR","R","T","E","?","E","R","?","R","BOSS"],"items_purchased_type":["Relic","Relic","Card","Card","Card","Relic","Card"],"build_version":"2020-12-22","purchased_purges":4,"victory":true,"max_hp_per_floor":[75,75,75,75,75,75,75,75,75,75,75,75,75,75,75,75,75,75,75,75,75,75,75,75,75,75,75,75,75,75,80,80,80,80,80,80,80,80,80,80,80,80,80,84,84,88,88,88,88,88],"card_choices":[{"not_picked":["MokouMod:EternalBurstReactor","MokouMod:FujiyamaVolcano"],"picked":"MokouMod:FlickeringFlame","floor":1},{"not_picked":["MokouMod:HeatTransfer","MokouMod:Stoke"],"picked":"MokouMod:ControlledCombustion","floor":2},{"not_picked":["MokouMod:Stoke","MokouMod:CrimsonArmoury"],"picked":"MokouMod:IllusoryBattlefield","floor":3},{"not_picked":["MokouMod:Firecracker","MokouMod:RetainTemperature"],"picked":"MokouMod:FlareStarter","floor":5},{"not_picked":["MokouMod:Overheat","MokouMod:TemporalFireSeal","MokouMod:PhoenixFeathers"],"picked":"SKIP","floor":6},{"not_picked":["MokouMod:ScorchingColumn","MokouMod:AdaptivePyromancy"],"picked":"MokouMod:SearingBlow","floor":8},{"not_picked":["MokouMod:Overheat","MokouMod:ThermalPressure"],"picked":"MokouMod:RoaringFlare","floor":10},{"not_picked":["MokouMod:ScorchingColumn","MokouMod:FlickeringFlame","MokouMod:InfernalWave"],"picked":"SKIP","floor":14},{"not_picked":["MokouMod:ExplosiveFlame","MokouMod:BurningHiddenBullet"],"picked":"MokouMod:SacredFire","floor":16},{"not_picked":["MokouMod:Singe","MokouMod:Stoke+1","MokouMod:ScorchingColumn"],"picked":"SKIP","floor":18},{"not_picked":["MokouMod:IgneousBlow","MokouMod:AdaptivePyromancy+1"],"picked":"MokouMod:FlareStarter","floor":22},{"not_picked":["MokouMod:InfernalWave","MokouMod:ControlledCombustion","MokouMod:IndiscriminateIgnition"],"picked":"SKIP","floor":23},{"not_picked":["MokouMod:InfernalWave","MokouMod:ControlledCombustion","MokouMod:IndiscriminateIgnition"],"picked":"SKIP","floor":23},{"not_picked":["MokouMod:SearingShot+1","MokouMod:CrimsonFlare"],"picked":"MokouMod:FujiyamaVolcano+1","floor":24},{"not_picked":["MokouMod:DanceofFlames","MokouMod:IgnitionBlast","MokouMod:WarmUp"],"picked":"SKIP","floor":25},{"not_picked":["MokouMod:EternalBurstReactor+1","MokouMod:ThermalPressure"],"picked":"MokouMod:TemporalFireSeal+1","floor":29},{"not_picked":["MokouMod:IgneousBlow","MokouMod:SubterraneanCore"],"picked":"MokouMod:SacredFire","floor":30},{"not_picked":["MokouMod:Afterburner","MokouMod:RoaringFlare"],"picked":"MokouMod:ResonanceReactor","floor":31},{"not_picked":["MokouMod:Rekindle","MokouMod:Geothermal"],"picked":"MokouMod:Ventilation","floor":33},{"not_picked":["MokouMod:FlickeringFlame","MokouMod:TemporalFireSeal","MokouMod:RisingSunBarrier"],"picked":"SKIP","floor":35},{"not_picked":["Madness","Panacea"],"picked":"strawberrySpire:Disreguard","floor":36},{"not_picked":["MokouMod:Overheat","MokouMod:FlickeringFlame+1","MokouMod:Ember"],"picked":"SKIP","floor":39},{"not_picked":["MokouMod:ScorchingColumn","MokouMod:FlickeringFlame","MokouMod:SearingShot+1"],"picked":"SKIP","floor":44},{"not_picked":["MokouMod:Firecracker","MokouMod:Ember+1","MokouMod:GuidingSmoke"],"picked":"SKIP","floor":45},{"not_picked":["MokouMod:Overheat","MokouMod:ScorchingColumn"],"picked":"MokouMod:PhoenixForm","floor":46}],"player_experience":352392,"relics_obtained":[{"floor":4,"key":"Lizard Tail"},{"floor":6,"key":"StuffTheSpire:PointBlank"},{"floor":8,"key":"halation:KoshaPiece"},{"floor":9,"key":"Regal Pillow"},{"floor":23,"key":"jedi:archwizardhat"},{"floor":25,"key":"strawberrySpire:MawJerky"},{"floor":26,"key":"halation:IllGainedPizza"},{"floor":29,"key":"Red Mask"},{"floor":43,"key":"infinitespire:CheckeredPen"},{"floor":44,"key":"Omamori"},{"floor":46,"key":"infinitespire:Bottled Soul"},{"floor":48,"key":"Ring of Greed"},{"floor":48,"key":"Blue Doll"},{"floor":48,"key":"Tiny Chest"},{"floor":48,"key":"Ring of Searing"}],"event_choices":[{"damage_healed":0,"gold_gain":0,"player_choice":"Copied","damage_taken":0,"max_hp_gain":0,"max_hp_loss":0,"event_name":"Duplicator","floor":19,"gold_loss":0,"cards_obtained":["MokouMod:RisingSunBarrier"]},{"cards_removed":["MokouMod:IllusoryBattlefield"],"damage_healed":0,"gold_gain":0,"player_choice":"Take \u0026 Give","damage_taken":0,"max_hp_gain":0,"max_hp_loss":0,"event_name":"betterNote:BetterNote","floor":20,"gold_loss":0,"cards_obtained":["ReplayTheSpireMod:Brewmster"]},{"damage_healed":0,"gold_gain":0,"player_choice":"Fought Bandits","damage_taken":0,"max_hp_gain":0,"max_hp_loss":0,"event_name":"Masked Bandits","floor":29,"gold_loss":0},{"damage_healed":0,"gold_gain":0,"player_choice":"Memory 1","damage_taken":0,"max_hp_gain":0,"max_hp_loss":0,"event_name":"SensoryStone","floor":36,"gold_loss":0},{"cards_removed":["strawberrySpire:Disreguard"],"damage_healed":2,"gold_gain":0,"player_choice":"Offered Uncommon","damage_taken":0,"max_hp_gain":0,"max_hp_loss":0,"event_name":"Bonfire Elementals","floor":38,"gold_loss":0}],"is_beta":false,"boss_relics":[{"not_picked":["Painkiller Herb","halation:Yufonium"],"picked":"Hololive_Finger"},{"not_picked":["aspiration:WatcherSkillbook","halation:PlatinumPhoenix"],"picked":"StuffTheSpire:RunicHypercube"}],"items_purged_floors":[7,13,28,37],"is_endless":false,"potions_floor_spawned":[2,3,10,16,22,24,25,29,31,35,45,46],"ascension_level":0}}