{"host":"8u7tvcybuv0u72fd","time":1609216721,"event":{"mods":["BaseMod","BetterRewards","Colored Map","Colored Powertips","Minty Spire (QoL Compilation)","Quick Restart","Shop Mod"],"gold_per_floor":[49,49,60,11,11,11,40,102,127,154,154,169,169,186,186,286,286,302,318,353,353,372,372,397,397,424,424,454,454,535,84,84,188,188,200,100,100,100,110,110,120,120,120,120,120,120,120,135,135,135,135,135,86,119,119],"floor_reached":56,"playtime":2682,"items_purged":["Strike_R","Strike_R"],"score":1412,"play_id":"c5892bc5-ca56-4ac8-aae3-9f22901ae0e7","local_time":"20201228233841","is_ascension_mode":false,"campfire_choices":[{"data":"Shrug It Off","floor":6.0,"key":"SMITH"},{"data":"Rage","floor":11.0,"key":"SMITH"},{"data":"Juggernaut","floor":13.0,"key":"SMITH"},{"data":"Clash","floor":15.0,"key":"SMITH"},{"data":"Barricade","floor":23.0,"key":"SMITH"},{"floor":27.0,"key":"REST"},{"data":"RitualDagger","floor":32.0,"key":"SMITH"},{"floor":40.0,"key":"RECALL"},{"data":"Defend_R","floor":42,"key":"SMITH"},{"data":"Defend_R","floor":44,"key":"SMITH"},{"data":"Offering","floor":49,"key":"SMITH"},{"data":"Madness","floor":52,"key":"SMITH"}],"circlet_count":0,"master_deck":["Strike_R+1","Strike_R+1","Defend_R+1","Defend_R+1","Defend_R+1","Defend_R+1","Bash+1","Body Slam+1","Shrug It Off+1","Rage+1","Clash+1","Juggernaut+1","Barricade+1","Pommel Strike+1","RitualDagger+1","Iron Wave+1","Madness","Madness+1","Offering+1"],"relics":["Burning Blood","TungstenRod","War Paint","Bronze Scales","Bag of Preparation","Whetstone","Blue Candle","Anchor","Juzu Bracelet","SacredBark","Red Mask","Boot","Mercury Hourglass","MutagenicStrength","Kunai","Lee\u0027s Waffle","Bird Faced Urn","Velvet Choker","Molten Egg 2","Lizard Tail"],"acts_visited":["Exordium","TheCity","TheBeyond","TheEnding"],"potions_floor_usage":[54,55,55,55],"damage_taken":[{"damage":2.0,"enemies":"Jaw Worm","floor":1.0,"turns":3.0},{"damage":0.0,"enemies":"Cultist","floor":3.0,"turns":2.0},{"damage":6.0,"enemies":"3 Sentries","floor":7.0,"turns":8.0},{"damage":11.0,"enemies":"Lagavulin Event","floor":8.0,"turns":5.0},{"damage":6.0,"enemies":"Gremlin Nob","floor":10.0,"turns":3.0},{"damage":0.0,"enemies":"Small Slimes","floor":12.0,"turns":2.0},{"damage":0.0,"enemies":"Blue Slaver","floor":14.0,"turns":2.0},{"damage":40.0,"enemies":"The Guardian","floor":16.0,"turns":6.0},{"damage":4.0,"enemies":"3 Byrds","floor":18.0,"turns":5.0},{"damage":15.0,"enemies":"2 Thieves","floor":19.0,"turns":4.0},{"damage":0.0,"enemies":"Masked Bandits","floor":20.0,"turns":4.0},{"damage":14.0,"enemies":"Snake Plant","floor":22.0,"turns":4.0},{"damage":17.0,"enemies":"Gremlin Leader","floor":24.0,"turns":7.0},{"damage":10.0,"enemies":"Book of Stabbing","floor":28.0,"turns":6.0},{"damage":18.0,"enemies":"Collector","floor":33.0,"turns":11.0},{"damage":0.0,"enemies":"3 Shapes","floor":35.0,"turns":3.0},{"damage":15.0,"enemies":"3 Darklings","floor":39.0,"turns":4.0},{"damage":0,"enemies":"Sphere and 2 Shapes","floor":41,"turns":4},{"damage":0,"enemies":"Transient","floor":48,"turns":5},{"damage":43,"enemies":"Time Eater","floor":50,"turns":12},{"damage":35,"enemies":"Shield and Spear","floor":54,"turns":7},{"damage":73,"enemies":"The Heart","floor":55,"turns":9}],"seed_played":"-2026095926769920083","potions_obtained":[{"floor":3.0,"key":"Fire Potion"},{"floor":8.0,"key":"SpeedPotion"},{"floor":10.0,"key":"SkillPotion"},{"floor":24.0,"key":"GamblersBrew"},{"floor":33.0,"key":"Regen Potion"},{"floor":39.0,"key":"EssenceOfSteel"},{"floor":54,"key":"ColorlessPotion"}],"is_trial":false,"path_per_floor":["M","?","M","$","?","R","E","?","T","E","R","M","R","M","R","B",null,"M","M","?","?","M","R","E","?","T","R","E","?","T","$","R","B",null,"M","$","?","?","M","R","M","R","T","R","$","?","$","M","R","B",null,"R","$","E","B",null],"character_chosen":"IRONCLAD","items_purchased":["TungstenRod","War Paint","Bronze Scales","Body Slam","Bag of Preparation","FearPotion","SpeedPotion","Shrug It Off","Lee\u0027s Waffle","Bird Faced Urn","Dexterity Potion"],"campfire_rested":1,"item_purchase_floors":[0,0,0,0,0,0,0,4,31,31,53],"current_hp_per_floor":[52,52,58,58,58,58,58,53,53,53,53,59,59,65,65,31,80,80,71,77,72,64,64,53,39,39,64,60,60,60,92,92,80,92,92,92,81,81,76,76,86,86,86,86,86,86,86,92,92,55,92,92,92,92,27],"gold":119,"neow_bonus":"","is_daily":false,"chose_seed":false,"campfire_upgraded":10,"win_rate":0.0,"timestamp":1609216721,"path_taken":["M","?","?","?","?","R","E","?","T","E","R","M","R","M","R","BOSS","M","M","?","?","M","R","E","?","T","R","E","?","?","$","R","BOSS","M","$","?","?","M","R","M","R","T","R","$","?","?","M","R","BOSS","R","$","E","BOSS"],"items_purchased_type":["Relic","Relic","Relic","Card","Relic","Potion","Potion","Card","Relic","Relic","Potion"],"build_version":"2020-12-22","purchased_purges":2,"victory":true,"max_hp_per_floor":[80,80,80,80,80,80,80,80,80,80,80,80,80,80,80,80,80,80,80,80,80,80,80,80,85,85,85,85,85,85,92,92,92,92,92,92,92,92,92,92,92,92,92,92,92,92,92,92,92,92,92,92,92,92,92],"card_choices":[{"not_picked":["Anger","Entrench","Dark Embrace"],"picked":"SKIP","floor":1.0},{"not_picked":["Pommel Strike","Wild Strike","Fire Breathing"],"picked":"SKIP","floor":3.0},{"not_picked":["Pummel","Sever Soul"],"picked":"Rage","floor":7.0},{"not_picked":["True Grit","Entrench"],"picked":"Clash","floor":10.0},{"not_picked":["Armaments","Heavy Blade"],"picked":"Juggernaut","floor":12.0},{"not_picked":["Armaments","Perfected Strike","Flex"],"picked":"SKIP","floor":14.0},{"not_picked":["Berserk","Offering"],"picked":"Barricade","floor":16.0},{"not_picked":["Clothesline","Carnage+1","Wild Strike"],"picked":"SKIP","floor":18.0},{"not_picked":["Shockwave","Rampage+1"],"picked":"Pommel Strike+1","floor":19.0},{"not_picked":["Spot Weakness","Dual Wield+1","Flex"],"picked":"SKIP","floor":22.0},{"not_picked":["Cleave","Havoc+1","Sentinel+1"],"picked":"SKIP","floor":24.0},{"not_picked":["Cleave","Feed","Shockwave+1"],"picked":"SKIP","floor":28.0},{"not_picked":["Twin Strike+1","Heavy Blade+1"],"picked":"Iron Wave+1","floor":35.0},{"not_picked":["Flex","Warcry+1","Combust+1"],"picked":"SKIP","floor":39.0},{"not_picked":["Heavy Blade","Wild Strike","Dark Embrace+1"],"picked":"SKIP","floor":41},{"not_picked":["Second Wind","Armaments"],"picked":"Offering","floor":48},{"not_picked":["Clash+1","Seeing Red+1","Heavy Blade+1"],"picked":"SKIP","floor":54}],"player_experience":1238788,"relics_obtained":[{"floor":7.0,"key":"Whetstone"},{"floor":8.0,"key":"Blue Candle"},{"floor":9.0,"key":"Anchor"},{"floor":10.0,"key":"Juzu Bracelet"},{"floor":20.0,"key":"Red Mask"},{"floor":24.0,"key":"Boot"},{"floor":28.0,"key":"Mercury Hourglass"},{"floor":30.0,"key":"Kunai"},{"floor":43,"key":"Molten Egg 2"},{"floor":54,"key":"Lizard Tail"}],"event_choices":[{"damage_healed":0.0,"max_hp_gain":0.0,"max_hp_loss":0.0,"gold_gain":0.0,"event_name":"Accursed Blacksmith","player_choice":"Forge","floor":2.0,"gold_loss":0.0,"damage_taken":0.0,"cards_upgraded":["Body Slam"]},{"damage_healed":0.0,"max_hp_gain":0.0,"max_hp_loss":0.0,"gold_gain":0.0,"event_name":"Living Wall","player_choice":"Grow","floor":5.0,"gold_loss":0.0,"damage_taken":0.0,"cards_upgraded":["Bash"]},{"damage_healed":0.0,"max_hp_gain":0.0,"max_hp_loss":0.0,"gold_gain":0.0,"event_name":"Dead Adventurer","player_choice":"Searched \u00271\u0027 times","floor":8.0,"gold_loss":0.0,"damage_taken":0.0},{"damage_healed":0.0,"max_hp_gain":0.0,"max_hp_loss":0.0,"gold_gain":0.0,"event_name":"Masked Bandits","player_choice":"Fought Bandits","floor":20.0,"gold_loss":0.0,"damage_taken":0.0},{"damage_healed":0.0,"max_hp_gain":0.0,"max_hp_loss":0.0,"gold_gain":0.0,"event_name":"Nest","player_choice":"Joined the Cult","floor":21.0,"gold_loss":0.0,"damage_taken":6.0,"cards_obtained":["RitualDagger"]},{"damage_healed":0.0,"max_hp_gain":5.0,"max_hp_loss":0.0,"gold_gain":0.0,"event_name":"Forgotten Altar","player_choice":"Shed Blood","floor":25.0,"gold_loss":0.0,"damage_taken":20.0},{"damage_healed":0.0,"max_hp_gain":0.0,"max_hp_loss":0.0,"gold_gain":0.0,"event_name":"Drug Dealer","player_choice":"Inject Mutagens","floor":29.0,"gold_loss":0.0,"damage_taken":0.0,"relics_obtained":["MutagenicStrength"]},{"damage_healed":0.0,"max_hp_gain":0.0,"max_hp_loss":0.0,"gold_gain":0.0,"event_name":"Winding Halls","player_choice":"Embrace Madness","floor":37.0,"gold_loss":0.0,"damage_taken":12.0,"cards_obtained":["Madness","Madness"]},{"cards_removed":["Strike_R"],"damage_healed":0.0,"max_hp_gain":0.0,"max_hp_loss":0.0,"gold_gain":0.0,"event_name":"Bonfire Elementals","player_choice":"Offered Basic","floor":38.0,"gold_loss":0.0,"damage_taken":0.0},{"damage_healed":0,"gold_gain":0,"player_choice":"Ignored","damage_taken":0,"max_hp_gain":0,"max_hp_loss":0,"event_name":"SecretPortal","floor":46,"gold_loss":0}],"is_beta":false,"boss_relics":[{"not_picked":["Black Star","Runic Pyramid"],"picked":"SacredBark"},{"not_picked":["Snecko Eye","Philosopher\u0027s Stone"],"picked":"Velvet Choker"}],"items_purged_floors":[0,36],"is_endless":false,"potions_floor_spawned":[3,8,10,24,33,39,48,54],"ascension_level":0}}