{"host":"6pgtslebjnyv5xmi","time":1609249085,"event":{"mods":["AchievementEnabler","BaseMod","Colored Map","Minty Spire (QoL Compilation)","Rare Cards Sparkle","StSLib","SuperFastMode","everything is the same but u backflip on backflip"],"gold_per_floor":[361,6,18,32,32,32,47,47,73,85,172,184,196,223,235,372,447,482,139,164,164,187,187,85,85,85,104,129,54,77,90,90,90,90],"floor_reached":33,"playtime":20413,"items_purged":["Writhe","Strike_B","Strike_B","Strike_B"],"score":299,"play_id":"111cade1-b0e1-4c3c-b1e0-8f5deaf29432","local_time":"20201229223805","is_ascension_mode":true,"campfire_choices":[{"floor":6.0,"key":"REST"},{"data":"Zap","floor":13.0,"key":"SMITH"},{"data":"Dualcast","floor":15.0,"key":"SMITH"},{"data":"Buffer","floor":23,"key":"SMITH"},{"floor":25,"key":"REST"},{"floor":32,"key":"REST"}],"circlet_count":0,"master_deck":["Strike_B","Defend_B+1","Defend_B","Defend_B","Defend_B","Zap+1","Dualcast+1","Go for the Eyes","Gash","Gash","Go for the Eyes","Skim","Buffer+1","Gash+1","Beam Cell","Steam+1","Self Repair","FTL+1","Leap+1","Conserve Battery+1"],"relics":["Cracked Core","Question Card","Happy Flower","MawBank","Golden Idol","Tiny House","Membership Card","Bag of Marbles","Pen Nib","InkBottle"],"acts_visited":["Exordium","TheCity"],"potions_floor_usage":[22,30,33,33],"damage_taken":[{"damage":4.0,"enemies":"Small Slimes","floor":1.0,"turns":3.0},{"damage":6.0,"enemies":"2 Louse","floor":3.0,"turns":3.0},{"damage":0.0,"enemies":"Cultist","floor":4.0,"turns":2.0},{"damage":11.0,"enemies":"Looter","floor":7.0,"turns":3.0},{"damage":11.0,"enemies":"3 Louse","floor":14.0,"turns":3.0},{"damage":47.0,"enemies":"The Guardian","floor":16.0,"turns":13.0},{"damage":11,"enemies":"3 Byrds","floor":18,"turns":5},{"damage":19,"enemies":"Shell Parasite","floor":20,"turns":5},{"damage":11,"enemies":"Centurion and Healer","floor":22,"turns":5},{"damage":13,"enemies":"Snake Plant","floor":27,"turns":5},{"damage":4,"enemies":"Chosen and Byrds","floor":28,"turns":6},{"damage":0,"enemies":"Centurion and Healer","floor":30,"turns":5},{"damage":10,"enemies":"Sentry and Sphere","floor":31,"turns":6},{"damage":78,"enemies":"Collector","floor":33,"turns":11}],"seed_played":"-283097365381578406","potions_obtained":[{"floor":4.0,"key":"GamblersBrew"},{"floor":16.0,"key":"DistilledChaos"},{"floor":17,"key":"EssenceOfDarkness"},{"floor":18,"key":"Dexterity Potion"},{"floor":22,"key":"PotionOfCapacity"},{"floor":31,"key":"Dexterity Potion"}],"is_trial":false,"path_per_floor":["M","$","M","M","?","R","M","$","T","?","?","?","R","M","R","B",null,"M","$","M","?","M","R","$","R","T","M","M","$","M","M","R","B"],"character_chosen":"DEFECT","items_purchased":["Gash","Question Card","Membership Card","Bag of Marbles","Pen Nib","Self Repair"],"campfire_rested":3,"item_purchase_floors":[2,2,19,19,19,24],"current_hp_per_floor":[71,71,65,65,47,69,58,58,58,58,47,69,69,58,58,11,60,49,49,30,30,19,19,19,41,41,35,38,38,45,42,64,0,0],"gold":90,"neow_bonus":"TWO_FIFTY_GOLD","is_daily":false,"chose_seed":false,"campfire_upgraded":3,"win_rate":0.0,"timestamp":1609249085,"path_taken":["M","$","M","M","?","R","M","$","T","?","?","?","R","M","R","BOSS","M","$","M","?","M","R","$","R","T","M","M","$","M","M","R","BOSS"],"items_purchased_type":["Card","Relic","Relic","Relic","Relic","Card"],"build_version":"2020-12-22","purchased_purges":4,"victory":false,"max_hp_per_floor":[75,75,75,75,75,75,75,75,75,69,69,69,69,69,69,69,74,74,74,74,74,74,74,74,74,74,74,74,74,74,74,74,74,74],"card_choices":[{"not_picked":["Compile Driver","Reprogram"],"picked":"Go for the Eyes","floor":1.0},{"not_picked":["Reinforced Body","Cold Snap","Skim"],"picked":"Gash","floor":3.0},{"not_picked":["Static Discharge","Hologram","White Noise"],"picked":"Go for the Eyes","floor":4.0},{"not_picked":["Coolheaded","Cold Snap","Defragment"],"picked":"Skim","floor":7.0},{"not_picked":["Sweeping Beam","Rip and Tear","Steam","Redo"],"picked":"SKIP","floor":14.0},{"not_picked":["Biased Cognition","Meteor Strike","Thunder Strike"],"picked":"Buffer","floor":16.0},{"not_picked":["Stack","Consume","Ball Lightning"],"picked":"Gash+1","floor":18},{"not_picked":["Conserve Battery","Force Field","Darkness"],"picked":"Beam Cell","floor":20},{"not_picked":["Leap","Skim","Barrage"],"picked":"Steam+1","floor":22},{"not_picked":["Stack","Multi-Cast","Streamline+1"],"picked":"FTL+1","floor":27},{"not_picked":["Lockon","Redo","Rebound"],"picked":"Leap+1","floor":28},{"not_picked":["Undo","Defragment","Coolheaded+1","White Noise"],"picked":"SKIP","floor":30},{"not_picked":["Rebound+1","Streamline","Leap"],"picked":"Conserve Battery+1","floor":31}],"player_experience":570654,"relics_obtained":[{"floor":9.0,"key":"MawBank"},{"floor":26,"key":"InkBottle"}],"event_choices":[{"damage_healed":0.0,"max_hp_gain":0.0,"max_hp_loss":0.0,"gold_gain":0.0,"event_name":"Scrap Ooze","player_choice":"Success","floor":5.0,"gold_loss":0.0,"damage_taken":18.0,"relics_obtained":["Happy Flower"]},{"damage_healed":0.0,"max_hp_gain":0.0,"max_hp_loss":6.0,"gold_gain":0.0,"event_name":"Golden Idol","player_choice":"Lose Max HP","floor":10.0,"gold_loss":0.0,"damage_taken":0.0,"relics_obtained":["Golden Idol"]},{"damage_healed":0.0,"max_hp_gain":0.0,"max_hp_loss":0.0,"gold_gain":75.0,"event_name":"World of Goop","player_choice":"Gather Gold","floor":11.0,"gold_loss":0.0,"damage_taken":11.0},{"damage_healed":23.0,"max_hp_gain":0.0,"max_hp_loss":0.0,"gold_gain":0.0,"event_name":"Big Fish","player_choice":"Banana","floor":12.0,"gold_loss":0.0,"damage_taken":0.0},{"damage_healed":0,"gold_gain":0,"player_choice":"Ignored","damage_taken":0,"max_hp_gain":0,"max_hp_loss":0,"event_name":"Cursed Tome","floor":21,"gold_loss":0}],"is_beta":false,"boss_relics":[{"not_picked":["Black Star","Pandora\u0027s Box"],"picked":"Tiny House"}],"items_purged_floors":[2,19,24,29],"is_endless":false,"potions_floor_spawned":[4,16,18,22,31],"killed_by":"Collector","ascension_level":5}}