{"host":"0jm2u9rma46qko29","time":1609210744,"event":{"mods":["Act Like it!","BaseMod","Better Altar","Better Note","Better Skull","Better Third Choice","CapriCore","Friendly Minions","Hermit","JesterMod","Marisa????????","Minty Spire (QoL Compilation)","Relic Stats","Robot Space Explorer","Shade Mod","Shop Mod","StSLib","The Marked","UnlockEverythingMod","Waifu the Spire"],"gold_per_floor":[114,114,125,141,141,141,172,172,172,122,141,141,160,160,160,263,263,278,278,11,11,25,25,37,57,57,92,108,142,159,176,176,271,271,288,288,288,300,315,315,346,424,424,424,449,89,108,8,8,8],"floor_reached":51,"playtime":3184,"items_purged":["Parasite","Clumsy"],"score":952,"play_id":"2c47a301-93c6-4833-a017-387adb9648db","local_time":"20201228205904","is_ascension_mode":true,"campfire_choices":[{"data":"WitchLeyline","floor":6,"key":"SMITH"},{"data":"1","floor":8,"key":"LIFT"},{"data":"2","floor":12,"key":"LIFT"},{"floor":15,"key":"REST"},{"data":"DarkMatter","floor":23,"key":"SMITH"},{"floor":32,"key":"REST"},{"data":"3","floor":40,"key":"LIFT"},{"data":"OortCloud","floor":44,"key":"SMITH"},{"floor":49,"key":"REST"}],"circlet_count":0,"master_deck":["Defend_MRS","Defend_MRS+1","Defend_MRS","Defend_MRS","MasterSpark","UpSweep+1","ShootingEcho","ManaConvection","SporeBomb","WitchLeyline+1","SuperPerseids","DarkMatter+1","SuperPerseids","JA","6A","OortCloud","Orbital","UnstableBomb","AsteroidBelt","Acceleration+1","MagicAbsorber","GalacticHalo+1","PowerUp","BlazingStar","6A+1","Madness","Madness","OortCloud","BigCrunch","OortCloud+1","UnstableBomb","OortCloud+1","MachineGunSpark","MagicChant","GalacticHalo+1"],"relics":["MiniHakkero","Girya","Calipers","ExperimentalFamiliar","Bronze Scales","White Beast Statue","Bag of Preparation","Singing Bowl","Cursed Key","Toy Ornithopter","Pear","Shuriken","Frozen Egg 2"],"acts_visited":["Exordium","TheCity","TheBeyond"],"potions_floor_usage":[7,16,27,29,29,33,50,50,50],"damage_taken":[{"damage":0,"enemies":"2 Louse","floor":1,"turns":2},{"damage":3,"enemies":"Small Slimes","floor":3,"turns":3},{"damage":2,"enemies":"Jaw Worm","floor":4,"turns":3},{"damage":10,"enemies":"Lagavulin","floor":7,"turns":4},{"damage":0,"enemies":"Looter","floor":11,"turns":1},{"damage":9,"enemies":"Red Slaver","floor":13,"turns":2},{"damage":7,"enemies":"Slime Boss","floor":16,"turns":9},{"damage":0,"enemies":"3 Byrds","floor":18,"turns":1},{"damage":1,"enemies":"Chosen","floor":22,"turns":2},{"damage":26,"enemies":"Snake Plant","floor":24,"turns":3},{"damage":0,"enemies":"Sentry and Sphere","floor":25,"turns":3},{"damage":0,"enemies":"Gremlin Leader","floor":27,"turns":6},{"damage":20,"enemies":"Shelled Parasite and Fungi","floor":28,"turns":3},{"damage":0,"enemies":"Book of Stabbing","floor":29,"turns":2},{"damage":10,"enemies":"Centurion and Healer","floor":30,"turns":2},{"damage":0,"enemies":"Chosen and Byrds","floor":31,"turns":4},{"damage":12,"enemies":"Collector","floor":33,"turns":9},{"damage":17,"enemies":"3 Darklings","floor":35,"turns":3},{"damage":2,"enemies":"3 Shapes","floor":38,"turns":2},{"damage":0,"enemies":"Jaw Worm Horde","floor":39,"turns":3},{"damage":0,"enemies":"Nemesis","floor":41,"turns":5},{"damage":19,"enemies":"Giant Head","floor":45,"turns":7},{"damage":0,"enemies":"Transient","floor":47,"turns":5},{"damage":4,"enemies":"Donu and Deca","floor":50,"turns":7}],"seed_played":"-8163814959007787430","potions_obtained":[{"floor":1,"key":"SneckoOil"},{"floor":3,"key":"AttackPotion"},{"floor":7,"key":"Dexterity Potion"},{"floor":16,"key":"Strength Potion"},{"floor":18,"key":"ColorlessPotion"},{"floor":22,"key":"FearPotion"},{"floor":27,"key":"FairyPotion"},{"floor":28,"key":"Strength Potion"},{"floor":29,"key":"Block Potion"},{"floor":30,"key":"Weak Potion"},{"floor":31,"key":"LiquidMemories"},{"floor":33,"key":"Weak Potion"},{"floor":38,"key":"Dexterity Potion"},{"floor":39,"key":"EntropicBrew"},{"floor":45,"key":"Dexterity Potion"}],"is_trial":false,"path_per_floor":["M","?","M","M","?","R","E","R","T","?","M","R","M","?","R","B",null,"M","?","$","?","M","R","M","M","T","E","M","E","M","M","R","B",null,"M","?","?","M","M","R","E","T","T","R","E","$","M","$","R","B",null],"character_chosen":"MARISA","items_purchased":["OortCloud","Orbital","Bronze Scales","OortCloud+1","MachineGunSpark","CultistPotion","MagicChant"],"campfire_rested":3,"item_purchase_floors":[20,20,20,46,46,46,46],"current_hp_per_floor":[68,68,65,63,49,49,39,39,39,39,39,39,30,30,50,43,68,68,68,68,68,67,67,41,41,41,41,21,21,11,11,31,19,68,51,42,42,40,40,40,40,50,50,50,31,31,31,31,53,64],"gold":8,"neow_bonus":"REMOVE_TWO","is_daily":false,"chose_seed":false,"campfire_upgraded":3,"win_rate":0.0,"timestamp":1609210744,"path_taken":["M","?","M","M","?","R","E","R","T","?","M","R","M","?","R","BOSS","M","?","$","?","M","R","M","M","T","E","M","E","M","M","R","BOSS","M","?","?","?","M","R","E","?","T","R","E","$","M","$","R","BOSS"],"items_purchased_type":["Card","Card","Relic","Card","Card","Potion","Card"],"build_version":"2020-12-22","purchased_purges":2,"victory":true,"max_hp_per_floor":[68,68,68,68,68,68,68,68,68,68,68,68,68,68,68,68,68,68,68,68,68,68,68,68,68,68,68,68,68,68,68,68,68,68,68,68,68,68,68,68,68,78,78,78,78,75,75,75,75,75],"relic_stats":{"Singing Bowl":0,"counters":[24,91],"Shuriken":[10],"Bronze Scales":[148],"Bag of Preparation":[24],"Cursed Key":2,"obtain_stats":[{"Girya":7,"Calipers":9,"Pear":42,"Singing Bowl":29,"Bag of Preparation":27,"Frozen Egg 2":45,"Cursed Key":34,"White Beast Statue":26,"ExperimentalFamiliar":17,"Shuriken":43,"Bronze Scales":20,"MiniHakkero":0,"Toy Ornithopter":41},{"Girya":4,"Calipers":4,"Pear":21,"Singing Bowl":14,"Bag of Preparation":12,"Frozen Egg 2":22,"Cursed Key":17,"White Beast Statue":11,"ExperimentalFamiliar":7,"Shuriken":21,"Bronze Scales":8,"MiniHakkero":0,"Toy Ornithopter":21},{"Girya":12,"Calipers":12,"Pear":72,"Singing Bowl":44,"Bag of Preparation":39,"Frozen Egg 2":79,"Cursed Key":59,"White Beast Statue":33,"ExperimentalFamiliar":24,"Shuriken":72,"Bronze Scales":25,"MiniHakkero":0,"Toy Ornithopter":72}],"Toy Ornithopter":15},"card_choices":[{"not_picked":["IllusionStar","DC"],"picked":"ShootingEcho","floor":1},{"not_picked":["AlicesGift","GalacticHalo"],"picked":"SporeBomb","floor":3},{"not_picked":["StarDustReverie","MagicChant"],"picked":"WitchLeyline","floor":4},{"not_picked":["ShootingEcho","StarlightTyphoon"],"picked":"SuperPerseids","floor":7},{"not_picked":["IllusionStar","EventHorizon"],"picked":"DarkMatter","floor":11},{"not_picked":["OpenUniverse","GravityBeat"],"picked":"SuperPerseids","floor":13},{"not_picked":["AbsoluteMagnitude","CollectingQuirk"],"picked":"JA","floor":16},{"not_picked":["DarkMatter+1","DoubleSpark"],"picked":"6A","floor":18},{"not_picked":["DoubleSpark+1","MysteriousBeam"],"picked":"SuperPerseids","floor":22},{"not_picked":["BinaryStars","MachineGunSpark"],"picked":"UnstableBomb","floor":24},{"not_picked":["LuminesStrike","PulseMagic"],"picked":"AsteroidBelt","floor":25},{"not_picked":["DarkMatter+1","SporeBomb","IllusionStar"],"picked":"SKIP","floor":27},{"not_picked":["EarthLightRay","OneTimeOff"],"picked":"Acceleration+1","floor":28},{"not_picked":["OpenUniverse","FinalSpark"],"picked":"MagicAbsorber","floor":29},{"not_picked":["SporeBomb","MilkyWay"],"picked":"GalacticHalo+1","floor":30},{"not_picked":["FairyDestructionRay","DC"],"picked":"PowerUp","floor":31},{"not_picked":["SatelliteIllusion","JA"],"picked":"BlazingStar","floor":33},{"not_picked":["AsteroidBelt+1","WitchOfGreed+1"],"picked":"6A+1","floor":35},{"not_picked":["PowerUp","DC+1"],"picked":"OortCloud","floor":38},{"not_picked":["MysteriousBeam+1","DarkSpark"],"picked":"BigCrunch","floor":39},{"not_picked":["LuminesStrike","NonDirectionalLaser+1"],"picked":"OortCloud","floor":41},{"not_picked":["ShootTheMoon","DoubleSpark+1"],"picked":"UnstableBomb","floor":45},{"not_picked":["DC+1","6A+1"],"picked":"GalacticHalo+1","floor":47}],"player_experience":182406,"relics_obtained":[{"floor":7,"key":"Girya"},{"floor":9,"key":"Calipers"},{"floor":26,"key":"White Beast Statue"},{"floor":27,"key":"Bag of Preparation"},{"floor":29,"key":"Singing Bowl"},{"floor":41,"key":"Toy Ornithopter"},{"floor":42,"key":"Pear"},{"floor":43,"key":"Shuriken"},{"floor":45,"key":"Frozen Egg 2"}],"event_choices":[{"damage_healed":0,"gold_gain":0,"cards_transformed":["Strike_MRS"],"player_choice":"Change","damage_taken":0,"max_hp_gain":0,"max_hp_loss":0,"event_name":"Living Wall","floor":2,"gold_loss":0,"cards_obtained":["ManaConvection"]},{"damage_healed":63,"gold_gain":0,"player_choice":"Upgrade","damage_taken":14,"max_hp_gain":0,"max_hp_loss":68,"event_name":"betterThird:BetterShining","floor":5,"gold_loss":0,"cards_upgraded":["UpSweep","Defend_MRS"]},{"cards_removed":["Strike_MRS"],"damage_healed":0,"gold_gain":0,"player_choice":"Card Removal","damage_taken":0,"max_hp_gain":0,"max_hp_loss":0,"event_name":"The Cleric","floor":10,"gold_loss":50},{"damage_healed":0,"gold_gain":0,"player_choice":"Ignored","damage_taken":160,"max_hp_gain":0,"max_hp_loss":0,"event_name":"betterThird:BetterSerpent","floor":14,"gold_loss":0},{"damage_healed":0,"gold_gain":0,"player_choice":"Ignored","damage_taken":0,"max_hp_gain":0,"max_hp_loss":0,"event_name":"Ghosts","floor":19,"gold_loss":0},{"damage_healed":0,"gold_gain":0,"player_choice":"Ignored","damage_taken":0,"max_hp_gain":0,"max_hp_loss":0,"event_name":"Vampires","floor":21,"gold_loss":0},{"damage_healed":0,"gold_gain":0,"player_choice":"Embrace Madness","damage_taken":9,"max_hp_gain":0,"max_hp_loss":0,"event_name":"Winding Halls","floor":36,"gold_loss":0,"cards_obtained":["Madness","Madness"]},{"cards_removed":["SuperPerseids"],"damage_healed":0,"gold_gain":0,"player_choice":"Purged","damage_taken":0,"max_hp_gain":0,"max_hp_loss":0,"event_name":"Purifier","floor":37,"gold_loss":0}],"is_beta":false,"boss_relics":[{"not_picked":["Ectoplasm","Tiny House"],"picked":"ExperimentalFamiliar"},{"not_picked":["Runic Pyramid","Empty Cage"],"picked":"Cursed Key"}],"items_purged_floors":[46,48],"is_endless":false,"potions_floor_spawned":[1,3,7,16,18,22,24,27,28,29,30,31,33,35,38,39,41,45,47],"ascension_level":2}}