{"host":"cd9ii0p4lcq6b7m2","time":1609242117,"event":{"mods":["BaseMod","Block Reminder","Colored Map","Highlight Path","Minty Spire (QoL Compilation)"],"gold_per_floor":[119,119,119,44,44,44,75,75,75,90,55,32,72,97,97,218,218,232,53,53,68,88,127,127,165,165,165,90,122,142,159,159,255,255,267,281,107,157,157,188,188,188],"floor_reached":41,"playtime":4299,"items_purged":["Normality","Strike_P","Bite"],"score":515,"play_id":"e4b9a87b-57ab-472d-95de-7c3e07a90256","local_time":"20201229114157","is_ascension_mode":false,"campfire_choices":[{"data":"Eruption","floor":6,"key":"SMITH"},{"floor":8,"key":"REST"},{"data":"ClearTheMind","floor":15,"key":"SMITH"},{"floor":24,"key":"REST"},{"floor":32,"key":"REST"}],"circlet_count":0,"master_deck":["Defend_P","Defend_P","Defend_P","Eruption+1","Vigilance","MasterReality","EmptyFist","LikeWater","CarveReality","ThirdEye","ClearTheMind+1","ReachHeaven","Alpha","CrushJoints+1","InnerPeace+1","Bite","Bite","Bite","Bite","DeceiveReality+1","JustLucky","Evaluate+1","FlurryOfBlows+1","FlurryOfBlows+1","Vengeance","TalkToTheHand+1"],"relics":["PureWater","Bloody Idol","Vajra","White Beast Statue","Mercury Hourglass","Black Star","Smiling Mask","Bronze Scales","Ancient Tea Set","War Paint","The Courier","Red Mask","Sozu","DollysMirror","StoneCalendar","Ornamental Fan","Lantern"],"acts_visited":["Exordium","TheCity","TheBeyond"],"potions_floor_usage":[13,16,16,22,23,23,25,25,30,30,33,33,38],"damage_taken":[{"damage":5,"enemies":"Cultist","floor":1,"turns":4},{"damage":69,"enemies":"Lagavulin","floor":7,"turns":10},{"damage":0,"enemies":"Small Slimes","floor":10,"turns":1},{"damage":0,"enemies":"Gremlin Nob","floor":13,"turns":3},{"damage":0,"enemies":"2 Louse","floor":14,"turns":2},{"damage":25,"enemies":"Hexaghost","floor":16,"turns":6},{"damage":10,"enemies":"Spheric Guardian","floor":18,"turns":4},{"damage":20,"enemies":"2 Thieves","floor":21,"turns":4},{"damage":21,"enemies":"Cultist and Chosen","floor":22,"turns":6},{"damage":33,"enemies":"Slavers","floor":23,"turns":4},{"damage":10,"enemies":"Gremlin Leader","floor":25,"turns":5},{"damage":14,"enemies":"Masked Bandits","floor":29,"turns":3},{"damage":5,"enemies":"Snake Plant","floor":30,"turns":2},{"damage":13,"enemies":"3 Cultists","floor":31,"turns":5},{"damage":23,"enemies":"Champ","floor":33,"turns":9},{"damage":15,"enemies":"3 Darklings","floor":35,"turns":5},{"damage":0,"enemies":"Orb Walker","floor":36,"turns":4},{"damage":45,"enemies":"Mind Bloom Boss Battle","floor":38,"turns":5},{"damage":6,"enemies":"Giant Head","floor":40,"turns":5},{"damage":42,"enemies":"2 Orb Walkers","floor":41,"turns":3}],"seed_played":"-1058200890676669571","potions_obtained":[{"floor":7,"key":"Explosive Potion"},{"floor":10,"key":"ColorlessPotion"},{"floor":13,"key":"FearPotion"},{"floor":14,"key":"Ancient Potion"},{"floor":16,"key":"Strength Potion"},{"floor":18,"key":"FearPotion"},{"floor":21,"key":"BottledMiracle"},{"floor":22,"key":"PowerPotion"},{"floor":23,"key":"SteroidPotion"},{"floor":25,"key":"StancePotion"},{"floor":29,"key":"ColorlessPotion"},{"floor":30,"key":"PowerPotion"},{"floor":31,"key":"Ancient Potion"},{"floor":33,"key":"SpeedPotion"}],"is_trial":false,"path_per_floor":["M","?","?","$","?","R","E","R","T","M","?","$","E","M","R","B",null,"M","$","?","M","M","E","R","E","T","?","?","?","M","M","R","B",null,"M","M","$","?","?","E","?"],"character_chosen":"WATCHER","items_purchased":["ThirdEye","InnerPeace","DollysMirror"],"campfire_rested":3,"item_purchase_floors":[12,19,37],"current_hp_per_floor":[67,49,72,72,72,72,3,24,24,24,42,42,42,42,42,17,72,62,62,50,36,27,2,17,15,15,15,15,12,14,12,27,17,50,46,50,50,18,18,27,0,0],"gold":188,"neow_bonus":"THREE_RARE_CARDS","is_daily":false,"chose_seed":false,"campfire_upgraded":2,"win_rate":0.0,"timestamp":1609242117,"path_taken":["M","?","?","$","?","R","E","R","T","M","?","$","E","M","R","BOSS","M","$","?","M","M","E","R","E","T","?","?","?","M","M","R","BOSS","M","M","$","?","?","E","?"],"items_purchased_type":["Card","Card","Relic"],"build_version":"2020-12-22","purchased_purges":3,"victory":false,"max_hp_per_floor":[72,72,72,72,72,72,72,72,72,72,72,72,72,72,72,72,72,72,72,50,50,50,50,50,50,50,50,50,50,50,50,50,50,50,50,50,50,50,50,50,50,50],"card_choices":[{"not_picked":["Devotion","Omniscience"],"picked":"MasterReality","floor":0},{"not_picked":["Meditate","ThirdEye"],"picked":"EmptyFist","floor":1},{"not_picked":["ClearTheMind","FlyingSleeves"],"picked":"LikeWater","floor":7},{"not_picked":["ThirdEye","Consecrate"],"picked":"CarveReality","floor":10},{"not_picked":["CrushJoints","EmptyFist"],"picked":"ClearTheMind","floor":13},{"not_picked":["WreathOfFlame","ClearTheMind"],"picked":"ReachHeaven","floor":14},{"not_picked":["Omniscience","DevaForm"],"picked":"Alpha","floor":16},{"not_picked":["PathToVictory","ClearTheMind"],"picked":"CrushJoints+1","floor":18},{"not_picked":["Conclude","ThirdEye"],"picked":"DeceiveReality","floor":21},{"not_picked":["EmptyBody","Perseverance","Fasting2+1"],"picked":"SKIP","floor":22},{"not_picked":["ClearTheMind+1","Tantrum","Establishment"],"picked":"SKIP","floor":23},{"not_picked":["PathToVictory","ThirdEye"],"picked":"JustLucky","floor":25},{"not_picked":["Consecrate","Prostrate"],"picked":"Evaluate+1","floor":29},{"not_picked":["WheelKick","CutThroughFate","BowlingBash"],"picked":"SKIP","floor":30},{"not_picked":["Evaluate+1","PathToVictory+1","WreathOfFlame+1"],"picked":"SKIP","floor":31},{"not_picked":["CutThroughFate","ClearTheMind+1"],"picked":"FlurryOfBlows+1","floor":35},{"not_picked":["DeceiveReality","Prostrate","Crescendo+1"],"picked":"SKIP","floor":36},{"not_picked":["JustLucky","Prostrate+1"],"picked":"Vengeance","floor":38},{"not_picked":["Evaluate","ReachHeaven"],"picked":"TalkToTheHand+1","floor":40}],"player_experience":158447,"relics_obtained":[{"floor":7,"key":"Vajra"},{"floor":9,"key":"White Beast Statue"},{"floor":13,"key":"Mercury Hourglass"},{"floor":23,"key":"Smiling Mask"},{"floor":23,"key":"Bronze Scales"},{"floor":25,"key":"Ancient Tea Set"},{"floor":25,"key":"War Paint"},{"floor":26,"key":"The Courier"},{"floor":29,"key":"Red Mask"},{"floor":38,"key":"StoneCalendar"},{"floor":40,"key":"Ornamental Fan"},{"floor":40,"key":"Lantern"}],"event_choices":[{"damage_healed":0,"gold_gain":0,"player_choice":"Take Damage","damage_taken":18,"relics_obtained":["Golden Idol"],"max_hp_gain":0,"max_hp_loss":0,"event_name":"Golden Idol","floor":2,"gold_loss":0},{"damage_healed":24,"gold_gain":0,"player_choice":"Banana","damage_taken":0,"max_hp_gain":0,"max_hp_loss":0,"event_name":"Big Fish","floor":3,"gold_loss":0},{"damage_healed":0,"gold_gain":0,"player_choice":"Ignored","damage_taken":0,"max_hp_gain":0,"max_hp_loss":0,"event_name":"Golden Wing","floor":5,"gold_loss":0},{"damage_healed":18,"gold_gain":0,"player_choice":"Healed","damage_taken":0,"max_hp_gain":0,"max_hp_loss":0,"event_name":"The Cleric","floor":11,"gold_loss":35},{"damage_healed":0,"gold_gain":0,"player_choice":"Became a vampire","damage_taken":0,"max_hp_gain":0,"max_hp_loss":22,"event_name":"Vampires","floor":20,"gold_loss":0,"cards_obtained":["Bite","Bite","Bite","Bite","Bite"]},{"damage_healed":0,"gold_gain":0,"player_choice":"Gave Idol","damage_taken":0,"relics_obtained":["Bloody Idol"],"max_hp_gain":0,"max_hp_loss":0,"event_name":"Forgotten Altar","floor":27,"relics_lost":["Golden Idol"],"gold_loss":0},{"cards_removed":["Defend_P"],"damage_healed":0,"gold_gain":0,"player_choice":"Gave Gold","damage_taken":0,"max_hp_gain":0,"max_hp_loss":0,"event_name":"Beggar","floor":28,"gold_loss":75},{"damage_healed":0,"gold_gain":0,"player_choice":"Fought Bandits","damage_taken":0,"max_hp_gain":0,"max_hp_loss":0,"event_name":"Masked Bandits","floor":29,"gold_loss":0},{"damage_healed":0,"gold_gain":0,"player_choice":"Fight","damage_taken":0,"max_hp_gain":0,"max_hp_loss":0,"event_name":"MindBloom","floor":38,"gold_loss":0},{"damage_healed":0,"gold_gain":0,"player_choice":"Ignored","damage_taken":0,"max_hp_gain":0,"max_hp_loss":0,"event_name":"Tomb of Lord Red Mask","floor":39,"gold_loss":0},{"damage_healed":0,"gold_gain":0,"player_choice":"Fight","damage_taken":0,"max_hp_gain":0,"max_hp_loss":0,"event_name":"Mysterious Sphere","floor":41,"gold_loss":0}],"is_beta":false,"boss_relics":[{"not_picked":["Snecko Eye","Empty Cage"],"picked":"Black Star"},{"not_picked":["Astrolabe","Tiny House"],"picked":"Sozu"}],"items_purged_floors":[4,19,37],"is_endless":false,"potions_floor_spawned":[7,10,13,14,16,18,21,22,23,25,29,30,31,33,35,36,38,40],"killed_by":"2 Orb Walkers","ascension_level":0}}