{"host":"q387i5o1hp66091u","time":1609219241,"event":{"mods":["2.2 Compatiblity","BaseMod","Minty Spire (QoL Compilation)","Rare Cards Sparkle"],"gold_per_floor":[114,129,144,159,174,204,119,134,134,149,149,164,164,179,179,279,279,294,294,43,58,73,73,103,103,128,158,121,136,151,166,166,266,266,281,296,311,311,311,311,326,341,341,356,371,386,36,51,51,51,51],"floor_reached":50,"playtime":3510,"items_purged":["Pain","Purity"],"score":573,"play_id":"2204f333-a4cc-483a-a6c4-3d6a75d20448","local_time":"20201229142041","daily_mods":["Allstar","Red Cards","Night Terrors"],"is_ascension_mode":false,"campfire_choices":[{"floor":15.0,"key":"REST"},{"data":"Armaments","floor":23.0,"key":"SMITH"},{"floor":25.0,"key":"REST"},{"floor":32.0,"key":"REST"},{"floor":40.0,"key":"REST"},{"floor":49,"key":"REST"}],"circlet_count":0,"master_deck":["Strike_P","Strike_P","Strike_P","Strike_P","Defend_P","Defend_P","Defend_P","Defend_P","Eruption","Vigilance","Thinking Ahead","Mind Blast","Trip","Secret Weapon","FollowUp","WaveOfTheHand","Anger","Nirvana","Armaments+1","Perseverance","Impatience","Reckless Charge","Pummel","FollowUp","Ghostly Armor","Iron Wave","Devotion","WindmillStrike","Armaments","Iron Wave+1","Ghostly Armor","Anger","Protect","Fasting2+1","Wallop","ClearTheMind+1","Conclude","BattleHymn","Iron Wave","MasterReality","Flex+1","Battle Trance","FollowUp+1","JustLucky+1","DeceiveReality","FlurryOfBlows","Pommel Strike","Cleave+1","Armaments+1","Sentinel+1","Iron Wave+1"],"relics":["HolyWater","Pocketwatch","Dream Catcher","SlaversCollar","WarpedTongs","Lantern","Happy Flower","Damaru","TeardropLocket","Mercury Hourglass","Omamori","Bottled Tornado"],"acts_visited":["Exordium","TheCity","TheBeyond"],"potions_floor_usage":[50],"damage_taken":[{"damage":16.0,"enemies":"Jaw Worm","floor":1.0,"turns":4.0},{"damage":0.0,"enemies":"2 Louse","floor":2.0,"turns":2.0},{"damage":9.0,"enemies":"Cultist","floor":3.0,"turns":4.0},{"damage":6.0,"enemies":"Large Slime","floor":4.0,"turns":6.0},{"damage":10.0,"enemies":"Exordium Thugs","floor":5.0,"turns":5.0},{"damage":15.0,"enemies":"Lagavulin","floor":6.0,"turns":8.0},{"damage":0.0,"enemies":"Lots of Slimes","floor":8.0,"turns":4.0},{"damage":0.0,"enemies":"2 Fungi Beasts","floor":10.0,"turns":2.0},{"damage":0.0,"enemies":"Large Slime","floor":12.0,"turns":3.0},{"damage":8.0,"enemies":"Lots of Slimes","floor":14.0,"turns":5.0},{"damage":22.0,"enemies":"Slime Boss","floor":16.0,"turns":7.0},{"damage":7.0,"enemies":"Shell Parasite","floor":18.0,"turns":8.0},{"damage":1.0,"enemies":"2 Thieves","floor":21.0,"turns":4.0},{"damage":10.0,"enemies":"Centurion and Healer","floor":22.0,"turns":6.0},{"damage":60.0,"enemies":"Gremlin Leader","floor":24.0,"turns":10.0},{"damage":9.0,"enemies":"Slavers","floor":27.0,"turns":5.0},{"damage":18.0,"enemies":"Shelled Parasite and Fungi","floor":29.0,"turns":6.0},{"damage":0.0,"enemies":"Snake Plant","floor":30.0,"turns":1.0},{"damage":10.0,"enemies":"Cultist and Chosen","floor":31.0,"turns":4.0},{"damage":28.0,"enemies":"Champ","floor":33.0,"turns":9.0},{"damage":31.0,"enemies":"3 Shapes","floor":35.0,"turns":3.0},{"damage":0.0,"enemies":"Orb Walker","floor":36.0,"turns":4.0},{"damage":20.0,"enemies":"Transient","floor":37.0,"turns":5.0},{"damage":2.0,"enemies":"4 Shapes","floor":41.0,"turns":3.0},{"damage":14.0,"enemies":"3 Darklings","floor":42.0,"turns":6.0},{"damage":10.0,"enemies":"Writhing Mass","floor":44.0,"turns":5.0},{"damage":10.0,"enemies":"Transient","floor":45.0,"turns":5.0},{"damage":11,"enemies":"Maw","floor":46,"turns":7},{"damage":2,"enemies":"Sphere and 2 Shapes","floor":48,"turns":4},{"damage":65,"enemies":"Time Eater","floor":50,"turns":4}],"seed_played":"6838610760785432018","potions_obtained":[{"floor":1.0,"key":"ColorlessPotion"},{"floor":3.0,"key":"FairyPotion"},{"floor":6.0,"key":"BottledMiracle"},{"floor":12.0,"key":"SpeedPotion"},{"floor":16.0,"key":"ColorlessPotion"},{"floor":24.0,"key":"Regen Potion"},{"floor":29.0,"key":"Fire Potion"},{"floor":30.0,"key":"SkillPotion"},{"floor":36.0,"key":"DuplicationPotion"},{"floor":41.0,"key":"ColorlessPotion"},{"floor":42.0,"key":"Regen Potion"},{"floor":44.0,"key":"DistilledChaos"}],"is_trial":false,"path_per_floor":["M","M","M","M","M","E","$","M","T","M","?","M","?","M","R","B",null,"M","?","$","M","M","R","E","R","T","E","$","M","M","M","R","B",null,"M","M","M","?","T","R","M","M","T","M","M","M","$","M","R","B"],"character_chosen":"WATCHER","items_purchased":["Impatience","Lantern","Armaments","Wallop","Bottled Tornado"],"campfire_rested":5,"item_purchase_floors":[7,20,20,28,47],"current_hp_per_floor":[56,56,47,41,31,16,16,16,16,16,16,16,16,8,67,45,67,60,60,60,59,49,49,20,62,62,53,53,35,35,25,57,29,57,26,26,6,6,6,52,50,36,36,40,30,19,19,17,47,0,0],"gold":51,"neow_bonus":"","is_daily":true,"chose_seed":false,"campfire_upgraded":1,"win_rate":0.0,"timestamp":1609219241,"path_taken":["M","M","M","M","M","E","$","M","T","M","?","M","?","M","R","BOSS","M","?","$","M","?","R","E","R","T","E","$","M","M","M","R","BOSS","M","M","M","?","?","R","M","M","T","M","M","?","$","M","R","BOSS"],"items_purchased_type":["Card","Relic","Card","Card","Relic"],"build_version":"2020-12-22","purchased_purges":2,"victory":false,"max_hp_per_floor":[72,72,72,72,72,72,72,72,72,72,72,72,72,72,67,67,67,67,67,67,67,67,67,67,62,62,62,62,62,62,62,57,57,57,57,57,57,57,57,52,52,52,52,52,52,52,52,52,47,47,47],"card_choices":[{"not_picked":["Anger","SashWhip"],"picked":"FollowUp","floor":1.0},{"not_picked":["Havoc","CutThroughFate"],"picked":"WaveOfTheHand","floor":2.0},{"not_picked":["Rupture","Headbutt"],"picked":"Anger","floor":3.0},{"not_picked":["SashWhip","WreathOfFlame"],"picked":"Nirvana","floor":4.0},{"not_picked":["Wild Strike","FearNoEvil"],"picked":"Armaments","floor":5.0},{"not_picked":["SpiritShield","Thunderclap"],"picked":"Perseverance","floor":6.0},{"not_picked":["ClearTheMind","Worship"],"picked":"Reckless Charge","floor":8.0},{"not_picked":["Swivel","Anger"],"picked":"Pummel","floor":10.0},{"not_picked":["Warcry","EmptyMind"],"picked":"FollowUp","floor":12.0},{"not_picked":["Sever Soul","Cleave"],"picked":"Ghostly Armor","floor":14.0},{"not_picked":["Thunderclap","Carnage"],"picked":"Iron Wave","floor":15.0},{"not_picked":["Limit Break","LessonLearned"],"picked":"Devotion","floor":16.0},{"not_picked":["EmptyFist+1","PathToVictory"],"picked":"WindmillStrike","floor":18.0},{"not_picked":["EmptyFist+1","SignatureMove"],"picked":"Iron Wave+1","floor":21.0},{"not_picked":["Heavy Blade","Iron Wave"],"picked":"Ghostly Armor","floor":22.0},{"not_picked":["Hemokinesis","Berserk"],"picked":"Anger","floor":24.0},{"not_picked":["Sword Boomerang","Body Slam"],"picked":"Protect","floor":25.0},{"not_picked":["Evaluate","Perfected Strike+1"],"picked":"Fasting2+1","floor":27.0},{"not_picked":["Halt","Armaments"],"picked":"ClearTheMind+1","floor":29.0},{"not_picked":["Juggernaut","Crescendo"],"picked":"Conclude","floor":30.0},{"not_picked":["CrushJoints","Perfected Strike"],"picked":"BattleHymn","floor":31.0},{"not_picked":["EmptyBody","Weave"],"picked":"Iron Wave","floor":32.0},{"not_picked":["Devotion","Blasphemy"],"picked":"MasterReality","floor":33.0},{"not_picked":["BowlingBash+1","Prostrate+1"],"picked":"Flex+1","floor":35.0},{"not_picked":["Ghostly Armor","Flex"],"picked":"Battle Trance","floor":36.0},{"not_picked":["Wild Strike","Sword Boomerang"],"picked":"FollowUp+1","floor":37.0},{"not_picked":["Shockwave","Intimidate"],"picked":"JustLucky+1","floor":40.0},{"not_picked":["True Grit+1","FlyingSleeves+1"],"picked":"DeceiveReality","floor":41.0},{"not_picked":["ThirdEye+1","FlyingSleeves+1"],"picked":"FlurryOfBlows","floor":42.0},{"not_picked":["EmptyFist+1","Body Slam"],"picked":"Pommel Strike","floor":44.0},{"not_picked":["Protect+1","Alpha"],"picked":"Cleave+1","floor":45.0},{"not_picked":["Flex+1","Anger+1"],"picked":"Armaments+1","floor":46},{"not_picked":["Havoc+1","BowlingBash"],"picked":"Sentinel+1","floor":48},{"not_picked":["EmptyBody","Blood for Blood+1"],"picked":"Iron Wave+1","floor":49}],"player_experience":566166,"relics_obtained":[{"floor":6.0,"key":"Pocketwatch"},{"floor":9.0,"key":"Dream Catcher"},{"floor":24.0,"key":"Happy Flower"},{"floor":26.0,"key":"Damaru"},{"floor":27.0,"key":"TeardropLocket"},{"floor":39.0,"key":"Mercury Hourglass"},{"floor":43.0,"key":"Omamori"}],"event_choices":[{"damage_healed":0.0,"max_hp_gain":0.0,"max_hp_loss":0.0,"gold_gain":0.0,"event_name":"Golden Wing","player_choice":"Ignored","floor":11.0,"gold_loss":0.0,"damage_taken":0.0},{"damage_healed":0.0,"max_hp_gain":0.0,"max_hp_loss":0.0,"gold_gain":0.0,"event_name":"Shining Light","player_choice":"Ignored","floor":13.0,"gold_loss":0.0,"damage_taken":0.0},{"damage_healed":0.0,"max_hp_gain":0.0,"max_hp_loss":0.0,"gold_gain":0.0,"event_name":"Accursed Blacksmith","player_choice":"Rummage","floor":19.0,"gold_loss":0.0,"damage_taken":0.0,"relics_obtained":["WarpedTongs"],"cards_obtained":["Pain"]},{"damage_healed":0.0,"max_hp_gain":0.0,"max_hp_loss":0.0,"gold_gain":0.0,"event_name":"Tomb of Lord Red Mask","player_choice":"Ignored","floor":38.0,"gold_loss":0.0,"damage_taken":0.0}],"is_beta":false,"boss_relics":[{"not_picked":["Empty Cage","Astrolabe"],"picked":"SlaversCollar"},{"not_picked":["Coffee Dripper","Black Star"],"picked":"HolyWater"}],"items_purged_floors":[20,47],"is_endless":false,"potions_floor_spawned":[1,3,6,12,16,24,29,30,36,41,42,44],"killed_by":"Time Eater","ascension_level":0}}