{"host":"7r6bd5ce6zscnmwq","time":1609261719,"event":{"mods":["BaseMod","Better Altar","Better Match","Better Note","Better Sensory Stone","Better Skull","Better Third Choice","Better Vampires","Block Reminder","Colored Powertips","Displayed Cursed Tome","Minty Spire (QoL Compilation)","Permanent Neow","Quick Restart","Shop Mod","Spicy Shops","StSLib","The Marked"],"gold_per_floor":[115,131,231,46,57,57,85,85,85,85,101,101,1,19,19,118,118,129,142,155,105,125,125,138,156,156,12,12,43,43,43,43,147,147,158,177,25,35,52,85,85,116,163,174,174,174,174,99,99,99,99,99,2,35,35,35],"floor_reached":55,"playtime":3034,"items_purged":["theMarked:Strike","theMarked:Strike","theMarked:Strike"],"score":784,"play_id":"f9cb0710-89f6-4edc-90ec-264d2866db33","local_time":"20201230020839","is_ascension_mode":true,"campfire_choices":[{"data":"theMarked:GodGivenPower","floor":6.0,"key":"SMITH"},{"data":"theMarked:HeightenedSenses","floor":8.0,"key":"SMITH"},{"data":"Trip","floor":10.0,"key":"SMITH"},{"floor":15.0,"key":"REST"},{"data":"theMarked:Generate","floor":23.0,"key":"SMITH"},{"data":"theMarked:Polarize","floor":30.0,"key":"SMITH"},{"data":"theMarked:SoldierOfQuellstein","floor":32.0,"key":"SMITH"},{"floor":41.0,"key":"REST"},{"floor":45.0,"key":"REST"},{"floor":47.0,"key":"REST"},{"floor":49.0,"key":"RECALL"},{"floor":52.0,"key":"REST"}],"circlet_count":0,"master_deck":["theMarked:Defend","theMarked:Defend","theMarked:Defend","theMarked:SoldierOfQuellstein+1","theMarked:GodGivenPower+1","theMarked:Static","theMarked:Static","Trip+1","theMarked:HeightenedSenses+1","theMarked:MagicAdept","theMarked:Overcharge+1","theMarked:TurnInvisible","theMarked:BindingBlade+1","theMarked:PowerFlow+1","theMarked:KeepCalmAndFightOn+1","theMarked:Polarize+1","theMarked:RepellingDischarge","theMarked:Generate+1","theMarked:Static","theMarked:WastefulDefense+1","theMarked:RepellingDischarge+1","theMarked:TwofoldDefense+1","theMarked:Challenge"],"relics":["theMarked:ArtifactOfAir","theMarked:KettuFlask","Turnip","Astrolabe","Lee\u0027s Waffle","Boot","Fusion Hammer","theMarked:SecretDocuments","Mummified Hand","Pen Nib","Toy Ornithopter"],"acts_visited":["Exordium","TheCity","TheBeyond","TheEnding"],"potions_floor_usage":[55,55],"damage_taken":[{"damage":1.0,"enemies":"Jaw Worm","floor":1.0,"turns":4.0},{"damage":0.0,"enemies":"Cultist","floor":2.0,"turns":3.0},{"damage":7.0,"enemies":"Small Slimes","floor":5.0,"turns":3.0},{"damage":18.0,"enemies":"Gremlin Nob","floor":7.0,"turns":3.0},{"damage":16.0,"enemies":"Exordium Wildlife","floor":11.0,"turns":4.0},{"damage":8.0,"enemies":"Blue Slaver","floor":14.0,"turns":3.0},{"damage":24.0,"enemies":"Hexaghost","floor":16.0,"turns":6.0},{"damage":8.0,"enemies":"Chosen","floor":18.0,"turns":4.0},{"damage":2.0,"enemies":"2 Thieves","floor":19.0,"turns":2.0},{"damage":10.0,"enemies":"Centurion and Healer","floor":20.0,"turns":4.0},{"damage":0.0,"enemies":"Snake Plant","floor":22.0,"turns":2.0},{"damage":5.0,"enemies":"Shelled Parasite and Fungi","floor":24.0,"turns":4.0},{"damage":2.0,"enemies":"Centurion and Healer","floor":25.0,"turns":4.0},{"damage":13.0,"enemies":"Gremlin Leader","floor":29.0,"turns":3.0},{"damage":39.0,"enemies":"Champ","floor":33.0,"turns":6.0},{"damage":16.0,"enemies":"3 Shapes","floor":35.0,"turns":3.0},{"damage":0.0,"enemies":"Orb Walker","floor":36.0,"turns":3.0},{"damage":0.0,"enemies":"Transient","floor":38.0,"turns":5.0},{"damage":3.0,"enemies":"Writhing Mass","floor":39.0,"turns":4.0},{"damage":17.0,"enemies":"Reptomancer","floor":40.0,"turns":4.0},{"damage":41.0,"enemies":"Nemesis","floor":42.0,"turns":5.0},{"damage":0.0,"enemies":"4 Shapes","floor":44.0,"turns":4.0},{"damage":31.0,"enemies":"Awakened One","floor":50.0,"turns":8.0},{"damage":0,"enemies":"Shield and Spear","floor":54,"turns":3},{"damage":80,"enemies":"The Heart","floor":55,"turns":8}],"seed_played":"217300224586879800","potions_obtained":[{"floor":1.0,"key":"ColorlessPotion"},{"floor":14.0,"key":"GamblersBrew"},{"floor":18.0,"key":"LiquidMemories"},{"floor":20.0,"key":"Strength Potion"},{"floor":29.0,"key":"EssenceOfSteel"},{"floor":38.0,"key":"DuplicationPotion"},{"floor":40.0,"key":"Ancient Potion"},{"floor":44.0,"key":"GamblersBrew"}],"is_trial":false,"path_per_floor":["M","M","?","$","M","R","E","R","T","R","M","?","$","M","R","B",null,"M","M","M","?","M","R","M","M","T","$","?","E","R","$","R","B",null,"M","M","$","M","M","E","R","E","T","M","R","?","R","?","R","B",null,"R","$","E","B"],"character_chosen":"THE_DEFAULT","items_purchased":["Trip","theMarked:HeightenedSenses","Lee\u0027s Waffle","theMarked:Static","PowerPotion","BlessingOfTheForge"],"campfire_rested":5,"item_purchase_floors":[4,4,27,37,53,53],"current_hp_per_floor":[69,69,69,69,62,62,44,44,44,44,28,28,28,20,41,17,70,62,60,50,50,50,50,45,43,43,77,77,64,64,64,64,25,77,61,61,61,61,58,41,64,23,23,23,46,46,69,69,69,38,77,77,77,77,0,0],"gold":35,"neow_bonus":"THREE_CARDS","is_daily":false,"chose_seed":false,"campfire_upgraded":6,"win_rate":0.0,"timestamp":1609261719,"path_taken":["M","M","?","?","M","R","E","R","T","R","?","?","?","?","R","BOSS","M","?","M","?","M","R","?","M","T","$","?","E","R","$","R","BOSS","M","M","$","M","M","E","R","E","T","M","R","?","R","?","R","BOSS","R","$","E","BOSS"],"items_purchased_type":["Card","Card","Relic","Card","Potion","Potion"],"build_version":"2020-12-22","purchased_purges":3,"victory":false,"max_hp_per_floor":[70,70,70,70,70,70,70,70,70,70,70,70,70,70,70,70,70,70,70,70,70,70,70,70,70,70,77,77,77,77,77,77,77,77,77,77,77,77,77,77,77,77,77,77,77,77,77,77,77,77,77,77,77,77,77,77],"card_choices":[{"not_picked":["theMarked:HeightenedSenses","theMarked:Static"],"picked":"theMarked:GodGivenPower","floor":0.0},{"not_picked":["theMarked:StartUp","theMarked:EmpowerWeapon"],"picked":"theMarked:Static","floor":1.0},{"not_picked":["theMarked:TunnelVision","theMarked:ElectricStrings"],"picked":"theMarked:Static","floor":2.0},{"not_picked":["theMarked:RepellingDischarge","theMarked:ResourceFulStrike"],"picked":"theMarked:MagicAdept","floor":5.0},{"not_picked":["theMarked:DeterminationOfTheMarked","theMarked:LightningStrikesTwice","theMarked:SummonStrength"],"picked":"SKIP","floor":7.0},{"not_picked":["theMarked:SwordAndMagic","theMarked:Frustration","theMarked:Electrocute"],"picked":"SKIP","floor":11.0},{"not_picked":["theMarked:KeepCalmAndFightOn","theMarked:EmpowerWeapon","theMarked:EnhancedHearing"],"picked":"SKIP","floor":14.0},{"not_picked":["theMarked:DispelDoubt","theMarked:BindingBlade"],"picked":"theMarked:TurnInvisible","floor":16.0},{"not_picked":["theMarked:ResourceFulStrike","theMarked:WardOff","theMarked:Static"],"picked":"SKIP","floor":18.0},{"not_picked":["theMarked:ResourceFulStrike","theMarked:LightningStrikesTwice+1"],"picked":"theMarked:Polarize","floor":19.0},{"not_picked":["theMarked:Frustration","theMarked:Overthink"],"picked":"theMarked:RepellingDischarge","floor":20.0},{"not_picked":["theMarked:BindingBlade","theMarked:WastefulAttack+1"],"picked":"theMarked:Generate","floor":22.0},{"not_picked":["theMarked:Static+1","theMarked:MysticalArsenal","theMarked:ElectricStrings"],"picked":"SKIP","floor":24.0},{"not_picked":["theMarked:MysticalArsenal+1","theMarked:Parkour","theMarked:ResourceFulStrike+1"],"picked":"SKIP","floor":25.0},{"not_picked":["theMarked:Static","theMarked:Improvise","theMarked:WastefulAttack"],"picked":"SKIP","floor":29.0},{"not_picked":["theMarked:TwofoldDefense","theMarked:Improvise","theMarked:MysticalArsenal"],"picked":"SKIP","floor":35.0},{"not_picked":["theMarked:TwofoldDefense+1","theMarked:SwordAndMagic+1","theMarked:Frustration+1"],"picked":"SKIP","floor":36.0},{"not_picked":["theMarked:HeightenedSenses","theMarked:WardOff","theMarked:SwordAndMagic+1"],"picked":"SKIP","floor":38.0},{"not_picked":["theMarked:HeritageOfTheMarked","theMarked:WastefulAttack+1"],"picked":"theMarked:WastefulDefense+1","floor":39.0},{"not_picked":["theMarked:WastefulAttack","theMarked:GodGivenPower+1","theMarked:Opportunist+1"],"picked":"SKIP","floor":40.0},{"not_picked":["theMarked:WastefulAttack+1","theMarked:KeepCalmAndFightOn+1"],"picked":"theMarked:RepellingDischarge+1","floor":42.0},{"not_picked":["theMarked:ChannelForce","theMarked:Polarize","theMarked:Frustration"],"picked":"SKIP","floor":44.0},{"not_picked":["theMarked:WastefulAttack+1","theMarked:BanishingStrike+1"],"picked":"theMarked:TwofoldDefense+1","floor":48.0},{"not_picked":["theMarked:SwordAndMagic","theMarked:Electrify"],"picked":"theMarked:Challenge","floor":54}],"player_experience":609783,"relics_obtained":[{"floor":7.0,"key":"theMarked:KettuFlask"},{"floor":9.0,"key":"Turnip"},{"floor":29.0,"key":"Boot"},{"floor":40.0,"key":"theMarked:SecretDocuments"},{"floor":42.0,"key":"Mummified Hand"},{"floor":43.0,"key":"Pen Nib"},{"floor":54,"key":"Toy Ornithopter"}],"event_choices":[{"damage_healed":0.0,"max_hp_gain":0.0,"max_hp_loss":0.0,"gold_gain":100.0,"event_name":"Golden Shrine","player_choice":"Pray","floor":3.0,"gold_loss":0.0,"damage_taken":0.0},{"damage_healed":0.0,"max_hp_gain":0.0,"max_hp_loss":0.0,"gold_gain":1.0,"event_name":"betterStone:BetterStone","player_choice":"4","floor":12.0,"gold_loss":0.0,"damage_taken":0.0,"cards_obtained":["theMarked:Overcharge"]},{"damage_healed":0.0,"max_hp_gain":0.0,"max_hp_loss":0.0,"gold_gain":0.0,"event_name":"The Joust","player_choice":"Bet on Owner","floor":21.0,"gold_loss":50.0,"damage_taken":0.0},{"damage_healed":0.0,"max_hp_gain":0.0,"max_hp_loss":0.0,"gold_gain":0.0,"event_name":"Ghosts","player_choice":"Ignored","floor":28.0,"gold_loss":0.0,"damage_taken":0.0},{"damage_healed":0.0,"max_hp_gain":0.0,"max_hp_loss":0.0,"gold_gain":0.0,"event_name":"Mysterious Sphere","player_choice":"Ignored","floor":46.0,"gold_loss":0.0,"damage_taken":0.0},{"damage_healed":0.0,"max_hp_gain":0.0,"max_hp_loss":0.0,"gold_gain":0.0,"event_name":"betterMatch:BetterMatch","player_choice":"2","floor":48.0,"gold_loss":0.0,"damage_taken":0.0,"cards_obtained":["betterMatch:CommonCard"]}],"is_beta":false,"boss_relics":[{"not_picked":["Calling Bell","theMarked:Eyepatch"],"picked":"Astrolabe"},{"not_picked":["Philosopher\u0027s Stone","Sozu"],"picked":"Fusion Hammer"}],"items_purged_floors":[4,13,37],"is_endless":false,"potions_floor_spawned":[1,14,18,20,29,38,40,44,54],"killed_by":"The Heart","ascension_level":1}}