{"host":"78zdngn0u28jm0pp","time":1609229975,"event":{"mods":["BaseMod","Jorbs\u0027s Wanderer Trilogy","Minty Spire (QoL Compilation)","Permanent Neow","Quick Restart","Relic Stats","StSLib","Unceasing Turn Reminder"],"gold_per_floor":[115,27,44,44,61,61,75,75,75],"floor_reached":8,"playtime":248,"items_purged":[],"score":96,"play_id":"ab1b85e1-c303-4e16-b0ef-facc33e0654c","local_time":"20201229011935","is_ascension_mode":true,"campfire_choices":[{"data":"Cloak And Dagger","floor":6,"key":"SMITH"}],"circlet_count":0,"master_deck":["AscendersBane","Strike_G","Strike_G","Strike_G","Strike_G","Defend_G","Defend_G","Defend_G","Defend_G","Defend_G","Survivor","Neutralize","Cloak And Dagger+1","Footwork","Terror","Flying Knee","Concentrate"],"relics":["Runic Pyramid"],"acts_visited":["Exordium"],"potions_floor_usage":[],"damage_taken":[{"damage":1,"enemies":"Small Slimes","floor":1,"turns":4},{"damage":2,"enemies":"Cultist","floor":3,"turns":6},{"damage":0,"enemies":"Jaw Worm","floor":5,"turns":4},{"damage":7,"enemies":"3 Louse","floor":7,"turns":3},{"damage":29,"enemies":"Gremlin Nob","floor":8,"turns":4}],"seed_played":"8835348776587475064","potions_obtained":[{"floor":5,"key":"Ancient Potion"}],"is_trial":false,"path_per_floor":["M","$","M","?","M","R","M","E"],"character_chosen":"THE_SILENT","items_purchased":["Footwork"],"campfire_rested":0,"item_purchase_floors":[2],"current_hp_per_floor":[58,58,56,56,56,56,49,20,20],"gold":75,"neow_bonus":"BOSS_RELIC","is_daily":false,"chose_seed":false,"campfire_upgraded":1,"win_rate":0.0,"timestamp":1609229975,"path_taken":["M","$","M","?","?","R","M","E"],"items_purchased_type":["Card"],"build_version":"2020-12-22","purchased_purges":0,"victory":false,"max_hp_per_floor":[66,66,66,66,66,66,66,66,66],"relic_stats":{"counters":[5,21],"obtain_stats":[{"Ring of the Snake":0,"Runic Pyramid":0},{"Ring of the Snake":0,"Runic Pyramid":0},{"Ring of the Snake":0,"Runic Pyramid":0}]},"card_choices":[{"not_picked":["Outmaneuver","All Out Attack"],"picked":"Cloak And Dagger","floor":1},{"not_picked":["Caltrops","Reflex"],"picked":"Terror","floor":3},{"not_picked":["Underhanded Strike","Deflect"],"picked":"Flying Knee","floor":5},{"not_picked":["Eviscerate","Blade Dance"],"picked":"Concentrate","floor":7}],"player_experience":704217,"relics_obtained":[],"event_choices":[{"cards_removed":["Strike_G"],"damage_healed":0,"gold_gain":0,"player_choice":"Offered Basic","damage_taken":0,"max_hp_gain":0,"max_hp_loss":0,"event_name":"Bonfire Elementals","floor":4,"gold_loss":0}],"is_beta":false,"boss_relics":[],"items_purged_floors":[],"is_endless":false,"potions_floor_spawned":[5],"killed_by":"Gremlin Nob","ascension_level":20}}