{"host":"qxeepl7ydvsgmfdb","time":1609224741,"event":{"mods":["AchievementEnabler","BaseMod","Colored Powertips","Minty Spire (QoL Compilation)","Quick Restart","slay the spire mod where everything is the same but ironclad has a cowboy hat"],"gold_per_floor":[111,286,361,25,39,39,49,49,49,74,28,55,55,81,81,177,177,189,189,189,189,189,205,217,217,217],"floor_reached":25,"playtime":502,"items_purged":["Doubt"],"score":259,"play_id":"826963df-1d76-4a16-9034-8f82109ca263","local_time":"20201229015221","is_ascension_mode":true,"campfire_choices":[{"data":"Zap","floor":6,"key":"SMITH"},{"data":"Defragment","floor":8,"key":"SMITH"},{"floor":15,"key":"REST"}],"circlet_count":0,"master_deck":["Strike_B+1","Strike_B+1","Strike_B+1","Strike_B+1","Defend_B+1","Defend_B+1","Defend_B+1","Defend_B+1","Zap+1","Dualcast+1","Ball Lightning","Defragment+1","Darkness","Self Repair","Cold Snap+1","Regret","Ball Lightning","Ball Lightning","Shame","Defragment"],"relics":["Cracked Core","Meat on the Bone","Pen Nib","Pantograph","War Paint","Nunchaku","Whetstone","Shuriken","Happy Flower"],"acts_visited":["Exordium","TheCity"],"potions_floor_usage":[10,14],"damage_taken":[{"damage":10,"enemies":"Small Slimes","floor":1,"turns":2},{"damage":12,"enemies":"Jaw Worm","floor":5,"turns":2},{"damage":0,"enemies":"Cultist","floor":7,"turns":2},{"damage":16,"enemies":"3 Sentries","floor":10,"turns":6},{"damage":18,"enemies":"Gremlin Nob","floor":14,"turns":3},{"damage":41,"enemies":"The Guardian","floor":16,"turns":9},{"damage":17,"enemies":"2 Thieves","floor":18,"turns":4},{"damage":23,"enemies":"3 Byrds","floor":23,"turns":3},{"damage":30,"enemies":"3 Cultists","floor":24,"turns":5},{"damage":33,"enemies":"Book of Stabbing","floor":25,"turns":3}],"seed_played":"-4301232515332812134","potions_obtained":[{"floor":5,"key":"SkillPotion"},{"floor":7,"key":"Swift Potion"}],"is_trial":false,"path_per_floor":["M","?","?","$","M","R","M","R","T","E","$","T","?","E","R","B",null,"M","?","?","?","?","M","M","E"],"character_chosen":"DEFECT","items_purchased":["Meat on the Bone","Cold Snap"],"campfire_rested":1,"item_purchase_floors":[4,11],"current_hp_per_floor":[72,72,61,61,49,49,49,49,49,45,45,45,45,46,70,53,75,65,49,49,49,49,38,27,0,0],"gold":217,"neow_bonus":"TEN_PERCENT_HP_BONUS","is_daily":false,"chose_seed":false,"campfire_upgraded":2,"win_rate":0.0,"timestamp":1609224741,"path_taken":["M","?","?","?","?","R","M","R","T","E","$","?","?","E","R","BOSS","M","?","?","?","?","M","?","E"],"items_purchased_type":["Relic","Card"],"build_version":"2020-12-22","purchased_purges":1,"victory":false,"max_hp_per_floor":[82,82,82,82,82,82,82,82,82,82,82,82,82,82,82,82,82,82,87,87,87,87,87,87,87,87],"card_choices":[{"not_picked":["Steam","Double Energy"],"picked":"Ball Lightning","floor":1},{"not_picked":["Lockon","Chill"],"picked":"Defragment","floor":5},{"not_picked":["Go for the Eyes","Lockon"],"picked":"Darkness","floor":7},{"not_picked":["Steam","Lockon"],"picked":"Self Repair","floor":10},{"not_picked":["Self Repair","Lockon"],"picked":"Ball Lightning","floor":14},{"not_picked":["Steam+1","Streamline"],"picked":"Ball Lightning","floor":18},{"not_picked":["Streamline","Redo"],"picked":"Defragment","floor":23},{"not_picked":["Coolheaded","Lockon","Cold Snap"],"picked":"SKIP","floor":24}],"player_experience":421019,"relics_obtained":[{"floor":9,"key":"Pen Nib"},{"floor":10,"key":"Pantograph"},{"floor":12,"key":"War Paint"},{"floor":14,"key":"Whetstone"}],"event_choices":[{"damage_healed":0,"gold_gain":175,"player_choice":"AGREE","damage_taken":0,"max_hp_gain":0,"max_hp_loss":0,"event_name":"Liars Game","floor":2,"gold_loss":0,"cards_obtained":["Doubt"]},{"damage_healed":0,"gold_gain":75,"player_choice":"Gather Gold","damage_taken":11,"max_hp_gain":0,"max_hp_loss":0,"event_name":"World of Goop","floor":3,"gold_loss":0},{"damage_healed":0,"gold_gain":0,"player_choice":"Box","damage_taken":0,"relics_obtained":["Nunchaku"],"max_hp_gain":0,"max_hp_loss":0,"event_name":"Big Fish","floor":13,"gold_loss":0,"cards_obtained":["Regret"]},{"damage_healed":0,"gold_gain":0,"player_choice":"Shed Blood","damage_taken":21,"max_hp_gain":5,"max_hp_loss":0,"event_name":"Forgotten Altar","floor":19,"gold_loss":0},{"damage_healed":0,"gold_gain":0,"player_choice":"Simplicity","damage_taken":0,"max_hp_gain":0,"max_hp_loss":0,"event_name":"Back to Basics","floor":20,"gold_loss":0,"cards_upgraded":["Strike_B","Strike_B","Strike_B","Defend_B","Defend_B","Defend_B"]},{"damage_healed":0,"gold_gain":0,"player_choice":"Opened","damage_taken":0,"relics_obtained":["Shuriken"],"max_hp_gain":0,"max_hp_loss":0,"event_name":"The Mausoleum","floor":21,"gold_loss":0},{"damage_healed":0,"gold_gain":0,"player_choice":"Stole Relic","damage_taken":0,"relics_obtained":["Happy Flower"],"max_hp_gain":0,"max_hp_loss":0,"event_name":"Addict","floor":22,"gold_loss":0,"cards_obtained":["Shame"]}],"is_beta":false,"boss_relics":[{"not_picked":["Ectoplasm","Velvet Choker","Busted Crown"]}],"items_purged_floors":[4],"is_endless":false,"potions_floor_spawned":[5,7],"killed_by":"Book of Stabbing","ascension_level":5}}