{"host":"hoz3ngw650fbea07","time":1609277124,"event":{"mods":["AchievementEnabler","Aspiration","BaseMod","CCEM","Colored Map","Conspire","Downfall","GifTheSpireLib","Halation","Highlight Path","Hubris","Infinite Spire","Minty Spire (QoL Compilation)","Permanent Neow","StSLib","Unceasing Turn Reminder","Waifu the Spire","everything is the same but u backflip on backflip","slay the spire mod where everything is the same but ironclad has a cowboy hat"],"gold_per_floor":[99,111,123,123,123,156,156,167,167,186,186,186,186,198,210,313,313,313,330,330,126,126,126,151,167,194,194,204,234,245,95,113,211,211,211,211,211,211],"floor_reached":36,"playtime":1569,"items_purged":["Slimebound:Split"],"score":475,"play_id":"16f66c54-85e9-4f4e-b84e-891af092977b","local_time":"20201229142524","is_ascension_mode":true,"campfire_choices":[{"data":"Slimebound:CorrosiveSpit","floor":1.0,"key":"SMITH"},{"data":"Slimebound:SpikyOuterGoop","floor":9.0,"key":"PURGE"},{"data":"Slimebound:Overexert","floor":11.0,"key":"SMITH"},{"data":"Slimebound:MegaLick","floor":13.0,"key":"SMITH"},{"data":"Slimebound:TongueLash","floor":18.0,"key":"PURGE"},{"floor":23,"key":"REST"}],"circlet_count":0,"master_deck":["Slimebound:Strike_Slimebound","Slimebound:Strike_Slimebound","Slimebound:Strike_Slimebound","Slimebound:Tackle","Slimebound:Defend_Slimebound","Slimebound:Defend_Slimebound","Slimebound:Defend_Slimebound","Slimebound:Defend_Slimebound","Slimebound:CorrosiveSpit+1","Slimebound:MegaLick+1","Slimebound:Overexert+1","Slimebound:RejuvenatingLick","Slimebound:Gluttony","Slimebound:Teamwork","Slimebound:Overexert","Ghostly","Slimebound:MassFeed"],"relics":["Slimebound:AbsorbEndCombat","Slimebound:ScrapOozeRelic","Slimebound:AggressiveSlimeRelic","Slimebound:PotencyRelic","Bronze Scales","Darkstone Periapt","GremlinMask","hubris:GrandSneckoEye","Enchiridion","Singing Bowl","Gremlin Horn","halation:LostSnail","Art of War","Nunchaku","infinitespire:BottledMercury","halation:Prosthetics"],"acts_visited":["Exordium","TheCity","TheBeyond"],"potions_floor_usage":[26,28,36],"damage_taken":[{"damage":12.0,"enemies":"Jaw Worm","floor":2.0,"turns":2.0},{"damage":8.0,"enemies":"2 Louse","floor":3.0,"turns":2.0},{"damage":15.0,"enemies":"Lagavulin","floor":6.0,"turns":5.0},{"damage":16.0,"enemies":"Small Slimes","floor":8.0,"turns":2.0},{"damage":28.0,"enemies":"Exordium Thugs","floor":10.0,"turns":3.0},{"damage":8.0,"enemies":"Blue Slaver","floor":14.0,"turns":2.0},{"damage":12.0,"enemies":"2 Fungi Beasts","floor":15.0,"turns":1.0},{"damage":31.0,"enemies":"downfall:Watcher","floor":16.0,"turns":5.0},{"damage":12.0,"enemies":"Spheric Guardian","floor":19.0,"turns":2.0},{"damage":25.0,"enemies":"downfall:FleeingMerchant","floor":21.0,"turns":4.0},{"damage":9,"enemies":"3 Byrds","floor":25,"turns":1},{"damage":8,"enemies":"Nightmare","floor":26,"turns":3},{"damage":8,"enemies":"Shelled Parasite and Fungi","floor":28,"turns":2},{"damage":12,"enemies":"Gremlin Leader","floor":29,"turns":4},{"damage":8,"enemies":"Snake Plant","floor":30,"turns":2},{"damage":17,"enemies":"conspire:HollyBat","floor":32,"turns":4},{"damage":13,"enemies":"downfall:Defect","floor":33,"turns":4}],"seed_played":"-5098304685863273672","potions_obtained":[{"floor":2.0,"key":"EssenceOfSteel"},{"floor":10.0,"key":"Slimebound:SlimedPotion"},{"floor":14.0,"key":"SkillPotion"},{"floor":15.0,"key":"Fire Potion"},{"floor":28,"key":"Dexterity Potion"},{"floor":29,"key":"Swift Potion"},{"floor":33,"key":"SteroidPotion"}],"is_trial":false,"path_per_floor":["R","M","M","?","?","E","T","M","R","M","R","?","R","M","M","B",null,"R","M","?","$","?","R","T","M","NM","?","M","E","M","?","M","B",null,"R","M"],"character_chosen":"SLIMEBOUND","items_purchased":["Gremlin Horn","halation:LostSnail","Slimebound:SlimedPotion","AttackPotion"],"campfire_rested":1,"item_purchase_floors":[21,21,21,21],"current_hp_per_floor":[60,58,60,60,45,50,50,46,46,32,32,32,32,34,38,29,60,60,60,44,39,44,60,60,61,64,64,66,66,68,68,67,70,35,35,0,0,0],"gold":211,"neow_bonus":"RANDOM_COMMON_RELIC","is_daily":false,"chose_seed":false,"campfire_upgraded":3,"win_rate":0.0,"timestamp":1609277124,"path_taken":["R","M","M","?","?","E","T","M","R","M","R","?","R","?","M","BOSS","R","M","?","$","?","R","T","?","NM","?","M","E","?","?","M","BOSS","R","M"],"items_purchased_type":["Relic","Relic","Potion","Potion"],"build_version":"2020-12-22","purchased_purges":1,"victory":false,"max_hp_per_floor":[60,60,60,60,60,60,60,60,60,60,60,60,60,60,60,60,60,60,60,60,60,60,60,60,62,64,64,66,66,68,68,70,70,35,35,35,35,35],"card_choices":[{"not_picked":["Slimebound:LeechEnergy","Slimebound:ComboTackle","Slimebound:SplitLeeching"],"picked":"SKIP","floor":2.0},{"not_picked":["Slimebound:ItLooksTasty","Slimebound:FinishingTackle"],"picked":"Slimebound:SpikyOuterGoop","floor":3.0},{"not_picked":["infinitespire:SealOfDarkness+","infinitespire:Execution"],"picked":"infinitespire:NeuralNetwork","floor":5.0},{"not_picked":["Slimebound:HungryTackle","Slimebound:SlimeBrawl"],"picked":"Slimebound:MegaLick","floor":6.0},{"not_picked":["Slimebound:LeechEnergy","Slimebound:SplitBruiser"],"picked":"Slimebound:Overexert","floor":8.0},{"not_picked":["Slimebound:SplitAcid","Slimebound:DivideAndConquer"],"picked":"Slimebound:TongueLash","floor":10.0},{"not_picked":["Slimebound:DivideAndConquer","Slimebound:PressTheAttack"],"picked":"Slimebound:RejuvenatingLick","floor":14.0},{"not_picked":["Slimebound:PressTheAttack","Slimebound:Schlurp"],"picked":"Slimebound:Gluttony","floor":15.0},{"not_picked":["Slimebound:Recycling","Slimebound:OozeBath"],"picked":"Slimebound:Teamwork","floor":16.0},{"not_picked":["Slimebound:SlimeTap","Slimebound:LeechEnergy+1","Slimebound:SplitBruiser"],"picked":"SKIP","floor":19.0},{"not_picked":["Slimebound:FormOfPuddle+1","Slimebound:SplitBruiser","Slimebound:ComboTackle"],"picked":"Singing Bowl","floor":25},{"not_picked":["Slimebound:SlimeTap","Slimebound:MegaLick","Slimebound:LeechEnergy"],"picked":"Singing Bowl","floor":26},{"not_picked":["Slimebound:SpikyOuterGoop","Slimebound:RejuvenatingLick","Slimebound:ViciousTackle"],"picked":"Singing Bowl","floor":28},{"not_picked":["Slimebound:SlimeBarrage+1","Slimebound:BestDefense"],"picked":"Slimebound:Overexert","floor":29},{"not_picked":["Slimebound:ComboTackle","Slimebound:LeechingTouch","Slimebound:FinishingTackle"],"picked":"Singing Bowl","floor":30},{"not_picked":["Slimebound:SlimeBrawl","Slimebound:SpikyOuterGoop","Slimebound:LeadByExample"],"picked":"Singing Bowl","floor":32},{"not_picked":["Slimebound:OneTwoCombo","Slimebound:TagTeam"],"picked":"Slimebound:MassFeed","floor":33}],"player_experience":121132,"relics_obtained":[{"floor":6.0,"key":"Bronze Scales"},{"floor":7.0,"key":"Darkstone Periapt"},{"floor":20.0,"key":"Enchiridion"},{"floor":24,"key":"Art of War"},{"floor":26,"key":"Nunchaku"},{"floor":29,"key":"infinitespire:BottledMercury"}],"event_choices":[{"damage_healed":0.0,"max_hp_gain":0.0,"max_hp_loss":0.0,"gold_gain":0.0,"event_name":"conspire:Investor","player_choice":"Leave","floor":4.0,"gold_loss":0.0,"damage_taken":0.0},{"damage_healed":0.0,"max_hp_gain":0.0,"max_hp_loss":0.0,"gold_gain":0.0,"event_name":"FaceTrader","player_choice":"Trade","floor":12.0,"gold_loss":0.0,"damage_taken":0.0,"relics_obtained":["GremlinMask"]},{"cards_removed":["infinitespire:NeuralNetwork"],"damage_healed":5,"gold_gain":0,"player_choice":"Offered Special","damage_taken":0,"max_hp_gain":0,"max_hp_loss":0,"event_name":"Bonfire Elementals","floor":22,"gold_loss":0}],"is_beta":false,"boss_relics":[{"not_picked":["Cursed Key","hubris:CrackedHourglass"],"picked":"hubris:GrandSneckoEye"},{"not_picked":["conspire:SlowCooker","Empty Cage"],"picked":"halation:Prosthetics"}],"items_purged_floors":[21],"is_endless":true,"potions_floor_spawned":[2,10,14,15,28,29,33],"killed_by":"3 Shapes","ascension_level":1}}