{"host":"867cnhxguf2bzj4x","time":1609282237,"event":{"mods":["BaseMod","Downfall","GifTheSpireLib","Minty Spire (QoL Compilation)","StSLib"],"gold_per_floor":[110,120,136,153,153,188,188,188,261,261,276,292,292,54,54,54,54],"floor_reached":16,"playtime":402,"items_purged":[],"score":107,"play_id":"5e6ff088-2c1b-4032-978c-1bd24deeb25b","local_time":"20201229235037","is_ascension_mode":true,"campfire_choices":[{"floor":8,"key":"REST"},{"floor":15,"key":"REST"}],"circlet_count":0,"master_deck":["Strike_R","Strike_R","Strike_R","Strike_R","Strike_R","Defend_R","Defend_R","Defend_R","Defend_R","Bash","Inflame","Rupture","Infernal Blade","Infernal Blade","Searing Blow+2"],"relics":["Burning Blood","NeowsBlessing","Golden Idol","Vajra","Molten Egg 2","Meat on the Bone","Bird Faced Urn","Toxic Egg 2"],"acts_visited":["Exordium"],"potions_floor_usage":[16,16],"damage_taken":[{"damage":0,"enemies":"Cultist","floor":1,"turns":1},{"damage":0,"enemies":"Small Slimes","floor":2,"turns":1},{"damage":0,"enemies":"Jaw Worm","floor":3,"turns":1},{"damage":20,"enemies":"3 Louse","floor":4,"turns":5},{"damage":36,"enemies":"Gremlin Nob","floor":6,"turns":5},{"damage":10,"enemies":"Exordium Wildlife","floor":11,"turns":5},{"damage":33,"enemies":"Exordium Thugs","floor":12,"turns":5},{"damage":65,"enemies":"The Guardian","floor":16,"turns":8}],"seed_played":"8835866590442550526","potions_obtained":[{"floor":3,"key":"Explosive Potion"},{"floor":4,"key":"LiquidBronze"}],"is_trial":false,"path_per_floor":["M","M","M","M","?","E","T","R","T","?","M","M","?","$","R","B"],"character_chosen":"IRONCLAD","items_purchased":["Toxic Egg 2"],"campfire_rested":2,"item_purchase_floors":[14],"current_hp_per_floor":[80,80,80,66,46,16,16,40,40,37,47,34,34,34,58,0,0],"gold":54,"neow_bonus":"THREE_ENEMY_KILL","is_daily":false,"chose_seed":false,"campfire_upgraded":0,"win_rate":0.0,"timestamp":1609282237,"path_taken":["M","M","?","M","?","E","?","R","T","?","?","M","?","?","R","BOSS"],"items_purchased_type":["Relic"],"build_version":"2020-12-22","purchased_purges":0,"victory":false,"max_hp_per_floor":[80,80,80,80,80,80,80,80,80,80,80,80,80,80,80,80,80],"card_choices":[{"not_picked":["Wild Strike","Cleave"],"picked":"Inflame","floor":1},{"not_picked":["Iron Wave","Clothesline","Anger"],"picked":"SKIP","floor":2},{"not_picked":["Dropkick","Body Slam"],"picked":"Rupture","floor":3},{"not_picked":["Pommel Strike","Feel No Pain"],"picked":"Infernal Blade","floor":4},{"not_picked":["Headbutt","Juggernaut","Disarm"],"picked":"SKIP","floor":6},{"not_picked":["Thunderclap+1","Carnage+1"],"picked":"Infernal Blade","floor":11},{"not_picked":["Carnage+1","Wild Strike+1"],"picked":"Searing Blow+1","floor":12}],"player_experience":63804,"relics_obtained":[{"floor":6,"key":"Vajra"},{"floor":7,"key":"Molten Egg 2"},{"floor":9,"key":"Meat on the Bone"}],"event_choices":[{"damage_healed":0,"gold_gain":0,"player_choice":"Take Damage","damage_taken":20,"relics_obtained":["Golden Idol"],"max_hp_gain":0,"max_hp_loss":0,"event_name":"Golden Idol","floor":5,"gold_loss":0},{"damage_healed":0,"gold_gain":0,"player_choice":"Success","damage_taken":3,"relics_obtained":["Bird Faced Urn"],"max_hp_gain":0,"max_hp_loss":0,"event_name":"Scrap Ooze","floor":10,"gold_loss":0},{"damage_healed":0,"gold_gain":0,"player_choice":"Grow","damage_taken":0,"max_hp_gain":0,"max_hp_loss":0,"event_name":"Living Wall","floor":13,"gold_loss":0,"cards_upgraded":["Searing Blow"]}],"is_beta":false,"boss_relics":[],"items_purged_floors":[],"is_endless":false,"potions_floor_spawned":[3,4],"killed_by":"The Guardian","ascension_level":1}}