{"host":"4dbgro9q4v1tkbhe","time":1609232508,"event":{"mods":["BaseMod","Minty Spire (QoL Compilation)","Quick Restart","Replay The Spire","StSLib"],"gold_per_floor":[114,114,114,189,189,218,218,228,228,228,245,256,271,271,271,271,271],"floor_reached":16,"playtime":619,"items_purged":[],"score":300,"play_id":"c5ff4528-6169-42b4-b90b-0c5b93512807","local_time":"20201229170148","is_ascension_mode":true,"campfire_choices":[{"floor":7.0,"key":"REST"},{"data":"Bash","floor":10.0,"key":"SMITH"},{"floor":15.0,"key":"REST"}],"circlet_count":0,"master_deck":["AscendersBane","Strike_R","Strike_R","Strike_R","Strike_R","Defend_R","Defend_R","Defend_R","Defend_R+1","Bash+1","Seeing Red","Rupture"],"relics":["Burning Blood","Bag of Marbles","Vajra"],"acts_visited":["Exordium"],"potions_floor_usage":[16,16],"damage_taken":[{"damage":5.0,"enemies":"Small Slimes","floor":1.0,"turns":4.0},{"damage":28.0,"enemies":"3 Sentries","floor":6.0,"turns":12.0},{"damage":3.0,"enemies":"2 Louse","floor":8.0,"turns":4.0},{"damage":4.0,"enemies":"Jaw Worm","floor":11.0,"turns":2.0},{"damage":29.0,"enemies":"Lots of Slimes","floor":12.0,"turns":6.0},{"damage":1.0,"enemies":"2 Fungi Beasts","floor":13.0,"turns":5.0},{"damage":32,"enemies":"Fading Forest","floor":16,"turns":7}],"seed_played":"4677855418319145524","potions_obtained":[{"floor":1.0,"key":"BlessingOfTheForge"},{"floor":11.0,"key":"Fire Potion"},{"floor":12.0,"key":"Explosive Potion"}],"is_trial":true,"path_per_floor":["M","?","?","?","$","E","R","M","T","R","M","M","M","?","R","B"],"character_chosen":"IRONCLAD","items_purchased":[],"campfire_rested":2,"item_purchase_floors":[],"current_hp_per_floor":[69,62,62,51,51,29,51,54,54,54,56,33,38,38,60,28,28],"gold":271,"neow_bonus":"","is_daily":false,"chose_seed":false,"campfire_upgraded":1,"win_rate":0.0,"timestamp":1609232508,"path_taken":["M","?","?","?","?","E","R","M","T","R","M","M","?","?","R","BOSS"],"items_purchased_type":[],"build_version":"2020-12-22","purchased_purges":0,"victory":false,"max_hp_per_floor":[75,75,75,75,75,75,75,75,75,75,75,75,75,75,75,75,75],"card_choices":[{"not_picked":["Battle Trance","True Grit"],"picked":"Seeing Red","floor":1.0},{"not_picked":["Inflame","Headbutt","Warcry"],"picked":"SKIP","floor":6.0},{"not_picked":["Cleave","Sentinel","Shrug It Off"],"picked":"SKIP","floor":8.0},{"not_picked":["Clash","Pommel Strike","ReplayTheSpireMod:LeadingStrike"],"picked":"SKIP","floor":11.0},{"not_picked":["Pommel Strike","Iron Wave","Heavy Blade"],"picked":"SKIP","floor":12.0},{"not_picked":["Iron Wave","Uppercut"],"picked":"Rupture","floor":13.0}],"player_experience":286564,"relics_obtained":[{"floor":6.0,"key":"Bag of Marbles"},{"floor":9.0,"key":"Vajra"}],"event_choices":[{"cards_removed":["Strike_R"],"damage_healed":0.0,"max_hp_gain":0.0,"max_hp_loss":0.0,"gold_gain":0.0,"event_name":"Golden Wing","player_choice":"Card Removal","floor":2.0,"gold_loss":0.0,"damage_taken":7.0},{"damage_healed":0.0,"max_hp_gain":0.0,"max_hp_loss":0.0,"gold_gain":75.0,"event_name":"World of Goop","player_choice":"Gather Gold","floor":4.0,"gold_loss":0.0,"damage_taken":11.0},{"damage_healed":0.0,"max_hp_gain":0.0,"max_hp_loss":0.0,"gold_gain":0.0,"event_name":"FaceTrader","player_choice":"Leave","floor":14.0,"gold_loss":0.0,"damage_taken":0.0}],"is_beta":false,"boss_relics":[],"items_purged_floors":[],"is_endless":true,"potions_floor_spawned":[1,11,12],"killed_by":"Fading Forest","ascension_level":20}}