{"host":"2yqfi47fogfu1ic4","time":1609261822,"event":{"mods":["AchievementEnabler","BaseMod","Colored Map","Colored Powertips","Highlight Path","Minty Spire (QoL Compilation)","Permanent Neow","Relic Stats","StSLib"],"gold_per_floor":[117,127,202,16,34,34,368,388,388,406,406,423,443,507,507,507,507],"floor_reached":16,"playtime":1472,"items_purged":[],"score":208,"play_id":"5551385f-5e5b-461f-807b-3d09d692ea2c","local_time":"20201229181022","is_ascension_mode":true,"campfire_choices":[{"floor":6.0,"key":"DIG"},{"floor":11,"key":"DIG"},{"floor":15,"key":"REST"}],"circlet_count":0,"master_deck":["AscendersBane","Strike_G","Strike_G","Strike_G","Strike_G","Strike_G","Defend_G","Defend_G","Defend_G","Defend_G","Defend_G","Survivor","Neutralize","Skewer","Backstab","Slice","Bouncing Flask","Tools of the Trade","Catalyst","Backflip","After Image","Leg Sweep","Heel Hook"],"relics":["Ring of the Snake","Shovel","Nunchaku","Boot","Old Coin","Gremlin Horn","Question Card","Dream Catcher"],"acts_visited":["Exordium"],"potions_floor_usage":[14,14],"damage_taken":[{"damage":1.0,"enemies":"2 Louse","floor":1.0,"turns":5.0},{"damage":1.0,"enemies":"Small Slimes","floor":2.0,"turns":3.0},{"damage":1.0,"enemies":"Jaw Worm","floor":5.0,"turns":4.0},{"damage":8.0,"enemies":"Gremlin Nob","floor":7.0,"turns":3.0},{"damage":4.0,"enemies":"2 Fungi Beasts","floor":8.0,"turns":4.0},{"damage":3,"enemies":"Gremlin Gang","floor":10,"turns":6},{"damage":4,"enemies":"Blue Slaver","floor":12,"turns":3},{"damage":4,"enemies":"Large Slime","floor":13,"turns":6},{"damage":20,"enemies":"Lagavulin Event","floor":14,"turns":5},{"damage":20,"enemies":"Hexaghost","floor":16,"turns":11}],"seed_played":"5590907188717062565","potions_obtained":[{"floor":1.0,"key":"Swift Potion"},{"floor":10,"key":"LiquidMemories"},{"floor":13,"key":"ColorlessPotion"}],"is_trial":false,"path_per_floor":["M","M","?","$","M","R","E","M","T","M","R","M","M","?","R","B"],"character_chosen":"THE_SILENT","items_purchased":["Nunchaku","Slice"],"campfire_rested":1,"item_purchase_floors":[4,4],"current_hp_per_floor":[58,57,46,46,45,45,37,33,33,30,30,26,22,2,20,0,0],"gold":507,"neow_bonus":"ONE_RARE_RELIC","is_daily":false,"chose_seed":false,"campfire_upgraded":0,"win_rate":0.0,"timestamp":1609261822,"path_taken":["M","M","?","$","M","R","E","M","T","M","R","M","M","?","R","BOSS"],"items_purchased_type":["Relic","Card"],"build_version":"2020-12-22","purchased_purges":0,"victory":false,"max_hp_per_floor":[60,60,60,60,60,60,60,60,60,60,60,60,60,60,60,60,60],"relic_stats":{"Nunchaku":[8],"Dream Catcher":1,"Shovel":2,"Gremlin Horn":[4,4],"counters":[10,50],"Boot":[48],"Question Card":4,"obtain_stats":[{"Nunchaku":4,"Dream Catcher":14,"Shovel":0,"Gremlin Horn":9,"Boot":6,"Question Card":11,"Ring of the Snake":0,"Old Coin":7},{"Nunchaku":2,"Dream Catcher":9,"Shovel":0,"Gremlin Horn":5,"Boot":3,"Question Card":6,"Ring of the Snake":0,"Old Coin":4},{"Nunchaku":8,"Dream Catcher":39,"Shovel":0,"Gremlin Horn":19,"Boot":12,"Question Card":25,"Ring of the Snake":0,"Old Coin":15}],"Ring of the Snake":[20]},"card_choices":[{"not_picked":["Reflex","Footwork"],"picked":"Skewer","floor":1.0},{"not_picked":["Expertise","Underhanded Strike"],"picked":"Backstab","floor":2.0},{"not_picked":["Setup","Slice"],"picked":"Bouncing Flask","floor":5.0},{"not_picked":["Reflex","Outmaneuver"],"picked":"Tools of the Trade","floor":7.0},{"not_picked":["Sucker Punch","Crippling Poison"],"picked":"Catalyst","floor":8.0},{"not_picked":["Deflect","Setup"],"picked":"Backflip","floor":10},{"not_picked":["Cloak And Dagger","Blade Dance","Dodge and Roll"],"picked":"After Image","floor":12},{"not_picked":["Flying Knee","Infinite Blades","Predator","Skewer"],"picked":"SKIP","floor":13},{"not_picked":["Skewer","Cloak And Dagger","PiercingWail"],"picked":"Leg Sweep","floor":14},{"not_picked":["Concentrate","Dagger Throw","Sucker Punch"],"picked":"Heel Hook","floor":15}],"player_experience":1942647,"relics_obtained":[{"floor":6.0,"key":"Boot"},{"floor":7.0,"key":"Old Coin"},{"floor":9.0,"key":"Gremlin Horn"},{"floor":11,"key":"Question Card"},{"floor":14,"key":"Dream Catcher"}],"event_choices":[{"damage_healed":0.0,"max_hp_gain":0.0,"max_hp_loss":0.0,"gold_gain":75.0,"event_name":"World of Goop","player_choice":"Gather Gold","floor":3.0,"gold_loss":0.0,"damage_taken":11.0},{"damage_healed":0,"gold_gain":0,"player_choice":"Searched \u00271\u0027 times","damage_taken":0,"max_hp_gain":0,"max_hp_loss":0,"event_name":"Dead Adventurer","floor":14,"gold_loss":0}],"is_beta":false,"boss_relics":[],"items_purged_floors":[],"is_endless":false,"potions_floor_spawned":[1,10,13],"killed_by":"Hexaghost","ascension_level":20}}