{"host":"28bpuzdckreop5i0","time":1609201579,"event":{"mods":["Act Like it!","Aspiration","BaseMod","Beaked The Cultist","Best Route Mod","BetterRewards","Challenge The Spire","Conspire","Defuse TimeMaze Blight","Downfall","Energized Spire","GifTheSpireLib","Googly Eyes","Hubris","Infinite Spire","Lobotomy","Mimic Mod","Minty Spire (QoL Compilation)","Relic Stats","Shop Mod","Spicy Shops","StSLib","Stuff the Spire","The Awakened One except there are too many feathers","The Construct","The Cursed","The Disciple","The Hierophant","The IronCluck","The Jungle","Thieving Mod","Transform Curses","Wandering Minibosses","slay the spire mod where everything is the same but ironclad has a cowboy hat"],"gold_per_floor":[111,121,121,172,24,24,38,61,61,73,73,83,83,98,98,202,202,220,319,337,337,337],"floor_reached":21,"playtime":806,"items_purged":[],"score":171,"play_id":"773b96bb-ea4b-4e8a-b0d3-90f92b0cfa63","local_time":"20201228182619","is_ascension_mode":false,"campfire_choices":[{"data":"construct:AttackMode","floor":6,"key":"SMITH"},{"data":"construct:UnbalancingBlast","floor":15,"key":"SMITH"}],"circlet_count":0,"master_deck":["construct:Strike_Gold","construct:Strike_Gold","construct:Strike_Gold","construct:Strike_Gold","construct:Strike_Gold","construct:Defend_Gold","construct:Defend_Gold","construct:Defend_Gold","construct:Defend_Gold","construct:Defend_Gold","construct:AttackMode+1","construct:DefenseMode","construct:Accumulate","construct:UnbalancingBlast+1","construct:SiegeForm","construct:Accumulate"],"relics":["hierophant:PropheticMaskRelic","Singing Bowl","MerchantsRug","construct:MasterCore","aspiration:ChemicalBlood","aspiration:ArtOfWarUpgrade","StuffTheSpire:RunicHypercube"],"acts_visited":["Exordium","TheCity"],"potions_floor_usage":[20,20,21],"damage_taken":[{"damage":0,"enemies":"Cultist","floor":1,"turns":4},{"damage":4,"enemies":"Jaw Worm","floor":2,"turns":3},{"damage":0,"enemies":"conspire:RoseBush","floor":7,"turns":3},{"damage":10,"enemies":"Looter","floor":10,"turns":2},{"damage":18,"enemies":"Gremlin Gang","floor":12,"turns":3},{"damage":0,"enemies":"Large Slime","floor":14,"turns":3},{"damage":37,"enemies":"Hexaghost","floor":16,"turns":8},{"damage":73,"enemies":"conspire:FuzzyDice","floor":18,"turns":8},{"damage":0,"enemies":"Chosen","floor":20,"turns":3},{"damage":24,"enemies":"Shelled Parasite and Fungi","floor":21,"turns":3}],"seed_played":"-8409597946200255905","potions_obtained":[{"floor":1,"key":"Dexterity Potion"},{"floor":2,"key":"PowerPotion"},{"floor":7,"key":"AttackPotion"},{"floor":10,"key":"hexamod:EctoCoolerPotion"},{"floor":20,"key":"Fire Potion"}],"is_trial":false,"path_per_floor":["M","M","T","?","$","R","M","T","T","M","R","M","R","M","R","B",null,"M","?","M","M"],"character_chosen":"THE_CONSTRUCT_MOD","items_purchased":["MerchantsRug","construct:MasterCore"],"campfire_rested":0,"item_purchase_floors":[5,5],"current_hp_per_floor":[85,81,81,81,81,81,81,81,81,73,73,57,57,59,59,22,91,18,18,20,0,0],"gold":337,"neow_bonus":"NOSTALGIA","is_daily":false,"chose_seed":false,"campfire_upgraded":2,"win_rate":0.0,"timestamp":1609201579,"path_taken":["M","M","?","?","$","R","?","?","T","M","R","M","R","M","R","BOSS","M","?","M","M"],"items_purchased_type":["Relic","Relic"],"build_version":"2020-12-22","purchased_purges":0,"victory":false,"max_hp_per_floor":[85,85,85,85,85,85,85,85,85,87,87,89,89,91,91,91,91,91,91,93,93,93],"relic_stats":{"Singing Bowl":8,"counters":[10,40],"obtain_stats":[{"MerchantsRug":5,"Singing Bowl":3,"StuffTheSpire:RunicHypercube":17,"aspiration:Nostalgia":0,"construct:Cogwheel":0,"hierophant:PropheticMaskRelic":0,"aspiration:ArtOfWarUpgrade":13,"Art of War":9,"construct:MasterCore":5,"aspiration:ChemicalBlood":8},{"MerchantsRug":2,"Singing Bowl":2,"StuffTheSpire:RunicHypercube":7,"aspiration:Nostalgia":0,"construct:Cogwheel":0,"hierophant:PropheticMaskRelic":0,"aspiration:ArtOfWarUpgrade":5,"Art of War":3,"construct:MasterCore":2,"aspiration:ChemicalBlood":3},{"MerchantsRug":7,"Singing Bowl":7,"StuffTheSpire:RunicHypercube":26,"aspiration:Nostalgia":0,"construct:Cogwheel":0,"hierophant:PropheticMaskRelic":0,"aspiration:ArtOfWarUpgrade":15,"Art of War":10,"construct:MasterCore":7,"aspiration:ChemicalBlood":10}]},"card_choices":[{"not_picked":["construct:Electrocute","construct:SyphonStrike"],"picked":"construct:Accumulate","floor":1},{"not_picked":["construct:FocusedBeam","construct:HardReboot","construct:SaveState"],"picked":"SKIP","floor":2},{"not_picked":["construct:Forcefield","construct:ClusterMines"],"picked":"construct:UnbalancingBlast","floor":7},{"not_picked":["construct:FlakBarrage","construct:SaveState","construct:SweepLaser"],"picked":"Singing Bowl","floor":10},{"not_picked":["construct:PowerUp","construct:ClusterMines","construct:Chainstrike"],"picked":"Singing Bowl","floor":12},{"not_picked":["construct:Backfire","construct:HeavyBolt","construct:Chainstrike"],"picked":"Singing Bowl","floor":14},{"not_picked":["construct:BatteryCore","construct:Bunker"],"picked":"construct:SiegeForm","floor":16},{"not_picked":["construct:Stasis","construct:Isolate+1"],"picked":"construct:Accumulate","floor":18},{"not_picked":["construct:Overcharge","construct:Synchronize","construct:FierceBash"],"picked":"Singing Bowl","floor":20}],"player_experience":907674,"relics_obtained":[{"floor":3,"key":"Singing Bowl"},{"floor":8,"key":"aspiration:ChemicalBlood"},{"floor":9,"key":"Art of War"}],"event_choices":[{"damage_healed":0,"gold_gain":51,"player_choice":"Gained Gold","damage_taken":0,"max_hp_gain":0,"max_hp_loss":0,"event_name":"Golden Wing","floor":4,"gold_loss":0},{"damage_healed":0,"gold_gain":99,"player_choice":"Stole From Cult","damage_taken":0,"max_hp_gain":0,"max_hp_loss":0,"event_name":"Nest","floor":19,"gold_loss":0}],"is_beta":false,"boss_relics":[{"not_picked":["Ectoplasm","Velvet Choker"],"picked":"StuffTheSpire:RunicHypercube"}],"items_purged_floors":[],"is_endless":false,"potions_floor_spawned":[1,2,7,10,16,18,20],"killed_by":"Shelled Parasite and Fungi","ascension_level":0}}