{"host":"m6aaltr68g9tvoay","time":1609209202,"event":{"mods":["AchievementEnabler","BaseMod","Colored Map","Minty Spire (QoL Compilation)","StSLib"],"gold_per_floor":[115,115,1,51,68,68,81,92,92,92,109,133,147,174,174,249,249,266,7,57,77,77,77,111,0,0,0,0,0],"floor_reached":28,"playtime":670,"items_purged":["Strike_R"],"score":448,"play_id":"f37b23b7-3eb1-48cd-895e-c1cd7638d5f9","local_time":"20201228183322","is_ascension_mode":true,"campfire_choices":[{"floor":6.0,"key":"REST"},{"floor":10.0,"key":"REST"},{"floor":15.0,"key":"REST"},{"floor":23,"key":"REST"}],"circlet_count":0,"master_deck":["AscendersBane","Strike_R","Strike_R","Strike_R","Strike_R","Defend_R","Defend_R","Defend_R","Defend_R","Bash+1","Pummel","Combust+1","Iron Wave","Whirlwind","Rampage","Fiend Fire","Bludgeon","CurseOfTheBell","Seeing Red","Sadistic Nature+1","Armaments","Clothesline+1","Feel No Pain+1"],"relics":["Burning Blood","Frozen Egg 2","Darkstone Periapt","Smiling Mask","Matryoshka","Calling Bell","Strawberry","Letter Opener","Incense Burner","PreservedInsect","Nunchaku","Question Card","MutagenicStrength"],"acts_visited":["Exordium","TheCity"],"potions_floor_usage":[16],"damage_taken":[{"damage":15.0,"enemies":"Small Slimes","floor":1.0,"turns":3.0},{"damage":15.0,"enemies":"2 Louse","floor":5.0,"turns":3.0},{"damage":8.0,"enemies":"Cultist","floor":7.0,"turns":3.0},{"damage":17.0,"enemies":"Exordium Wildlife","floor":8.0,"turns":3.0},{"damage":5.0,"enemies":"2 Fungi Beasts","floor":11.0,"turns":3.0},{"damage":24.0,"enemies":"Large Slime","floor":13.0,"turns":4.0},{"damage":29.0,"enemies":"3 Sentries","floor":14.0,"turns":4.0},{"damage":49,"enemies":"Slime Boss","floor":16,"turns":10},{"damage":47,"enemies":"3 Byrds","floor":18,"turns":5},{"damage":24,"enemies":"2 Thieves","floor":21,"turns":4},{"damage":76,"enemies":"Slavers","floor":24,"turns":6},{"damage":35,"enemies":"Shelled Parasite and Fungi","floor":28,"turns":2}],"seed_played":"-1316508843123291355","potions_obtained":[{"floor":1.0,"key":"ColorlessPotion"},{"floor":7.0,"key":"Energy Potion"},{"floor":13.0,"key":"SneckoOil"},{"floor":14.0,"key":"SpeedPotion"},{"floor":18,"key":"FairyPotion"}],"is_trial":false,"path_per_floor":["M","?","$","?","M","R","M","M","T","R","M","T","M","E","R","B",null,"M","$","?","M","?","R","E","?","T","?","M"],"character_chosen":"IRONCLAD","items_purchased":["FairyPotion","Sadistic Nature+1","Armaments"],"campfire_rested":4,"item_purchase_floors":[3,19,19],"current_hp_per_floor":[59,33,33,33,24,46,44,33,33,55,56,56,38,15,37,27,76,35,35,35,17,35,61,32,32,32,32,0,0],"gold":0,"neow_bonus":"UPGRADE_CARD","is_daily":false,"chose_seed":false,"campfire_upgraded":0,"win_rate":0.0,"timestamp":1609209202,"path_taken":["M","?","$","?","M","R","M","M","T","R","?","?","M","E","R","BOSS","M","$","?","M","?","R","E","?","T","?","?"],"items_purchased_type":["Potion","Card","Card"],"build_version":"2020-12-22","purchased_purges":1,"victory":false,"max_hp_per_floor":[75,75,75,75,75,75,75,75,75,75,75,75,75,75,75,75,88,88,88,88,88,88,88,88,88,88,88,88,88],"card_choices":[{"not_picked":["Armaments","True Grit"],"picked":"Pummel","floor":1.0},{"not_picked":["Perfected Strike","Pummel"],"picked":"Combust+1","floor":5.0},{"not_picked":["Bloodletting","Warcry","Havoc"],"picked":"SKIP","floor":7.0},{"not_picked":["Twin Strike","Body Slam"],"picked":"Iron Wave","floor":8.0},{"not_picked":["Reckless Charge","Disarm"],"picked":"Whirlwind","floor":11.0},{"not_picked":["Wild Strike","Anger"],"picked":"Rampage","floor":13.0},{"not_picked":["Thunderclap","Armaments"],"picked":"Fiend Fire","floor":14.0},{"not_picked":["Berserk+1","Exhume"],"picked":"Bludgeon","floor":16},{"not_picked":["Clash","Inflame+1"],"picked":"Seeing Red","floor":18},{"not_picked":["Pommel Strike","Flex"],"picked":"Clothesline+1","floor":21},{"not_picked":["Juggernaut+1","Flex"],"picked":"Feel No Pain+1","floor":24}],"player_experience":1314624,"relics_obtained":[{"floor":9.0,"key":"Darkstone Periapt"},{"floor":12.0,"key":"Smiling Mask"},{"floor":14.0,"key":"Matryoshka"},{"floor":17,"key":"Strawberry"},{"floor":17,"key":"Letter Opener"},{"floor":17,"key":"Incense Burner"},{"floor":24,"key":"PreservedInsect"},{"floor":26,"key":"Nunchaku"},{"floor":26,"key":"Question Card"}],"event_choices":[{"damage_healed":0.0,"max_hp_gain":0.0,"max_hp_loss":0.0,"gold_gain":0.0,"event_name":"Scrap Ooze","player_choice":"Success","floor":2.0,"gold_loss":0.0,"damage_taken":26.0,"relics_obtained":["Frozen Egg 2"]},{"damage_healed":0.0,"max_hp_gain":0.0,"max_hp_loss":0.0,"gold_gain":50.0,"event_name":"Golden Shrine","player_choice":"Pray","floor":4.0,"gold_loss":0.0,"damage_taken":0.0},{"damage_healed":0,"gold_gain":50,"player_choice":"Stole From Cult","damage_taken":0,"max_hp_gain":0,"max_hp_loss":0,"event_name":"Nest","floor":20,"gold_loss":0},{"damage_healed":18,"gold_gain":0,"player_choice":"Heal","damage_taken":0,"max_hp_gain":0,"max_hp_loss":0,"event_name":"The Library","floor":22,"gold_loss":0},{"damage_healed":0,"gold_gain":0,"player_choice":"Paid Fearfully","damage_taken":0,"max_hp_gain":0,"max_hp_loss":0,"event_name":"Masked Bandits","floor":25,"gold_loss":111},{"damage_healed":0,"gold_gain":0,"player_choice":"Inject Mutagens","damage_taken":0,"relics_obtained":["MutagenicStrength"],"max_hp_gain":0,"max_hp_loss":0,"event_name":"Drug Dealer","floor":27,"gold_loss":0}],"is_beta":false,"boss_relics":[{"not_picked":["Black Star","Empty Cage"],"picked":"Calling Bell"}],"items_purged_floors":[19],"is_endless":false,"potions_floor_spawned":[1,7,11,13,14,18],"killed_by":"Shelled Parasite and Fungi","ascension_level":18}}