{"host":"963ykkbusvcbqwtq","time":1609256682,"event":{"mods":["2.2 Compatiblity","AchievementEnabler","Arknights The Spire","BaseMod","Colored Map","GifTheSpireLib","GungeonMod","Lobotomy","Luminous","Minty Spire (QoL Compilation)","StSLib","SuperFastMode","The Bug Knight"],"gold_per_floor":[114,114,128,144,1,1,76,135,135,152,152,28,53,69,69,174,174,189,208,208,208],"floor_reached":20,"playtime":845,"items_purged":["Pain","HollowMod:NailStrikeStart"],"score":174,"play_id":"427624b5-5e5b-4b8e-bb85-6b7f1de47f37","local_time":"20201230004442","is_ascension_mode":false,"campfire_choices":[{"data":"HollowMod:ShapeofUnn","floor":6.0,"key":"SMITH"},{"data":"HollowMod:FocusHealStart","floor":11.0,"key":"SMITH"},{"data":"HollowMod:CycloneSlash","floor":15,"key":"SMITH"}],"circlet_count":0,"master_deck":["HollowMod:QuickDashStart","HollowMod:QuickDashStart","HollowMod:QuickDashStart","HollowMod:QuickDashStart","HollowMod:FocusHealStart+1","HollowMod:PogoStrike","HollowMod:SoulVessel","HollowMod:BaldurShell","HollowMod:NewLittleFool","HollowMod:ShapeofUnn+1","HollowMod:ShapeofUnn","HollowMod:NewLittleFool","HollowMod:CloakDash","CrumblingArmor","HollowMod:MonarchWings","HollowMod:CycloneSlash+1","HollowMod:ZotesMagnificence","HollowMod:MothsMistake+1","HollowMod:LifebloodCocoon+1","HollowMod:MonarchWings+1","HollowMod:CornifersMapStart"],"relics":["HollowMod:VesselMask","CogitoBucket","WarpedTongs","DemoMod:MonsterBlood","White Beast Statue","DemoMod:PoisonVial","TreeSap","Astrolabe"],"acts_visited":["Exordium","TheCity"],"potions_floor_usage":[],"damage_taken":[{"damage":3.0,"enemies":"Small Slimes","floor":1.0,"turns":3.0},{"damage":9.0,"enemies":"Cultist","floor":3.0,"turns":4.0},{"damage":9.0,"enemies":"2 Louse","floor":4.0,"turns":3.0},{"damage":32.0,"enemies":"3 Sentries","floor":8.0,"turns":7.0},{"damage":24.0,"enemies":"2 Fungi Beasts","floor":10.0,"turns":4.0},{"damage":38.0,"enemies":"Lagavulin","floor":13.0,"turns":8.0},{"damage":9,"enemies":"Lots of Slimes","floor":14,"turns":10},{"damage":43,"enemies":"Slime Boss","floor":16,"turns":11},{"damage":10,"enemies":"3 Byrds","floor":18,"turns":3},{"damage":46,"enemies":"Spheric Guardian","floor":19,"turns":6},{"damage":0,"enemies":"Cultist and Chosen","floor":20,"turns":1}],"seed_played":"2082667074688895683","potions_obtained":[{"floor":1.0,"key":"FearPotion"},{"floor":4.0,"key":"Explosive Potion"},{"floor":10.0,"key":"Swift Potion"},{"floor":16,"key":"FearPotion"},{"floor":18,"key":"Energy Potion"}],"is_trial":false,"path_per_floor":["M","?","M","M","$","R","?","?","T","M","R","$","E","M","R","B",null,"M","M","M"],"character_chosen":"THE_BUGKNIGHT","items_purchased":["HollowMod:ShapeofUnn","HollowMod:CloakDash"],"campfire_rested":0,"item_purchase_floors":[5,12],"current_hp_per_floor":[75,75,72,69,69,69,58,45,45,31,31,31,5,8,8,67,67,57,23,23,23],"gold":208,"neow_bonus":"","is_daily":false,"chose_seed":false,"campfire_upgraded":3,"win_rate":0.0,"timestamp":1609256682,"path_taken":["M","?","M","M","$","R","?","?","T","M","R","$","E","M","R","BOSS","M","M","?"],"items_purchased_type":["Card","Card"],"build_version":"2020-12-22","purchased_purges":2,"victory":false,"max_hp_per_floor":[75,75,75,75,75,75,75,82,82,82,82,82,82,82,82,67,67,67,67,67,67],"card_choices":[{"not_picked":["HollowMod:HowlingWraiths","HollowMod:SiblingsSouls"],"picked":"HollowMod:SoulVessel","floor":1.0},{"not_picked":["HollowMod:CycloneSlash","HollowMod:LifebloodCocoon"],"picked":"HollowMod:BaldurShell","floor":3.0},{"not_picked":["HollowMod:HeavyBlow","HollowMod:QuirrelsAssistance"],"picked":"HollowMod:NewLittleFool","floor":4.0},{"not_picked":["HollowMod:VengefulVoid","HollowMod:SoulStrike"],"picked":"HollowMod:ShapeofUnn","floor":8.0},{"not_picked":["HollowMod:SharpenedShadows","HollowMod:ShapeofUnn"],"picked":"HollowMod:NewLittleFool","floor":10.0},{"not_picked":["VoidDream","BeautyBeast"],"picked":"CrumblingArmor","floor":13.0},{"not_picked":["HollowMod:SoulShaman","HollowMod:NewLittleFool"],"picked":"HollowMod:MonarchWings","floor":13.0},{"not_picked":["HollowMod:SoulSplash","HollowMod:LifebloodCocoon"],"picked":"HollowMod:CycloneSlash","floor":14},{"not_picked":["HollowMod:Hiveblood","HollowMod:AwokenDreamNail"],"picked":"HollowMod:ZotesMagnificence","floor":16},{"not_picked":["HollowMod:TaintedHusks","HollowMod:NewLittleFool"],"picked":"HollowMod:CornifersMapStart","floor":18},{"not_picked":["HollowMod:CornifersMapStart","HollowMod:GoodIntentions+1","HollowMod:CrystalDash+1"],"picked":"SKIP","floor":19}],"player_experience":198452,"relics_obtained":[{"floor":8.0,"key":"DemoMod:MonsterBlood"},{"floor":9.0,"key":"White Beast Statue"},{"floor":13.0,"key":"DemoMod:PoisonVial"}],"event_choices":[{"damage_healed":0.0,"max_hp_gain":0.0,"max_hp_loss":0.0,"gold_gain":0.0,"event_name":"Accursed Blacksmith","player_choice":"Rummage","floor":2.0,"gold_loss":0.0,"damage_taken":0.0,"relics_obtained":["WarpedTongs"],"cards_obtained":["Pain"]},{"damage_healed":0.0,"max_hp_gain":0.0,"max_hp_loss":0.0,"gold_gain":75.0,"event_name":"World of Goop","player_choice":"Gather Gold","floor":7.0,"gold_loss":0.0,"damage_taken":11.0},{"damage_healed":0.0,"max_hp_gain":0.0,"max_hp_loss":0.0,"gold_gain":0.0,"event_name":"Dead Adventurer","player_choice":"Searched \u00271\u0027 times","floor":8.0,"gold_loss":0.0,"damage_taken":0.0}],"is_beta":false,"boss_relics":[{"not_picked":["Calling Bell","Empty Cage"],"picked":"Astrolabe"}],"items_purged_floors":[5,12],"is_endless":false,"potions_floor_spawned":[1,4,10,16,18,19],"killed_by":"Cultist and Chosen","ascension_level":0}}