{"host":"a5lz0e76zb3fcwkm","time":1609250095,"event":{"mods":["AchievementEnabler","BaseMod","Colored Map","Colored Powertips","Minty Spire (QoL Compilation)","StSLib","SuperFastMode"],"gold_per_floor":[110,126,126,126,142,142,170,41,41,74,89,89,49,69,69,69,69],"floor_reached":16,"playtime":503,"items_purged":["Defend_G"],"score":220,"play_id":"a2da2bc3-992a-43a4-b45b-6abd73082568","local_time":"20201229225455","is_ascension_mode":true,"campfire_choices":[{"data":"Deadly Poison","floor":6,"key":"SMITH"},{"data":"Crippling Poison","floor":12,"key":"SMITH"},{"data":"Noxious Fumes","floor":15,"key":"SMITH"}],"circlet_count":0,"master_deck":["AscendersBane","Strike_G","Strike_G","Strike_G","Strike_G+1","Defend_G","Defend_G","Defend_G","Defend_G","Survivor","Neutralize","Adrenaline+1","Dagger Throw","Deadly Poison","Deadly Poison+1","Backflip","Crippling Poison+1","Noxious Fumes+1"],"relics":["Ring of the Snake","Bottled Lightning","Mercury Hourglass","Molten Egg 2"],"acts_visited":["Exordium"],"potions_floor_usage":[7,16,16,16,16],"damage_taken":[{"damage":10.0,"enemies":"Jaw Worm","floor":1.0,"turns":7.0},{"damage":3.0,"enemies":"2 Louse","floor":2.0,"turns":3.0},{"damage":0,"enemies":"Cultist","floor":5,"turns":3},{"damage":9,"enemies":"3 Sentries","floor":7,"turns":8},{"damage":8,"enemies":"Gremlin Nob","floor":10,"turns":3},{"damage":8,"enemies":"Blue Slaver","floor":11,"turns":3},{"damage":0,"enemies":"Gremlin Gang","floor":14,"turns":3},{"damage":4,"enemies":"Slime Boss","floor":16,"turns":6}],"seed_played":"6511052964712526350","potions_obtained":[{"floor":2.0,"key":"Block Potion"},{"floor":10,"key":"DistilledChaos"},{"floor":13,"key":"EntropicBrew"}],"is_trial":false,"path_per_floor":["M","M","?","?","M","R","E","$","T","E","M","R","?","M","R","B"],"character_chosen":"THE_SILENT","items_purchased":["SteroidPotion"],"campfire_rested":0,"item_purchase_floors":[8],"current_hp_per_floor":[49,46,46,28,28,28,19,19,19,11,3,3,3,3,3,0,0],"gold":69,"neow_bonus":"THREE_RARE_CARDS","is_daily":false,"chose_seed":false,"campfire_upgraded":3,"win_rate":0.0,"timestamp":1609250095,"path_taken":["M","M","?","?","M","R","E","?","T","E","?","R","?","M","R","BOSS"],"items_purchased_type":["Potion"],"build_version":"2020-12-22","purchased_purges":1,"victory":false,"max_hp_per_floor":[60,60,60,60,60,60,60,60,60,60,60,60,60,60,60,60,60],"card_choices":[{"not_picked":["Bullet Time","Glass Knife"],"picked":"Adrenaline","floor":0.0},{"not_picked":["Underhanded Strike","Poisoned Stab"],"picked":"Dagger Throw","floor":1.0},{"not_picked":["Prepared","Dodge and Roll"],"picked":"Deadly Poison","floor":2.0},{"not_picked":["Poisoned Stab","Prepared"],"picked":"Deadly Poison","floor":5},{"not_picked":["Acrobatics","Dagger Spray"],"picked":"Backflip","floor":7},{"not_picked":["Acrobatics","Dagger Throw+1"],"picked":"Crippling Poison","floor":10},{"not_picked":["Doppelganger","Poisoned Stab+1","Backflip"],"picked":"SKIP","floor":11},{"not_picked":["PiercingWail","Deflect"],"picked":"Noxious Fumes","floor":14}],"player_experience":1657472,"relics_obtained":[{"floor":7,"key":"Bottled Lightning"},{"floor":9,"key":"Mercury Hourglass"},{"floor":10,"key":"Molten Egg 2"}],"event_choices":[{"cards_removed":["Strike_G"],"damage_healed":0,"gold_gain":0,"player_choice":"Forget","damage_taken":0,"max_hp_gain":0,"max_hp_loss":0,"event_name":"Living Wall","floor":3,"gold_loss":0},{"damage_healed":0,"gold_gain":0,"player_choice":"Entered Light","damage_taken":18,"max_hp_gain":0,"max_hp_loss":0,"event_name":"Shining Light","floor":4,"gold_loss":0,"cards_upgraded":["Strike_G","Adrenaline"]},{"damage_healed":0,"gold_gain":0,"player_choice":"Bought 3 Potions","damage_taken":0,"max_hp_gain":0,"max_hp_loss":0,"event_name":"The Woman in Blue","floor":13,"gold_loss":0}],"is_beta":false,"boss_relics":[],"items_purged_floors":[8],"is_endless":false,"potions_floor_spawned":[2,10,14],"killed_by":"Slime Boss","ascension_level":20}}