{"host":"tr12w2fixbnujl15","time":1609277662,"event":{"mods":["2.2 Compatiblity","BaseMod","Better Skull","BetterRewards","CatGirl Mod","Colored Powertips","Hubris","Infinite Spire","Jorbs\u0027s Wanderer Trilogy","Luminous","Minty Spire (QoL Compilation)","Quick Restart","Reimu??????","Replay The Spire","StSLib","SuperFastMode","Td1madao Mod","The Animator","The Sage","The Spell Scribe","WarShipGirlsR/????R mod"],"gold_per_floor":[124,70,70,15,42,67,67,67,67,119,136,136,156,176,176,311,311,298,258,79,116,140,140,167,167,167,220,220,239,258,281,281,287,287],"floor_reached":33,"playtime":1578,"items_purged":[],"score":304,"play_id":"1b5f982b-8888-4d10-939c-50f1a1300b4a","local_time":"20201229163422","is_ascension_mode":false,"campfire_choices":[{"data":"animator:Chris","floor":8,"key":"SMITH"},{"floor":12,"key":"REST"},{"data":"animator:Caster","floor":15,"key":"SMITH"},{"floor":23,"key":"REST"},{"floor":25,"key":"REST"},{"floor":32,"key":"REST"}],"circlet_count":0,"master_deck":["animator:Strike_Konosuba","animator:Defend_Konosuba","animator:Strike","animator:Strike","animator:Strike","animator:Defend","animator:Defend","animator:Defend","animator:Kazuma","animator:Aqua","animator:KyokoSakura","animator:MumenRider","animator:Archer+1","animator:Chris+1","animator:CrowleyEusford","animator:Caster+1","animator:YachiyoNanami","animator:Berserker","animator:SilverFang","animator:Ainz","animator:Darkness","ZunPunch:ReiMu","animator:Emilia","animator:Illya","animator:Caster+1","animator:Layla+1","animator:Megumin","infinitespire:FutureSight","animator:CowGirl","animator:KyokoSakura","animator:Vanir"],"relics":["animator:LivingPicture","animator:TheMissingPiece","animator:PurgingStone","NeowsBlessing","Ornamental Fan","Letter Opener","Replay:Bottled Steam","hubris:ToyBattleship","animator:CursedBlade","Sundial","hubris:TenFootPole","BargainBundle","Mark of Pain"],"acts_visited":["Exordium","TheCity"],"potions_floor_usage":[10,10,16,16,22],"damage_taken":[{"damage":0,"enemies":"Jaw Worm","floor":1,"turns":1},{"damage":0,"enemies":"Cultist","floor":5,"turns":1},{"damage":0,"enemies":"Lagavulin","floor":6,"turns":1},{"damage":23,"enemies":"Gremlin Nob","floor":10,"turns":4},{"damage":2,"enemies":"Small Slimes","floor":11,"turns":3},{"damage":7,"enemies":"Blue Slaver","floor":13,"turns":3},{"damage":6,"enemies":"Red Slaver","floor":14,"turns":4},{"damage":31,"enemies":"The Guardian","floor":16,"turns":10},{"damage":25,"enemies":"2 Thieves","floor":18,"turns":5},{"damage":14,"enemies":"Chosen","floor":21,"turns":7},{"damage":6,"enemies":"Centurion and Healer","floor":22,"turns":5},{"damage":16,"enemies":"3 Cultists","floor":24,"turns":4},{"damage":26,"enemies":"Book of Stabbing","floor":27,"turns":4},{"damage":23,"enemies":"Snecko","floor":29,"turns":6},{"damage":20,"enemies":"Centurion and Healer","floor":30,"turns":4},{"damage":7,"enemies":"Shelled Parasite and Fungi","floor":31,"turns":3},{"damage":29,"enemies":"hubris:MusketHawk","floor":33,"turns":5}],"seed_played":"4089224113271874102","potions_obtained":[{"floor":3,"key":"AttackPotion"},{"floor":3,"key":"Cursed Concoction"},{"floor":3,"key":"FairyPotion"},{"floor":6,"key":"SteroidPotion"},{"floor":13,"key":"Energy Potion"},{"floor":14,"key":"Swift Potion"},{"floor":16,"key":"SmokeBomb"},{"floor":21,"key":"AttackPotion"},{"floor":22,"key":"Dexterity Potion"},{"floor":30,"key":"SteroidPotion"}],"is_trial":false,"path_per_floor":["M","$","?","$","M","E","T","R","T","E","M","R","M","M","R","B",null,"M","?","$","M","M","R","M","R","T","E","AVR","M","M","M","R","B"],"character_chosen":"THE_ANIMATOR","items_purchased":["animator:MumenRider","animator:Archer+1","animator:Emilia"],"campfire_rested":4,"item_purchase_floors":[2,4,20],"current_hp_per_floor":[66,66,66,66,66,66,66,66,66,45,44,64,60,56,56,27,68,46,46,46,34,30,50,36,56,56,32,32,11,12,6,27,0,0],"gold":287,"neow_bonus":"THREE_ENEMY_KILL","is_daily":false,"chose_seed":false,"campfire_upgraded":2,"win_rate":0.0,"timestamp":1609277662,"path_taken":["M","$","?","?","M","E","?","R","T","E","M","R","M","?","R","BOSS","M","?","?","M","?","R","M","R","T","E","AVR","M","M","M","R","BOSS"],"items_purchased_type":["Card","Card","Card"],"build_version":"2020-12-22","purchased_purges":0,"victory":false,"max_hp_per_floor":[66,66,66,66,66,66,66,66,66,66,67,67,68,68,68,68,68,69,69,69,69,69,69,69,69,69,69,69,69,69,70,70,70,70],"card_choices":[{"not_picked":["animator:DolaSchwi","animator:Tatsumaki"],"picked":"animator:KyokoSakura","floor":1},{"not_picked":["animator:Demiurge","animator:Mikaela"],"picked":"animator:Chris","floor":5},{"not_picked":["animator:DolaCouronne","animator:Guy"],"picked":"animator:CrowleyEusford","floor":6},{"not_picked":["animator:EmiyaShirou","animator:Rider"],"picked":"animator:Caster","floor":10},{"not_picked":["animator:DwarfShaman","animator:Mitsuba"],"picked":"animator:YachiyoNanami","floor":11},{"not_picked":["animator:Cocytus","animator:Tatsumaki"],"picked":"animator:Berserker","floor":13},{"not_picked":["animator:Mitsuba","animator:ChlammyZell"],"picked":"animator:SilverFang","floor":14},{"not_picked":["animator:Saber","animator:GoblinSlayer"],"picked":"animator:Ainz","floor":16},{"not_picked":["animator:Verdia","animator:Megumin"],"picked":"animator:Darkness","floor":18},{"not_picked":["animator:IrohaTamaki","animator:HighElfArcher+1"],"picked":"animator:Illya","floor":21},{"not_picked":["animator:Darkness","animator:ChaikaBohdan"],"picked":"animator:Caster+1","floor":22},{"not_picked":["animator:CowGirl+1","animator:DolaCouronne+1"],"picked":"animator:Layla+1","floor":24},{"not_picked":["animator:Kazuma","animator:Verdia"],"picked":"animator:Megumin","floor":27},{"not_picked":["animator:Guy","animator:Yoichi"],"picked":"animator:CowGirl","floor":29},{"not_picked":["animator:AcuraAkari","animator:LizardPriest+1"],"picked":"animator:KyokoSakura","floor":30},{"not_picked":["animator:Shigure","animator:ChaikaBohdan"],"picked":"animator:Vanir","floor":31}],"player_experience":5789,"relics_obtained":[{"floor":6,"key":"Ornamental Fan"},{"floor":7,"key":"Letter Opener"},{"floor":9,"key":"Replay:Bottled Steam"},{"floor":10,"key":"hubris:ToyBattleship"},{"floor":26,"key":"Sundial"},{"floor":27,"key":"hubris:TenFootPole"}],"event_choices":[{"damage_healed":0,"gold_gain":0,"player_choice":"Got Potions","damage_taken":0,"max_hp_gain":0,"max_hp_loss":0,"event_name":"Lab","floor":3,"gold_loss":0},{"damage_healed":0,"gold_gain":0,"player_choice":"Hand rover O-miki","damage_taken":0,"max_hp_gain":0,"max_hp_loss":0,"event_name":"ZunEvent","floor":19,"relics_lost":["ZunR:ReiMu"],"gold_loss":0,"cards_obtained":["ZunPunch:ReiMu"]}],"is_beta":false,"boss_relics":[{"not_picked":["hubris:Stopwatch","Replay:Drink Me"],"picked":"animator:CursedBlade"}],"items_purged_floors":[],"is_endless":false,"potions_floor_spawned":[6,13,14,16,21,22,30,31],"killed_by":"hubris:MusketHawk","ascension_level":0}}