{"host":"athd8lg4sftw81ak","time":1609205170,"event":{"mods":["BaseMod","Downfall","Hermit","Jorbs\u0027s Wanderer Trilogy","Minty Spire (QoL Compilation)","StSLib"],"gold_per_floor":[124,139,139,163,238,238,273,273,273,307,330,360,360,394,394,523,523,541,560,560,46,67,67,83,83,83,98,122,122,136,179,179,300,300,314,335,34,49,63,102,102,125,125,125,156,7,25,48,48,48],"floor_reached":51,"playtime":2674,"items_purged":["Injury","Pain"],"score":981,"play_id":"19bff506-3898-4c35-b9a8-721fe78ec58c","local_time":"20201228202610","is_ascension_mode":true,"campfire_choices":[{"data":"stsjorbsmod:Prestidigitation","floor":6.0,"key":"SMITH"},{"data":"stsjorbsmod:Inferno","floor":8.0,"key":"SMITH"},{"floor":13.0,"key":"REST"},{"data":"stsjorbsmod:Channel","floor":15.0,"key":"SMITH"},{"floor":23.0,"key":"REST"},{"data":"stsjorbsmod:Trauma","floor":25.0,"key":"SMITH"},{"data":"stsjorbsmod:BookOfTongues","floor":29.0,"key":"SMITH"},{"floor":32.0,"key":"REST"},{"floor":41.0,"key":"REST"},{"data":"stsjorbsmod:DisguiseSelf","floor":44,"key":"SMITH"},{"data":"stsjorbsmod:CorrodingBarrier","floor":49,"key":"SMITH"}],"circlet_count":0,"master_deck":["stsjorbsmod:ForbiddenGrimoire+1","stsjorbsmod:Strike_Wanderer+1","stsjorbsmod:Strike_Wanderer+1","stsjorbsmod:Strike_Wanderer+1","stsjorbsmod:Strike_Wanderer+1","stsjorbsmod:Defend_Wanderer+1","stsjorbsmod:Defend_Wanderer+1","stsjorbsmod:Defend_Wanderer+1","stsjorbsmod:Defend_Wanderer+1","stsjorbsmod:FreshAdventure","stsjorbsmod:EyeOfTheStorm","stsjorbsmod:SmithingStrike","stsjorbsmod:Prestidigitation+1","stsjorbsmod:ArcaneWeapon","stsjorbsmod:Inferno+1","stsjorbsmod:Channel+1","stsjorbsmod:MageArmor","stsjorbsmod:Trauma+1","stsjorbsmod:BurningFlask","stsjorbsmod:BlackTentacles+1","stsjorbsmod:ChainLightning","stsjorbsmod:ArcaneWeapon","stsjorbsmod:Will+1","stsjorbsmod:Counterspell","stsjorbsmod:BookOfTongues+1","stsjorbsmod:ChatteringStrike","stsjorbsmod:Entangle","stsjorbsmod:MageArmor","stsjorbsmod:DisguiseSelf+1","stsjorbsmod:Counterspell","stsjorbsmod:Channel+1","stsjorbsmod:CorrodingBarrier+1","stsjorbsmod:BookOfTongues"],"relics":["stsjorbsmod:GrimoireRelic","War Paint","Golden Idol","TungstenRod","InkBottle","Singing Bowl","StoneCalendar","SacredBark","Centennial Puzzle","Orichalcum","Question Card","Bronze Scales","Cursed Key","FossilizedHelix","Bag of Marbles","Mercury Hourglass","Toy Ornithopter"],"acts_visited":["Exordium","TheCity","TheBeyond"],"potions_floor_usage":[45,50,50,50],"damage_taken":[{"damage":0.0,"enemies":"Small Slimes","floor":1.0,"turns":3.0},{"damage":2.0,"enemies":"2 Louse","floor":2.0,"turns":3.0},{"damage":5.0,"enemies":"Jaw Worm","floor":4.0,"turns":3.0},{"damage":6.0,"enemies":"Lagavulin","floor":7.0,"turns":7.0},{"damage":19.0,"enemies":"Gremlin Nob","floor":10.0,"turns":4.0},{"damage":0.0,"enemies":"3 Louse","floor":11.0,"turns":3.0},{"damage":14.0,"enemies":"3 Sentries","floor":14.0,"turns":6.0},{"damage":4.0,"enemies":"The Guardian","floor":16.0,"turns":8.0},{"damage":7.0,"enemies":"Shell Parasite","floor":18.0,"turns":4.0},{"damage":13.0,"enemies":"2 Thieves","floor":19.0,"turns":3.0},{"damage":6.0,"enemies":"Centurion and Healer","floor":22.0,"turns":4.0},{"damage":0.0,"enemies":"Snake Plant","floor":24.0,"turns":3.0},{"damage":1.0,"enemies":"Snecko","floor":27.0,"turns":4.0},{"damage":1.0,"enemies":"Centurion and Healer","floor":28.0,"turns":4.0},{"damage":4.0,"enemies":"Sentry and Sphere","floor":30.0,"turns":4.0},{"damage":5.0,"enemies":"Slavers","floor":31.0,"turns":4.0},{"damage":23.0,"enemies":"Champ","floor":33.0,"turns":7.0},{"damage":2.0,"enemies":"3 Shapes","floor":35.0,"turns":2.0},{"damage":2.0,"enemies":"Orb Walker","floor":36.0,"turns":1.0},{"damage":0.0,"enemies":"Writhing Mass","floor":38.0,"turns":4.0},{"damage":0.0,"enemies":"Jaw Worm Horde","floor":39.0,"turns":2.0},{"damage":23.0,"enemies":"Reptomancer","floor":40.0,"turns":4.0},{"damage":0,"enemies":"Maw","floor":42,"turns":6},{"damage":0,"enemies":"Nemesis","floor":45,"turns":3},{"damage":0,"enemies":"Spire Growth","floor":47,"turns":3},{"damage":0,"enemies":"3 Darklings","floor":48,"turns":1},{"damage":0,"enemies":"Donu and Deca","floor":50,"turns":5}],"seed_played":"-1853486816178320267","potions_obtained":[{"floor":4.0,"key":"Energy Potion"},{"floor":14.0,"key":"stsjorbsmod:BurningPotion"},{"floor":16.0,"key":"Guardian:BlockOnCardUsePotion"},{"floor":27.0,"key":"SpeedPotion"},{"floor":28.0,"key":"Block Potion"},{"floor":31.0,"key":"Energy Potion"},{"floor":35.0,"key":"champ:CounterPotion"},{"floor":38.0,"key":"Energy Potion"},{"floor":45,"key":"Dexterity Potion"},{"floor":47,"key":"Fire Potion"}],"is_trial":false,"path_per_floor":["M","M","?","M","?","R","E","R","T","E","M","?","R","E","R","B",null,"M","M","?","$","M","R","M","R","T","M","M","R","M","E","R","B",null,"M","M","$","M","M","E","R","M","T","R","E","$","M","M","R","B",null],"character_chosen":"WANDERER","items_purchased":["DistilledChaos","stsjorbsmod:ChainLightning","Centennial Puzzle","stsjorbsmod:ArcaneWeapon","Orichalcum","FossilizedHelix","PowerPotion"],"campfire_rested":4,"item_purchase_floors":[21,21,21,21,21,37,46],"current_hp_per_floor":[68,67,67,63,52,52,48,48,48,32,33,33,54,42,42,38,70,63,50,50,50,44,65,65,65,65,64,65,65,61,58,74,51,74,74,72,72,74,76,53,77,77,77,77,77,77,77,77,77,80],"gold":48,"neow_bonus":"RANDOM_COMMON_RELIC","is_daily":false,"chose_seed":false,"campfire_upgraded":7,"win_rate":0.0,"timestamp":1609205170,"path_taken":["M","M","?","M","?","R","E","R","T","E","M","?","R","E","R","BOSS","M","M","?","$","M","R","M","R","T","M","M","R","M","E","R","BOSS","M","M","$","M","M","E","R","M","T","R","E","$","M","M","R","BOSS"],"items_purchased_type":["Potion","Card","Relic","Card","Relic","Relic","Potion"],"build_version":"2020-12-22","purchased_purges":2,"victory":true,"max_hp_per_floor":[68,68,68,68,68,68,68,68,68,70,70,70,70,70,70,70,70,70,70,70,70,70,70,70,70,70,70,72,72,72,74,74,74,74,76,76,76,78,80,80,80,80,80,80,80,80,80,80,80,80],"card_choices":[{"not_picked":["stsjorbsmod:ParryingBlow","stsjorbsmod:Index"],"picked":"stsjorbsmod:SmithingStrike","floor":1.0},{"not_picked":["stsjorbsmod:ParryingBlow","stsjorbsmod:WanderingMind"],"picked":"stsjorbsmod:Prestidigitation","floor":2.0},{"not_picked":["stsjorbsmod:RayOfFrost","stsjorbsmod:Index"],"picked":"stsjorbsmod:ArcaneWeapon","floor":4.0},{"not_picked":["stsjorbsmod:RefuseToForget","stsjorbsmod:UnseenServant"],"picked":"stsjorbsmod:Inferno","floor":7.0},{"not_picked":["stsjorbsmod:Trauma","stsjorbsmod:UnseenServant","stsjorbsmod:AnimateObjects"],"picked":"Singing Bowl","floor":10.0},{"not_picked":["stsjorbsmod:MageArmor","stsjorbsmod:Hibernate"],"picked":"stsjorbsmod:Channel","floor":11.0},{"not_picked":["stsjorbsmod:MistyStep","stsjorbsmod:Stalwart"],"picked":"stsjorbsmod:MageArmor","floor":14.0},{"not_picked":["stsjorbsmod:Rediscovery","stsjorbsmod:GatherPower"],"picked":"stsjorbsmod:Trauma","floor":16.0},{"not_picked":["stsjorbsmod:Hibernate+1","stsjorbsmod:SmithingStrike"],"picked":"stsjorbsmod:BurningFlask","floor":18.0},{"not_picked":["stsjorbsmod:ArcaneWeapon","stsjorbsmod:Message"],"picked":"stsjorbsmod:BlackTentacles+1","floor":19.0},{"not_picked":["stsjorbsmod:IvoryTower","stsjorbsmod:Firebolt"],"picked":"stsjorbsmod:Will+1","floor":22.0},{"not_picked":["stsjorbsmod:HedgeWizard","stsjorbsmod:ArcaneWeapon"],"picked":"stsjorbsmod:Counterspell","floor":24.0},{"not_picked":["stsjorbsmod:Index","stsjorbsmod:Message+1","stsjorbsmod:Introspection"],"picked":"stsjorbsmod:BookOfTongues","floor":27.0},{"not_picked":["stsjorbsmod:UnseenServant+1","stsjorbsmod:ParryingBlow","stsjorbsmod:ChainLightning","stsjorbsmod:Index"],"picked":"Singing Bowl","floor":28.0},{"not_picked":["stsjorbsmod:RayOfFrost","stsjorbsmod:Aid","stsjorbsmod:Materialize"],"picked":"stsjorbsmod:ChatteringStrike","floor":30.0},{"not_picked":["stsjorbsmod:DoubleCheck","stsjorbsmod:ArcaneWeapon+1","stsjorbsmod:Firebolt","stsjorbsmod:ParryingBlow+1"],"picked":"Singing Bowl","floor":31.0},{"not_picked":["stsjorbsmod:CorrodingBarrier","stsjorbsmod:Fear","stsjorbsmod:Trauma"],"picked":"stsjorbsmod:Entangle","floor":33.0},{"not_picked":["stsjorbsmod:BlackTentacles+1","stsjorbsmod:Hurt","stsjorbsmod:SchoolsOfMagic","stsjorbsmod:Mindworm"],"picked":"Singing Bowl","floor":35.0},{"not_picked":["stsjorbsmod:Message+1","stsjorbsmod:Thorns+1","stsjorbsmod:DoubleCheck+1"],"picked":"stsjorbsmod:MageArmor","floor":36.0},{"not_picked":["stsjorbsmod:Firebolt","stsjorbsmod:MistyStep+1","stsjorbsmod:Message","stsjorbsmod:SchoolsOfMagic+1"],"picked":"Singing Bowl","floor":38.0},{"not_picked":["stsjorbsmod:Index","stsjorbsmod:Aid","stsjorbsmod:UnseenServant+1","stsjorbsmod:RefuseToForget"],"picked":"Singing Bowl","floor":39.0},{"not_picked":["stsjorbsmod:TinyHut+1","stsjorbsmod:BurningFlask+1","stsjorbsmod:ArcaneWeapon"],"picked":"stsjorbsmod:DisguiseSelf","floor":40.0},{"not_picked":["stsjorbsmod:RefuseToForget","stsjorbsmod:Trauma","stsjorbsmod:BurningFlask+1"],"picked":"stsjorbsmod:Counterspell","floor":42},{"not_picked":["stsjorbsmod:Hurt","stsjorbsmod:SmithingStrike","stsjorbsmod:DisguiseSelf+1"],"picked":"stsjorbsmod:Channel+1","floor":45},{"not_picked":["stsjorbsmod:Firebolt","stsjorbsmod:FranticSearch","stsjorbsmod:BlackTentacles"],"picked":"stsjorbsmod:CorrodingBarrier","floor":47},{"not_picked":["stsjorbsmod:HedgeWizard","stsjorbsmod:Inferno+1","stsjorbsmod:Index+1"],"picked":"stsjorbsmod:BookOfTongues","floor":48}],"player_experience":573420,"relics_obtained":[{"floor":7.0,"key":"TungstenRod"},{"floor":9.0,"key":"InkBottle"},{"floor":10.0,"key":"Singing Bowl"},{"floor":14.0,"key":"StoneCalendar"},{"floor":26.0,"key":"Question Card"},{"floor":31.0,"key":"Bronze Scales"},{"floor":40.0,"key":"Bag of Marbles"},{"floor":43,"key":"Mercury Hourglass"},{"floor":45,"key":"Toy Ornithopter"}],"event_choices":[{"damage_healed":0.0,"max_hp_gain":0.0,"max_hp_loss":0.0,"gold_gain":0.0,"event_name":"Golden Idol","player_choice":"Take Wound","floor":3.0,"gold_loss":0.0,"damage_taken":0.0,"relics_obtained":["Golden Idol"],"cards_obtained":["Injury"]},{"damage_healed":0.0,"max_hp_gain":0.0,"max_hp_loss":0.0,"gold_gain":75.0,"event_name":"World of Goop","player_choice":"Gather Gold","floor":5.0,"gold_loss":0.0,"damage_taken":11.0},{"damage_healed":0.0,"max_hp_gain":0.0,"max_hp_loss":0.0,"gold_gain":30.0,"event_name":"Dead Adventurer","player_choice":"Searched \u00272\u0027 times","floor":12.0,"gold_loss":0.0,"damage_taken":0.0},{"damage_healed":0.0,"max_hp_gain":0.0,"max_hp_loss":0.0,"gold_gain":0.0,"event_name":"Back to Basics","player_choice":"Simplicity","floor":20.0,"gold_loss":0.0,"damage_taken":0.0,"cards_upgraded":["stsjorbsmod:Strike_Wanderer","stsjorbsmod:Strike_Wanderer","stsjorbsmod:Strike_Wanderer","stsjorbsmod:Strike_Wanderer","stsjorbsmod:Defend_Wanderer","stsjorbsmod:Defend_Wanderer"]}],"is_beta":false,"boss_relics":[{"not_picked":["Coffee Dripper","Tiny House"],"picked":"SacredBark"},{"not_picked":["Calling Bell","Pandora\u0027s Box"],"picked":"Cursed Key"}],"items_purged_floors":[21,46],"is_endless":false,"potions_floor_spawned":[4,14,16,27,28,31,35,38,45,47],"ascension_level":4}}