{"host":"mi0eibewekhugwl1","time":1609240778,"event":{"mods":["AchievementEnabler","BaseMod","Colored Map","Colored Powertips","DeckTracker","Keyboard Shortcuts","Minty Spire (QoL Compilation)","Quick Restart","Rare Cards Sparkle","Relic Stats","StSLib","SuperFastMode","everything is the same but u backflip on backflip"],"gold_per_floor":[363,378,378,18,28,59,21,33,33],"floor_reached":8,"playtime":254,"items_purged":[],"score":112,"play_id":"7900248e-1b7f-4138-b0b2-11685dea3397","local_time":"20201229201938","is_ascension_mode":true,"campfire_choices":[],"circlet_count":0,"master_deck":["AscendersBane","Strike_R","Strike_R","Strike_R","Strike_R","Defend_R","Defend_R","Defend_R","Defend_R","Bash","Pummel","Flame Barrier","Apotheosis","Pommel Strike","Shrug It Off"],"relics":["Burning Blood","Bag of Preparation","MawBank","Tiny Chest"],"acts_visited":["Exordium"],"potions_floor_usage":[6,8],"damage_taken":[{"damage":4,"enemies":"Small Slimes","floor":1,"turns":4},{"damage":12,"enemies":"2 Louse","floor":2,"turns":3},{"damage":0,"enemies":"Cultist","floor":5,"turns":4},{"damage":38,"enemies":"3 Sentries","floor":6,"turns":15},{"damage":29,"enemies":"Gremlin Nob","floor":8,"turns":4}],"seed_played":"-1246078256575112005","potions_obtained":[{"floor":2,"key":"Weak Potion"},{"floor":5,"key":"Block Potion"}],"is_trial":false,"path_per_floor":["M","M","?","$","M","E","?","E"],"character_chosen":"IRONCLAD","items_purchased":["Apotheosis","Bag of Preparation"],"campfire_rested":0,"item_purchase_floors":[4,4],"current_hp_per_floor":[68,62,55,55,61,29,29,0,0],"gold":33,"neow_bonus":"TWO_FIFTY_GOLD","is_daily":false,"chose_seed":false,"campfire_upgraded":0,"win_rate":0.0,"timestamp":1609240778,"path_taken":["M","M","?","$","M","E","?","E"],"items_purchased_type":["Card","Relic"],"build_version":"2020-12-22","purchased_purges":0,"victory":false,"max_hp_per_floor":[68,68,68,68,68,68,68,68,68],"relic_stats":{"counters":[5,30],"Tiny Chest":0,"Bag of Preparation":[6],"MawBank":24,"obtain_stats":[{"Tiny Chest":7,"Bag of Preparation":4,"MawBank":6,"Burning Blood":0},{"Tiny Chest":4,"Bag of Preparation":2,"MawBank":4,"Burning Blood":0},{"Tiny Chest":26,"Bag of Preparation":7,"MawBank":26,"Burning Blood":0}],"Burning Blood":22},"card_choices":[{"not_picked":["Anger","Burning Pact"],"picked":"Pummel","floor":1},{"not_picked":["Iron Wave","Perfected Strike"],"picked":"Flame Barrier","floor":2},{"not_picked":["Entrench","Body Slam"],"picked":"Pommel Strike","floor":5},{"not_picked":["Anger","Blood for Blood"],"picked":"Shrug It Off","floor":6}],"player_experience":1721273,"relics_obtained":[{"floor":6,"key":"MawBank"}],"event_choices":[{"cards_removed":["Strike_R"],"damage_healed":0,"gold_gain":0,"player_choice":"Card Removal","damage_taken":7,"max_hp_gain":0,"max_hp_loss":0,"event_name":"Golden Wing","floor":3,"gold_loss":0},{"damage_healed":0,"gold_gain":0,"player_choice":"Paid Gold","damage_taken":0,"relics_obtained":["Tiny Chest"],"max_hp_gain":0,"max_hp_loss":0,"event_name":"WeMeetAgain","floor":7,"gold_loss":50}],"is_beta":false,"boss_relics":[],"items_purged_floors":[],"is_endless":false,"potions_floor_spawned":[2,5],"killed_by":"Gremlin Nob","ascension_level":20}}