{"host":"0cnf9zf1gia27zti","time":1609208616,"event":{"mods":["BaseMod","BetterRewards","Card Forge","Colored Map","Colored Powertips","Conspire","Downfall","Googly Eyes","Minty Spire (QoL Compilation)","Practice Mode","Quick Restart","Replay The Spire","Robot Space Explorer","Shade Mod","Spicy Shops","StSLib"],"gold_per_floor":[118,118,268,282,297,297,134,134,134,165,175,191,191,204,204,281,281,298,316,109,123,123,123,39,71,71,106,56,96,124,124,124,210,210,223,223],"floor_reached":35,"playtime":2712,"items_purged":[],"score":926,"play_id":"7dc4e270-d026-4a79-bed2-d5e858ec331d","local_time":"20201229022336","daily_mods":["SealedDeck","Colorless Cards","Heirloom","DeadlyEvents","Elite Swarm"],"is_ascension_mode":true,"campfire_choices":[{"floor":6,"key":"REST"},{"data":"expansioncontent:SuperHexaguard","floor":8,"key":"SMITH"},{"floor":13,"key":"REST"},{"floor":15,"key":"DIG"},{"floor":23,"key":"REST"},{"floor":32,"key":"REST"}],"circlet_count":0,"master_deck":["AscendersBane","Meteor Strike","Beam Cell","Dark Shackles","ReplayGash","ReplayGash","Gash+1","Steam","Auto Shields","Steam","Leap","Mayhem+1","Gash+1","expansioncontent:SuperHexaguard+1","Beam Cell","Seek","Steam","Self Repair","Echo Form+1","Conserve Battery+1","Mayhem+1","ReplayTheSpireMod:Brewmster","Echo Form+1","expansioncontent:DashGenerateEvil","conspire:SpireCoStock","Master of Strategy","Beam Cell+1","Mirror Shield"],"relics":["Cracked Core","Hammer of Thor","Seething Fire","Anvil of the Gods","Ring of Chaos","conspire:GiftBox","hexamod:BolsterEngine","Question Card","Replay:Bottled Eggs","Gambling Chip","Guardian:BottledAnomaly","HornCleat","ReplayTheSpireMod:Ninjato","Durian","Replay:PocketPolymizer","SacredBark"],"acts_visited":["Exordium","TheCity","TheBeyond"],"potions_floor_usage":[16,19,21,21,21,25,25,27,27,27,29,30,33,33,33,33],"damage_taken":[{"damage":0,"enemies":"Cultist","floor":1,"turns":4},{"damage":1,"enemies":"Jaw Worm","floor":5,"turns":5},{"damage":4,"enemies":"3 Sentries","floor":10,"turns":8},{"damage":0,"enemies":"2 Louse","floor":11,"turns":3},{"damage":0,"enemies":"2 Fungi Beasts","floor":12,"turns":4},{"damage":0,"enemies":"3 Louse","floor":14,"turns":5},{"damage":18,"enemies":"The Guardian","floor":16,"turns":10},{"damage":14,"enemies":"3 Byrds","floor":18,"turns":5},{"damage":6,"enemies":"Shell Parasite","floor":19,"turns":5},{"damage":21,"enemies":"Sentry and Sphere","floor":21,"turns":6},{"damage":14,"enemies":"conspire:Head Lice","floor":25,"turns":6},{"damage":0,"enemies":"Gremlin Leader","floor":27,"turns":5},{"damage":0,"enemies":"Book of Stabbing","floor":29,"turns":4},{"damage":46,"enemies":"Chosen and Byrds","floor":30,"turns":5},{"damage":20,"enemies":"conspire:MysteriousRune","floor":33,"turns":6},{"damage":66,"enemies":"3 Shapes","floor":35,"turns":5}],"seed_played":"-5134807667918089384","potions_obtained":[{"floor":4,"key":"Languid Potion"},{"floor":4,"key":"Energy Potion"},{"floor":18,"key":"Swift Potion"},{"floor":30,"key":"FearPotion"},{"floor":33,"key":"DistilledChaos"}],"is_trial":true,"path_per_floor":["M","$","?","?","M","R","$","R","T","E","M","M","R","M","R_BF","B",null,"M","M","$","M","$","R","$","E","T","E","?","E","M","?","R","B",null,"M"],"character_chosen":"DEFECT","items_purchased":["hexamod:BolsterEngine","ReplayTheSpireMod:Brewmster","Guardian:BottledAnomaly"],"campfire_rested":4,"item_purchase_floors":[7,20,24],"current_hp_per_floor":[64,64,64,41,40,61,61,61,61,57,57,57,71,71,71,60,68,61,62,62,48,48,69,69,62,62,67,67,67,28,28,50,37,66,0,0],"gold":223,"neow_bonus":"","is_daily":false,"chose_seed":false,"campfire_upgraded":1,"win_rate":0.0,"timestamp":1609208616,"path_taken":["M","$","?","?","M","R","$","R","T","?","M","?","R","M","R_BF","BOSS","M","M","$","M","$","R","$","E","T","E","?","E","M","?","R","BOSS","M"],"items_purchased_type":["Relic","Card","Relic"],"build_version":"2020-12-22","purchased_purges":0,"victory":false,"max_hp_per_floor":[71,71,71,71,71,71,71,71,71,71,71,71,71,71,71,71,71,71,71,71,71,71,71,71,71,71,76,76,76,76,76,76,76,76,76,76],"card_choices":[{"not_picked":["Panache","Apotheosis"],"picked":"Meteor Strike","floor":0},{"not_picked":["Gash","Rebound","expansioncontent:TimeRipple"],"picked":"SKIP","floor":1},{"not_picked":["Streamline","conspire:Rain"],"picked":"expansioncontent:SuperHexaguard","floor":4},{"not_picked":["Specialist","Turbo"],"picked":"Beam Cell","floor":5},{"not_picked":["ReplayUltimateDefense","expansioncontent:StudyTheSpire","Multi-Cast"],"picked":"Seek","floor":10},{"not_picked":["Replay:SS_hec_4","expansioncontent:Chronoboost","Barrage"],"picked":"Steam","floor":11},{"not_picked":["ReplayTheSpireMod:Calculation Training","Replay:SS_hec_1","Streamline","Barrage"],"picked":"SKIP","floor":12},{"not_picked":["Hologram","Compile Driver","Replay:BasicMightCard"],"picked":"Self Repair","floor":14},{"not_picked":["Multi-Cast","Creative AI","Secret Technique"],"picked":"Echo Form","floor":16},{"not_picked":["Streamline","Go for the Eyes+1","expansioncontent:Flail"],"picked":"Conserve Battery+1","floor":18},{"not_picked":["Leap","Compile Driver","Panic Button","Go for the Eyes"],"picked":"SKIP","floor":19},{"not_picked":["Force Field","Cold Snap","Auto Shields","Compile Driver"],"picked":"SKIP","floor":21},{"not_picked":["Amplify","Thinking Ahead","Magnetism"],"picked":"Echo Form","floor":25},{"not_picked":["Seek","ReplayTheSpireMod:Brewmster","Metamorphosis"],"picked":"expansioncontent:DashGenerateEvil","floor":27},{"not_picked":["Secret Technique","Chrysalis","expansioncontent:StudyTheSpire"],"picked":"Master of Strategy","floor":29},{"not_picked":["Auto Shields","Stack","expansioncontent:TimeRipple"],"picked":"Beam Cell+1","floor":30},{"not_picked":["Creative AI","Sadistic Nature","Magnetism"],"picked":"Mirror Shield","floor":33}],"player_experience":2700210,"relics_obtained":[{"floor":9,"key":"Question Card"},{"floor":10,"key":"Replay:Bottled Eggs"},{"floor":15,"key":"Gambling Chip"},{"floor":25,"key":"HornCleat"},{"floor":26,"key":"ReplayTheSpireMod:Ninjato"},{"floor":27,"key":"Durian"},{"floor":29,"key":"Replay:PocketPolymizer"}],"event_choices":[{"damage_healed":0,"gold_gain":150,"player_choice":"AGREE","damage_taken":0,"max_hp_gain":0,"max_hp_loss":0,"event_name":"Liars Game","floor":3,"gold_loss":0,"cards_obtained":["Doubt"]},{"damage_healed":0,"gold_gain":0,"player_choice":"Invest 1","damage_taken":0,"max_hp_gain":0,"max_hp_loss":0,"event_name":"conspire:Investor","floor":28,"gold_loss":0},{"cards_removed":["Beam Cell"],"damage_healed":0,"gold_gain":0,"player_choice":"Elegance","damage_taken":0,"max_hp_gain":0,"max_hp_loss":0,"event_name":"Back to Basics","floor":31,"gold_loss":0}],"is_beta":false,"boss_relics":[{"not_picked":["Ectoplasm","Velvet Choker","Painkiller Herb"]},{"not_picked":["Empty Cage","Astrolabe"],"picked":"SacredBark"}],"items_purged_floors":[],"is_endless":false,"potions_floor_spawned":[5,14,18,25,30,33],"killed_by":"3 Shapes","ascension_level":20}}