{"host":"fve2mjc52c1d2twu","time":1609270510,"event":{"mods":["AchievementEnabler","BaseMod","Colored Map","Colored Powertips","DeckTracker","Highlight Path","Minty Spire (QoL Compilation)","Quick Restart","Relic Stats"],"gold_per_floor":[112,43,61,73,84,112,129,158,158,174,174,200,210,222,222,317,317,305,320,330,346,346,372,372,404,428,428,439,439,451,477,477,577,577,592,606,623,641,659,659,691,691,691,691,691,691,12,28,28,28,28,28,28,57,57,57],"floor_reached":55,"playtime":14131,"items_purged":[],"score":847,"play_id":"19302713-81b6-42b1-9b41-04b8d73e09d4","local_time":"20201229203510","is_ascension_mode":true,"campfire_choices":[{"floor":11.0,"key":"RECALL"},{"data":"Feed","floor":15.0,"key":"SMITH"},{"data":"Inflame","floor":24.0,"key":"SMITH"},{"data":"Infernal Blade","floor":27.0,"key":"SMITH"},{"data":"Infernal Blade","floor":29.0,"key":"SMITH"},{"data":"Inflame","floor":32.0,"key":"SMITH"},{"data":"Corruption","floor":40,"key":"SMITH"},{"data":"Dark Embrace","floor":42,"key":"SMITH"},{"data":"Juggernaut","floor":45,"key":"SMITH"},{"data":"Barricade","floor":49,"key":"SMITH"},{"data":"Clothesline","floor":52,"key":"SMITH"}],"circlet_count":0,"master_deck":["Strike_R","Defend_R","Defend_R","Defend_R","Bash","Juggernaut+1","Iron Wave","Headbutt","Inflame+1","Ghostly Armor","Clothesline+1","Infernal Blade+1","Feed+1","Searing Blow","Iron Wave","Infernal Blade+1","Feel No Pain","Headbutt","Flame Barrier","Reaper","Double Tap","Uppercut+1","Armaments","Flame Barrier","Iron Wave","Pommel Strike+1","Inflame+1","Warcry+1","Corruption+1","Disarm+1","Sword Boomerang+1","Berserk+1","Entrench+1","Shrug It Off+1","Battle Trance+1","Pommel Strike+1","Parasite","Shrug It Off","Dark Embrace+1","Secret Technique","Barricade+1","Headbutt+1","Dual Wield+1","Bludgeon","Battle Trance","Flame Barrier"],"relics":["Burning Blood","Vajra","Blood Vial","PreservedInsect","SlaversCollar","Thread and Needle","Question Card","Boot","Pear","Astrolabe","Bag of Marbles","White Beast Statue","Ginger","Orrery","Gambling Chip"],"acts_visited":["TheEnding"],"potions_floor_usage":[41,48,50,50,50],"damage_taken":[{"damage":1.0,"enemies":"Cultist","floor":1.0,"turns":4.0},{"damage":3.0,"enemies":"Jaw Worm","floor":3.0,"turns":4.0},{"damage":2.0,"enemies":"Small Slimes","floor":4.0,"turns":3.0},{"damage":12.0,"enemies":"Exordium Thugs","floor":5.0,"turns":5.0},{"damage":3.0,"enemies":"Lagavulin","floor":6.0,"turns":6.0},{"damage":8.0,"enemies":"Red Slaver","floor":7.0,"turns":3.0},{"damage":17.0,"enemies":"Gremlin Nob","floor":8.0,"turns":4.0},{"damage":13.0,"enemies":"Blue Slaver","floor":10.0,"turns":5.0},{"damage":17.0,"enemies":"Lagavulin","floor":12.0,"turns":8.0},{"damage":0.0,"enemies":"Lots of Slimes","floor":13.0,"turns":4.0},{"damage":14.0,"enemies":"3 Louse","floor":14.0,"turns":4.0},{"damage":53.0,"enemies":"Slime Boss","floor":16.0,"turns":11.0},{"damage":35.0,"enemies":"2 Thieves","floor":18.0,"turns":4.0},{"damage":36.0,"enemies":"3 Byrds","floor":19.0,"turns":5.0},{"damage":27.0,"enemies":"Snake Plant","floor":20.0,"turns":5.0},{"damage":26.0,"enemies":"Chosen and Byrds","floor":21.0,"turns":6.0},{"damage":5.0,"enemies":"Book of Stabbing","floor":23.0,"turns":4.0},{"damage":9.0,"enemies":"Gremlin Leader","floor":25.0,"turns":4.0},{"damage":16.0,"enemies":"Centurion and Healer","floor":28.0,"turns":7.0},{"damage":18.0,"enemies":"3 Cultists","floor":30.0,"turns":6.0},{"damage":4.0,"enemies":"Book of Stabbing","floor":31.0,"turns":3.0},{"damage":53.0,"enemies":"Automaton","floor":33.0,"turns":10.0},{"damage":43.0,"enemies":"3 Shapes","floor":35.0,"turns":8.0},{"damage":18.0,"enemies":"Orb Walker","floor":36.0,"turns":5.0},{"damage":5.0,"enemies":"4 Shapes","floor":37.0,"turns":9.0},{"damage":12.0,"enemies":"Maw","floor":38.0,"turns":8.0},{"damage":0,"enemies":"Writhing Mass","floor":39,"turns":9},{"damage":83,"enemies":"Reptomancer","floor":41,"turns":7},{"damage":22,"enemies":"Spire Growth","floor":48,"turns":5},{"damage":65,"enemies":"Awakened One","floor":50,"turns":8},{"damage":32,"enemies":"Shield and Spear","floor":54,"turns":4},{"damage":145,"enemies":"The Heart","floor":55,"turns":8}],"seed_played":"-8179058135051531932","potions_obtained":[{"floor":1.0,"key":"SkillPotion"},{"floor":4.0,"key":"GamblersBrew"},{"floor":7.0,"key":"BloodPotion"},{"floor":12.0,"key":"SmokeBomb"},{"floor":13.0,"key":"Dexterity Potion"},{"floor":14.0,"key":"AttackPotion"},{"floor":18.0,"key":"SteroidPotion"},{"floor":19.0,"key":"Dexterity Potion"},{"floor":25.0,"key":"Swift Potion"},{"floor":31.0,"key":"EssenceOfSteel"},{"floor":36.0,"key":"BlessingOfTheForge"},{"floor":39,"key":"LiquidBronze"},{"floor":41,"key":"CultistPotion"},{"floor":48,"key":"DuplicationPotion"},{"floor":54,"key":"FearPotion"}],"is_trial":false,"path_per_floor":["M","$","M","M","M","E","M","E","T","M","R","E","M","M","R","B",null,"M","M","M","M","?","E","R","E","T","R","M","R","M","E","R","B",null,"M","M","M","M","M","R","E","R","T","?","R","?","$","M","R","B",null,"R","$","E","B"],"character_chosen":"IRONCLAD","items_purchased":["Inflame","Secret Technique","Ginger","Swift Potion","Orrery"],"campfire_rested":0,"item_purchase_floors":[2,47,47,47,47],"current_hp_per_floor":[61,61,64,68,62,65,66,55,55,50,50,44,55,52,52,11,96,67,52,37,23,108,112,112,113,113,113,109,109,112,134,134,91,138,133,123,145,150,154,154,91,91,91,91,91,91,91,107,107,71,154,154,154,128,0,0],"gold":57,"neow_bonus":"TRANSFORM_TWO_CARDS","is_daily":false,"chose_seed":false,"campfire_upgraded":10,"win_rate":0.0,"timestamp":1609270510,"path_taken":["M","$","M","M","M","E","M","E","T","M","R","E","M","M","R","BOSS","M","M","M","?","?","E","R","E","T","R","M","R","M","E","R","BOSS","M","M","M","M","M","R","E","R","T","?","R","?","$","M","R","BOSS","R","$","E","BOSS"],"items_purchased_type":["Card","Card","Relic","Potion","Relic"],"build_version":"2020-12-22","purchased_purges":0,"victory":false,"max_hp_per_floor":[80,80,80,80,80,80,83,83,83,83,83,86,89,92,92,96,96,96,100,104,108,108,112,112,116,116,116,120,120,124,134,134,138,138,142,142,146,150,154,154,154,154,154,154,154,154,154,154,154,154,154,154,154,154,154,154],"relic_stats":{"Blood Vial":6,"counters":[6,41],"Astrolabe":[],"Gambling Chip":[3],"PreservedInsect":127,"Ginger":[2],"Question Card":10,"Boot":[3],"obtain_stats":[{"Pear":0,"Astrolabe":0,"Vajra":0,"Thread and Needle":0,"PreservedInsect":0,"Ginger":47,"Question Card":0,"Boot":0,"Burning Blood":0,"White Beast Statue":43,"Blood Vial":0,"SlaversCollar":0,"Gambling Chip":54,"Orrery":47,"Bag of Marbles":41},{"Pear":0,"Astrolabe":0,"Vajra":0,"Thread and Needle":0,"PreservedInsect":0,"Ginger":2,"Question Card":0,"Boot":0,"Burning Blood":0,"White Beast Statue":2,"Blood Vial":0,"SlaversCollar":0,"Gambling Chip":5,"Orrery":2,"Bag of Marbles":2},{"Pear":0,"Astrolabe":0,"Vajra":0,"Thread and Needle":0,"PreservedInsect":0,"Ginger":16,"Question Card":0,"Boot":0,"Burning Blood":0,"White Beast Statue":16,"Blood Vial":0,"SlaversCollar":0,"Gambling Chip":33,"Orrery":16,"Bag of Marbles":16}],"Burning Blood":24},"card_choices":[{"not_picked":["Bloodletting","True Grit"],"picked":"Headbutt","floor":1.0},{"not_picked":["Flex","Dark Embrace"],"picked":"Ghostly Armor","floor":3.0},{"not_picked":["Blood for Blood","Feel No Pain"],"picked":"Clothesline","floor":4.0},{"not_picked":["Clash","Blood for Blood"],"picked":"Infernal Blade","floor":5.0},{"not_picked":["Sever Soul","Intimidate"],"picked":"Feed","floor":6.0},{"not_picked":["Flex","Sword Boomerang"],"picked":"Searing Blow","floor":7.0},{"not_picked":["Clash","Warcry"],"picked":"Iron Wave","floor":8.0},{"not_picked":["Cleave","Warcry"],"picked":"Infernal Blade","floor":10.0},{"not_picked":["Flex","Thunderclap"],"picked":"Feel No Pain","floor":12.0},{"not_picked":["Twin Strike","Thunderclap"],"picked":"Headbutt","floor":13.0},{"not_picked":["Iron Wave","Brutality"],"picked":"Flame Barrier","floor":14.0},{"not_picked":["Offering","Impervious"],"picked":"Reaper","floor":16.0},{"not_picked":["Warcry","Pommel Strike"],"picked":"Second Wind+1","floor":18.0},{"not_picked":["Anger+1","Headbutt"],"picked":"Double Tap","floor":19.0},{"not_picked":["Shrug It Off","Second Wind"],"picked":"Uppercut+1","floor":20.0},{"not_picked":["Iron Wave","Perfected Strike"],"picked":"Armaments","floor":21.0},{"not_picked":["Power Through","Shrug It Off"],"picked":"Flame Barrier","floor":23.0},{"not_picked":["Flame Barrier","Fiend Fire"],"picked":"Iron Wave","floor":25.0},{"not_picked":["Heavy Blade","Armaments","Whirlwind+1"],"picked":"Pommel Strike+1","floor":28.0},{"not_picked":["Feel No Pain","Blood for Blood","True Grit"],"picked":"Inflame","floor":30.0},{"not_picked":["Power Through","True Grit","Pommel Strike"],"picked":"Warcry+1","floor":31.0},{"not_picked":["Double Tap","Brutality","Impervious"],"picked":"Corruption","floor":33.0},{"not_picked":["Metallicize","Armaments+1","Clothesline"],"picked":"Entrench","floor":35.0},{"not_picked":["Pummel+1","Combust+1","Anger"],"picked":"Shrug It Off+1","floor":36.0},{"not_picked":["Hemokinesis+1","Burning Pact","Anger"],"picked":"Battle Trance+1","floor":37.0},{"not_picked":["Thunderclap","Flex","Fire Breathing+1"],"picked":"Pommel Strike+1","floor":38},{"not_picked":["Flex+1","True Grit+1","Bloodletting+1"],"picked":"Shrug It Off","floor":39},{"not_picked":["Sword Boomerang+1","Cleave","Spot Weakness+1"],"picked":"Dark Embrace","floor":41},{"not_picked":["Feel No Pain","Burning Pact","Armaments"],"picked":"Barricade","floor":47},{"not_picked":["Rampage","Heavy Blade","Perfected Strike+1"],"picked":"Headbutt+1","floor":47},{"not_picked":["Headbutt+1","Pommel Strike+1","Fire Breathing+1"],"picked":"Dual Wield+1","floor":47},{"not_picked":["Headbutt","Intimidate","Perfected Strike+1"],"picked":"Bludgeon","floor":47},{"not_picked":["Whirlwind","Thunderclap","Clothesline+1"],"picked":"Battle Trance","floor":48},{"not_picked":["Thunderclap","Infernal Blade+1","Pummel"],"picked":"Flame Barrier","floor":54}],"player_experience":87386,"relics_obtained":[{"floor":6.0,"key":"Vajra"},{"floor":8.0,"key":"Blood Vial"},{"floor":12.0,"key":"PreservedInsect"},{"floor":23.0,"key":"Thread and Needle"},{"floor":25.0,"key":"Question Card"},{"floor":26.0,"key":"Boot"},{"floor":31.0,"key":"Pear"},{"floor":41,"key":"Bag of Marbles"},{"floor":43,"key":"White Beast Statue"},{"floor":54,"key":"Gambling Chip"}],"event_choices":[{"cards_removed":["Second Wind"],"damage_healed":85.0,"max_hp_gain":0.0,"max_hp_loss":0.0,"gold_gain":0.0,"event_name":"Bonfire Elementals","player_choice":"Offered Uncommon","floor":22.0,"gold_loss":0.0,"damage_taken":0.0},{"damage_healed":0,"gold_gain":0,"player_choice":"Ignored","damage_taken":0,"max_hp_gain":0,"max_hp_loss":0,"event_name":"Tomb of Lord Red Mask","floor":44,"gold_loss":0},{"damage_healed":0,"gold_gain":0,"player_choice":"Forge","damage_taken":0,"max_hp_gain":0,"max_hp_loss":0,"event_name":"Accursed Blacksmith","floor":46,"gold_loss":0,"cards_upgraded":["Entrench"]}],"is_beta":false,"boss_relics":[{"not_picked":["Mark of Pain","Black Blood"],"picked":"SlaversCollar"},{"not_picked":["Runic Dome","Busted Crown"],"picked":"Astrolabe"}],"items_purged_floors":[],"is_endless":false,"potions_floor_spawned":[1,4,7,12,13,14,18,19,25,31,36,39,41,48,54],"killed_by":"The Heart","ascension_level":1}}