{"host":"ojewyrjrsle6lxg2","time":1609250162,"event":{"mods":["Act Like it!","BaseMod","Hallownest","Minty Spire (QoL Compilation)","StSLib","The Bug Knight","The IronCluck"],"gold_per_floor":[117,129,129,59,14,14,48,48,48,67,67,32,49,49,49,49,49],"floor_reached":16,"playtime":934,"items_purged":[],"score":98,"play_id":"08e66c05-e130-48c9-80ad-770a865679be","local_time":"20201229145602","is_ascension_mode":false,"campfire_choices":[{"data":"HollowMod:InfectedCysts","floor":6,"key":"SMITH"},{"floor":11,"key":"REST"},{"floor":15,"key":"REST"}],"circlet_count":0,"master_deck":["HollowMod:NailStrikeStart","HollowMod:NailStrikeStart","HollowMod:NailStrikeStart","HollowMod:NailStrikeStart","HollowMod:QuickDashStart","HollowMod:QuickDashStart","HollowMod:QuickDashStart","HollowMod:QuickDashStart","HollowMod:FocusHealStart","HollowMod:PogoStrike","HollowMod:InfectedCysts","HollowMod:InfectedCysts+1","Hallownest:curseDreamersLament","HollowMod:VengefulVoid","HollowMod:NewJinnsSoul","HollowMod:QuirrelsAssistance","HollowMod:HowlingWraiths","HollowMod:CoiledNail","HollowMod:Grubsong"],"relics":["HollowMod:VesselMask","Pen Nib","Hallownest:TeacherSealRelic","Hallownest:StagBellRelic1","Dream Catcher","Pantograph","Hallownest:SalubrasBlessingRelic"],"acts_visited":["Hallownest:Greenpath"],"potions_floor_usage":[16],"damage_taken":[{"damage":6,"enemies":"Hallownest:monsterHuskWarrior","floor":1,"turns":3},{"damage":5,"enemies":"Hallownest:2_Baldur","floor":2,"turns":2},{"damage":45,"enemies":"Hallownest:eliteMossKnight","floor":7,"turns":8},{"damage":1,"enemies":"Hallownest:2_MossCreeps","floor":10,"turns":3},{"damage":8,"enemies":"Hallownest:monsterFoolEater","floor":13,"turns":3},{"damage":86,"enemies":"Hallownest:BossBrokenVessel","floor":16,"turns":9}],"seed_played":"-6719564523206037161","potions_obtained":[{"floor":1,"key":"SkillPotion"}],"is_trial":false,"path_per_floor":["M","M","?","?","$","R","E","?","T","M","R","$","M","?","R","B"],"character_chosen":"THE_BUGKNIGHT","items_purchased":["HollowMod:VengefulVoid","HollowMod:CoiledNail"],"campfire_rested":2,"item_purchase_floors":[5,12],"current_hp_per_floor":[75,70,70,70,70,70,31,21,21,20,42,42,34,34,58,0,0],"gold":49,"neow_bonus":"RANDOM_COMMON_RELIC","is_daily":false,"chose_seed":false,"campfire_upgraded":1,"win_rate":0.0,"timestamp":1609250162,"path_taken":["M","?","?","?","$","R","E","?","T","M","R","$","M","?","R","BOSS"],"items_purchased_type":["Card","Card"],"build_version":"2020-12-22","purchased_purges":0,"victory":false,"max_hp_per_floor":[75,75,75,75,75,75,75,75,75,75,75,75,75,75,77,77,77],"card_choices":[{"not_picked":["HollowMod:GrimmsGift","HollowMod:MonarchWings"],"picked":"HollowMod:InfectedCysts","floor":1},{"not_picked":["HollowMod:NewLittleFool","HollowMod:CloakDash"],"picked":"HollowMod:InfectedCysts","floor":2},{"not_picked":["HollowMod:InfectedAttack","HollowMod:SoulSplash"],"picked":"HollowMod:NewJinnsSoul","floor":7},{"not_picked":["HollowMod:HuntersJournal","HollowMod:SoulSplash"],"picked":"HollowMod:QuirrelsAssistance","floor":10},{"not_picked":["HollowMod:ShapeofUnn","HollowMod:ShadowDash"],"picked":"HollowMod:HowlingWraiths","floor":11},{"not_picked":["HollowMod:ShadowDash","HollowMod:CoiledNail"],"picked":"HollowMod:Grubsong","floor":13}],"player_experience":147814,"relics_obtained":[{"floor":7,"key":"Dream Catcher"},{"floor":9,"key":"Pantograph"}],"event_choices":[],"is_beta":false,"boss_relics":[],"items_purged_floors":[],"is_endless":false,"potions_floor_spawned":[1],"killed_by":"Hallownest:BossBrokenVessel","ascension_level":0}}