{"host":"7o30bgpqouqblh42","time":1609206901,"event":{"mods":["AchievementEnabler","Aspiration","BaseMod","Colored Map","Downfall","Highlight Path","Minty Spire (QoL Compilation)","StSLib","SuperFastMode"],"gold_per_floor":[111,125,75,75,150,184,184,195,219,230,245,245,245,205,205,308,308,321,335,192,192,192],"floor_reached":21,"playtime":1643,"items_purged":["Strike_B"],"score":188,"play_id":"9c016084-100c-4079-a3eb-58e74afb2820","local_time":"20201228205501","is_ascension_mode":true,"campfire_choices":[{"data":"Barrage","floor":7.0,"key":"SMITH"},{"floor":13.0,"key":"REST"},{"data":"Rainbow","floor":15.0,"key":"SMITH"}],"circlet_count":0,"master_deck":["Strike_B","Strike_B","Defend_B","Defend_B","Defend_B","Zap","Dualcast","Hologram","Barrage+1","Stack","Machine Learning","Barrage","Rainbow+1","Self Repair","Fission","CurseOfTheBell","Steam Power"],"relics":["Nuclear Battery","Eternal Feather","Calling Bell","Lantern","Blue Candle","WingedGreaves"],"acts_visited":["Exordium","TheCity"],"potions_floor_usage":[19],"damage_taken":[{"damage":0.0,"enemies":"Cultist","floor":1.0,"turns":4.0},{"damage":4.0,"enemies":"Small Slimes","floor":2.0,"turns":3.0},{"damage":28.0,"enemies":"Lagavulin","floor":6.0,"turns":6.0},{"damage":2.0,"enemies":"2 Louse","floor":8.0,"turns":3.0},{"damage":18.0,"enemies":"Exordium Thugs","floor":10.0,"turns":5.0},{"damage":4.0,"enemies":"2 Fungi Beasts","floor":11.0,"turns":3.0},{"damage":37.0,"enemies":"Slime Boss","floor":16.0,"turns":11.0},{"damage":18,"enemies":"2 Thieves","floor":18,"turns":4},{"damage":31,"enemies":"Shell Parasite","floor":19,"turns":7},{"damage":44,"enemies":"3 Cultists","floor":21,"turns":4}],"seed_played":"-8476893882755963723","potions_obtained":[{"floor":2.0,"key":"Fire Potion"},{"floor":6.0,"key":"Energy Potion"},{"floor":8.0,"key":"AttackPotion"},{"floor":19,"key":"LiquidBronze"}],"is_trial":false,"path_per_floor":["M","M","?","?","?","E","R","M","T","M","M","?","R","$","R","B",null,"M","M","$","M"],"character_chosen":"DEFECT","items_purchased":["Self Repair","Steam Power"],"campfire_rested":1,"item_purchase_floors":[14,20],"current_hp_per_floor":[75,71,71,64,53,25,31,29,29,11,7,15,43,43,52,22,75,64,40,40,0,0],"gold":192,"neow_bonus":"BOSS_RELIC","is_daily":false,"chose_seed":false,"campfire_upgraded":2,"win_rate":0.0,"timestamp":1609206901,"path_taken":["M","?","?","?","?","E","R","M","T","M","M","?","R","?","R","BOSS","M","M","$","M"],"items_purchased_type":["Card","Card"],"build_version":"2020-12-22","purchased_purges":1,"victory":false,"max_hp_per_floor":[75,75,75,75,75,75,75,75,75,75,75,75,75,75,75,75,75,75,75,75,75,75],"card_choices":[{"not_picked":["Steam","Chill"],"picked":"Hologram","floor":1.0},{"not_picked":["Rebound","Ball Lightning"],"picked":"Barrage","floor":2.0},{"not_picked":["Capacitor","Blizzard"],"picked":"Stack","floor":6.0},{"not_picked":["Darkness","Compile Driver"],"picked":"Machine Learning","floor":8.0},{"not_picked":["Steam","Conserve Battery"],"picked":"Barrage","floor":10.0},{"not_picked":["Go for the Eyes","Gash"],"picked":"Rainbow","floor":11.0},{"not_picked":["Amplify","Thunder Strike"],"picked":"Fission","floor":16.0},{"not_picked":["Rebound+1","Stack","Darkness"],"picked":"SKIP","floor":18},{"not_picked":["Leap","Self Repair","Cold Snap+1"],"picked":"SKIP","floor":19}],"player_experience":195142,"relics_obtained":[{"floor":6.0,"key":"Eternal Feather"},{"floor":17.0,"key":"Lantern"},{"floor":17.0,"key":"Blue Candle"},{"floor":17.0,"key":"WingedGreaves"}],"event_choices":[{"cards_removed":["Strike_B"],"damage_healed":0.0,"max_hp_gain":0.0,"max_hp_loss":0.0,"gold_gain":0.0,"event_name":"The Cleric","player_choice":"Card Removal","floor":3.0,"gold_loss":50.0,"damage_taken":0.0},{"cards_removed":["Defend_B"],"damage_healed":0.0,"max_hp_gain":0.0,"max_hp_loss":0.0,"gold_gain":0.0,"event_name":"Golden Wing","player_choice":"Card Removal","floor":4.0,"gold_loss":0.0,"damage_taken":7.0},{"damage_healed":0.0,"max_hp_gain":0.0,"max_hp_loss":0.0,"gold_gain":75.0,"event_name":"World of Goop","player_choice":"Gather Gold","floor":5.0,"gold_loss":0.0,"damage_taken":11.0}],"is_beta":false,"boss_relics":[{"not_picked":["Cursed Key","aspiration:SilentSkillbook"],"picked":"Calling Bell"}],"items_purged_floors":[20],"is_endless":false,"potions_floor_spawned":[2,6,8,19],"killed_by":"3 Cultists","ascension_level":1}}