{"host":"i09pxcjttd31eh4q","time":1609216325,"event":{"mods":["AchievementEnabler","BaseMod","Colored Map","Keyboard Shortcuts","Minty Spire (QoL Compilation)","StSLib","SuperFastMode"],"gold_per_floor":[118,43,43,43,54,54,54,79,126,158,158,176,202,230,230,230,230],"floor_reached":16,"playtime":354,"items_purged":["Strike_G"],"score":282,"play_id":"1cf01b77-6d50-4a7d-be7a-bb45fbe95d10","local_time":"20201229133205","is_ascension_mode":true,"campfire_choices":[{"data":"Deadly Poison","floor":6.0,"key":"SMITH"},{"data":"Well Laid Plans","floor":11.0,"key":"SMITH"},{"floor":15,"key":"REST"}],"circlet_count":0,"master_deck":["AscendersBane","Strike_G","Strike_G","Strike_G","Strike_G","Defend_G","Defend_G","Defend_G","Defend_G","Defend_G","Survivor","Neutralize","Deadly Poison+1","Well Laid Plans+1","Catalyst+1","Acrobatics","Acrobatics","Escape Plan"],"relics":["Ring of the Snake","NeowsBlessing","Bottled Tornado","PreservedInsect","Pen Nib","Singing Bowl","Odd Mushroom"],"acts_visited":["Exordium"],"potions_floor_usage":[13,14,16],"damage_taken":[{"damage":0.0,"enemies":"Cultist","floor":1.0,"turns":1.0},{"damage":0.0,"enemies":"Jaw Worm","floor":5.0,"turns":1.0},{"damage":0.0,"enemies":"Gremlin Nob","floor":8.0,"turns":1.0},{"damage":15.0,"enemies":"Lagavulin","floor":10.0,"turns":5.0},{"damage":5.0,"enemies":"Small Slimes","floor":12.0,"turns":3.0},{"damage":19,"enemies":"3 Sentries","floor":13,"turns":7},{"damage":14,"enemies":"The Mushroom Lair","floor":14,"turns":7},{"damage":28,"enemies":"Slime Boss","floor":16,"turns":7}],"seed_played":"-1515799151863233234","potions_obtained":[{"floor":5.0,"key":"PowerPotion"},{"floor":12.0,"key":"Block Potion"},{"floor":13,"key":"SneckoOil"}],"is_trial":false,"path_per_floor":["M","$","?","$","M","R","?","E","T","E","R","M","E","?","R","B"],"character_chosen":"THE_SILENT","items_purchased":[],"campfire_rested":1,"item_purchase_floors":[],"current_hp_per_floor":[59,59,59,59,59,59,59,59,59,44,44,39,22,10,31,3,3],"gold":230,"neow_bonus":"THREE_ENEMY_KILL","is_daily":false,"chose_seed":false,"campfire_upgraded":2,"win_rate":0.0,"timestamp":1609216325,"path_taken":["M","$","?","$","?","R","?","E","T","E","R","M","E","?","R","BOSS"],"items_purchased_type":[],"build_version":"2020-12-22","purchased_purges":1,"victory":false,"max_hp_per_floor":[66,66,66,66,66,66,66,66,66,66,66,66,68,70,70,70,70],"card_choices":[{"not_picked":["Flying Knee","Choke"],"picked":"Deadly Poison","floor":1.0},{"not_picked":["Footwork","Flying Knee"],"picked":"Catalyst","floor":5.0},{"not_picked":["Expertise","Eviscerate"],"picked":"Acrobatics","floor":8.0},{"not_picked":["Distraction","Sucker Punch"],"picked":"Acrobatics","floor":10.0},{"not_picked":["Skewer","Prepared"],"picked":"Escape Plan","floor":12.0},{"not_picked":["Setup","Masterful Stab","Accuracy"],"picked":"Singing Bowl","floor":13},{"not_picked":["Distraction","Poisoned Stab","Backstab"],"picked":"Singing Bowl","floor":14}],"player_experience":785996,"relics_obtained":[{"floor":8.0,"key":"Bottled Tornado"},{"floor":9.0,"key":"PreservedInsect"},{"floor":10.0,"key":"Pen Nib"},{"floor":13,"key":"Singing Bowl"},{"floor":14,"key":"Odd Mushroom"}],"event_choices":[{"damage_healed":0.0,"max_hp_gain":0.0,"max_hp_loss":0.0,"gold_gain":0.0,"event_name":"Match and Keep!","player_choice":"1 cards matched","floor":3.0,"gold_loss":0.0,"damage_taken":0.0,"cards_obtained":["Well Laid Plans"]},{"damage_healed":0.0,"max_hp_gain":0.0,"max_hp_loss":0.0,"gold_gain":0.0,"event_name":"Living Wall","player_choice":"Grow","floor":7.0,"gold_loss":0.0,"damage_taken":0.0,"cards_upgraded":["Catalyst"]},{"damage_healed":0,"gold_gain":0,"player_choice":"Fought Mushrooms","damage_taken":0,"max_hp_gain":0,"max_hp_loss":0,"event_name":"Mushrooms","floor":14,"gold_loss":0}],"is_beta":false,"boss_relics":[],"items_purged_floors":[2],"is_endless":false,"potions_floor_spawned":[5,12,13],"killed_by":"Slime Boss","ascension_level":20}}