{"host":"y89x8uui45kcjy42","time":1609228372,"event":{"mods":["2.2 Compatiblity","BaseMod","CapriCore","Colored Map","Colored Powertips","Custom Start","Friendly Minions","Highlight Path","Keyboard Shortcuts","Minty Spire (QoL Compilation)","Relic Stats","Slay the Relics Exporter","StSLib","SuperFastMode","Waifu the Spire"],"gold_per_floor":[359,359,509,81,81,81,142,142,142,142,159,191,208,226,226,298,298,317,327,140,140,152,190,202,249,261,273,285,297,327,339,351,438,450,480,492,492],"floor_reached":36,"playtime":969,"items_purged":["Strike_R","Defend_R"],"score":842,"play_id":"8d0b9b8d-3c57-40ae-8e62-58634773c44a","local_time":"20201229165252","is_ascension_mode":true,"campfire_choices":[{"data":"Uppercut","floor":6,"key":"SMITH"},{"data":"Bash","floor":8,"key":"SMITH"},{"data":"Shrug It Off","floor":10,"key":"SMITH"},{"data":"Demon Form","floor":15,"key":"SMITH"},{"data":"Double Tap","floor":24,"key":"SMITH"},{"data":"Dark Embrace","floor":28,"key":"SMITH"},{"data":"Metallicize","floor":29,"key":"SMITH"},{"data":"Bloodletting","floor":32,"key":"SMITH"}],"circlet_count":0,"master_deck":["Bash+1","Uppercut+1","Shrug It Off+1","Demon Form+1","Double Tap+1","Searing Blow+1","Offering+1","Intimidate+1","Bloodletting+1","Shrug It Off","Metallicize+1","Second Wind","Dark Embrace+1","Disarm","Bite","Bite","Bite","Bite","Limit Break"],"relics":["Burning Blood","Bag of Preparation","Sling","Oddly Smooth Stone","Letter Opener","Nunchaku","Astrolabe","MawBank","Blood Vial","Toy Ornithopter","Nloth\u0027s Gift","WingedGreaves","Empty Cage","Coffee Dripper"],"acts_visited":["Exordium","TheCity","TheBeyond"],"potions_floor_usage":[16,33,36],"damage_taken":[{"damage":1,"enemies":"Small Slimes","floor":1,"turns":4},{"damage":36,"enemies":"Lagavulin Event","floor":7,"turns":6},{"damage":5,"enemies":"2 Louse","floor":11,"turns":3},{"damage":15,"enemies":"Lagavulin","floor":12,"turns":5},{"damage":15,"enemies":"Jaw Worm","floor":13,"turns":4},{"damage":20,"enemies":"2 Fungi Beasts","floor":14,"turns":4},{"damage":27,"enemies":"The Guardian","floor":16,"turns":9},{"damage":21,"enemies":"Shell Parasite","floor":18,"turns":2},{"damage":18,"enemies":"3 Byrds","floor":19,"turns":3},{"damage":63,"enemies":"Gremlin Leader","floor":23,"turns":4},{"damage":52,"enemies":"Slavers","floor":25,"turns":5},{"damage":18,"enemies":"3 Cultists","floor":30,"turns":3},{"damage":122,"enemies":"Collector","floor":33,"turns":9},{"damage":81,"enemies":"3 Darklings","floor":35,"turns":6}],"seed_played":"-3685058647924182953","potions_obtained":[{"floor":7,"key":"Swift Potion"},{"floor":11,"key":"ElixirPotion"},{"floor":13,"key":"Regen Potion"},{"floor":16,"key":"ElixirPotion"},{"floor":18,"key":"FairyPotion"},{"floor":30,"key":"CultistPotion"},{"floor":33,"key":"SneckoOil"}],"is_trial":false,"path_per_floor":["M","?","?","$","?","R","?","R","T","R","M","E","M","M","R","B",null,"M","M","$","?","?","E","R","E","T","?","R","R","M","?","R","B",null,"M","M"],"character_chosen":"IRONCLAD","items_purchased":["Shrug It Off","Sling","Oddly Smooth Stone","Shrug It Off","Metallicize"],"campfire_rested":0,"item_purchase_floors":[4,4,4,20,20],"current_hp_per_floor":[73,47,47,47,40,40,20,20,20,20,21,76,67,53,53,47,76,61,49,49,49,49,73,73,29,29,29,29,29,19,19,19,15,48,38,0,0],"gold":492,"neow_bonus":"TWO_FIFTY_GOLD","is_daily":false,"chose_seed":false,"campfire_upgraded":8,"win_rate":0.0,"timestamp":1609228372,"path_taken":["M","?","?","$","?","R","?","R","T","R","M","E","M","M","R","BOSS","M","M","$","?","?","E","R","E","T","?","R","R","?","?","R","BOSS","M","M"],"items_purchased_type":["Card","Relic","Relic","Card","Card"],"build_version":"2020-12-22","purchased_purges":2,"victory":false,"max_hp_per_floor":[75,75,75,75,75,75,85,85,85,85,85,85,85,85,85,85,85,85,85,85,85,85,85,85,85,85,85,85,85,85,59,59,59,59,59,59,59],"relic_stats":{"Blood Vial":10,"Nunchaku":[9],"counters":[15,71],"Astrolabe":["Searing Blow","Offering","Intimidate"],"Bag of Preparation":[28],"Nloth\u0027s Gift":0,"Letter Opener":[173],"MawBank":180,"obtain_stats":[{"Pear":7,"Astrolabe":17,"Oddly Smooth Stone":4,"Omamori":0,"Bag of Preparation":2,"Letter Opener":9,"Sling":4,"MawBank":21,"Empty Cage":34,"Burning Blood":0,"Blood Vial":23,"Nunchaku":12,"WingedGreaves":27,"Nloth\u0027s Gift":27,"Coffee Dripper":35,"Toy Ornithopter":25},{"Pear":1,"Astrolabe":7,"Oddly Smooth Stone":1,"Omamori":0,"Bag of Preparation":1,"Letter Opener":2,"Sling":1,"MawBank":9,"Empty Cage":13,"Burning Blood":0,"Blood Vial":10,"Nunchaku":4,"WingedGreaves":11,"Nloth\u0027s Gift":11,"Coffee Dripper":14,"Toy Ornithopter":11},{"Pear":4,"Astrolabe":35,"Oddly Smooth Stone":4,"Omamori":0,"Bag of Preparation":4,"Letter Opener":10,"Sling":4,"MawBank":40,"Empty Cage":61,"Burning Blood":0,"Blood Vial":44,"Nunchaku":18,"WingedGreaves":49,"Nloth\u0027s Gift":49,"Coffee Dripper":63,"Toy Ornithopter":49}],"Burning Blood":84,"Toy Ornithopter":10},"card_choices":[{"not_picked":["Perfected Strike","Pummel"],"picked":"Uppercut","floor":1},{"not_picked":["Body Slam","Cleave"],"picked":"Demon Form","floor":11},{"not_picked":["Perfected Strike","Cleave","Thunderclap"],"picked":"SKIP","floor":12},{"not_picked":["Anger","Clothesline","Rupture"],"picked":"SKIP","floor":13},{"not_picked":["Flex","Clash","Sever Soul"],"picked":"SKIP","floor":14},{"not_picked":["Corruption","Juggernaut"],"picked":"Double Tap","floor":16},{"not_picked":["Pummel","Twin Strike"],"picked":"Bloodletting","floor":18},{"not_picked":["Heavy Blade+1","Blood for Blood","Iron Wave"],"picked":"SKIP","floor":19},{"not_picked":["Fiend Fire","Corruption","Clothesline"],"picked":"SKIP","floor":23},{"not_picked":["Flame Barrier","Evolve"],"picked":"Dark Embrace","floor":25},{"not_picked":["True Grit+1","Rampage+1"],"picked":"Disarm","floor":30},{"not_picked":["Double Tap","Bludgeon"],"picked":"Limit Break","floor":33},{"not_picked":["Anger+1","Armaments+1","Clothesline"],"picked":"SKIP","floor":35}],"player_experience":524420,"relics_obtained":[{"floor":9,"key":"Letter Opener"},{"floor":12,"key":"Nunchaku"},{"floor":23,"key":"Blood Vial"},{"floor":25,"key":"Toy Ornithopter"}],"event_choices":[{"damage_healed":0,"gold_gain":0,"player_choice":"Success","damage_taken":26,"relics_obtained":["Bag of Preparation"],"max_hp_gain":0,"max_hp_loss":0,"event_name":"Scrap Ooze","floor":2,"gold_loss":0},{"damage_healed":0,"gold_gain":150,"player_choice":"AGREE","damage_taken":0,"max_hp_gain":0,"max_hp_loss":0,"event_name":"Liars Game","floor":3,"gold_loss":0,"cards_obtained":["Doubt"]},{"cards_removed":["Strike_R"],"damage_healed":0,"gold_gain":0,"player_choice":"Card Removal","damage_taken":7,"max_hp_gain":0,"max_hp_loss":0,"event_name":"Golden Wing","floor":5,"gold_loss":0},{"damage_healed":0,"gold_gain":0,"player_choice":"Searched \u00272\u0027 times","damage_taken":0,"relics_obtained":["Pear"],"max_hp_gain":0,"max_hp_loss":0,"event_name":"Dead Adventurer","floor":7,"gold_loss":0},{"damage_healed":0,"gold_gain":0,"player_choice":"Opened","damage_taken":0,"relics_obtained":["MawBank"],"max_hp_gain":0,"max_hp_loss":0,"event_name":"The Mausoleum","floor":21,"gold_loss":0,"cards_obtained":["Writhe"]},{"damage_healed":0,"gold_gain":0,"player_choice":"Read","damage_taken":0,"max_hp_gain":0,"max_hp_loss":0,"event_name":"The Library","floor":22,"gold_loss":0,"cards_obtained":["Second Wind"]},{"damage_healed":0,"gold_gain":0,"player_choice":"Traded Relic","damage_taken":0,"relics_obtained":["Nloth\u0027s Gift"],"max_hp_gain":0,"max_hp_loss":0,"event_name":"N\u0027loth","floor":27,"relics_lost":["Pear"],"gold_loss":0},{"damage_healed":0,"gold_gain":0,"player_choice":"Became a vampire","damage_taken":0,"max_hp_gain":0,"max_hp_loss":26,"event_name":"Vampires","floor":31,"gold_loss":0,"cards_obtained":["Bite","Bite","Bite","Bite","Bite"]}],"is_beta":false,"boss_relics":[{"not_picked":["Velvet Choker","Fusion Hammer"],"picked":"Astrolabe"},{"not_picked":["Pandora\u0027s Box","Snecko Eye"],"picked":"Empty Cage"}],"items_purged_floors":[4,20],"is_endless":false,"potions_floor_spawned":[7,11,13,16,18,30,33],"killed_by":"3 Shapes","ascension_level":20}}