{"host":"yq9dmb6jykv04g7m","time":1609230594,"event":{"mods":["Aspiration","BaseMod","Colored Map","Colored Powertips","Hubris","Infinite Spire","Minty Spire (QoL Compilation)","MostiFishMod","Rare Cards Sparkle","Replay The Spire","Spicy Shops","StSLib","SuperFastMode","【功能Mod】聪明的最终Boss"],"gold_per_floor":[116,130,130,150,75,75,110,110,163,163,174,201,214,114,114,213,213,227,246,246,246,95,129,129,140,217,217,243,243,243,269,269,372,372,382,94,109,109,154,154,334,334,334,346,356,201,233,250,250,250,250],"floor_reached":50,"playtime":3780,"items_purged":["Defend_G","Strike_G"],"score":843,"play_id":"18eb1c3d-83a1-4b98-80b8-b32f418ed423","local_time":"20201229162954","is_ascension_mode":true,"campfire_choices":[{"data":"Bouncing Flask","floor":6.0,"key":"SMITH"},{"data":"Bane","floor":10.0,"key":"SMITH"},{"data":"Draining Mist","floor":15.0,"key":"SMITH"},{"data":"MostiFishMod:SephirahHod","floor":24.0,"key":"SMITH"},{"data":"Adrenaline","floor":24.0,"key":"SMITH"},{"data":"RitualDagger","floor":27.0,"key":"SMITH"},{"data":"Deadly Poison","floor":27.0,"key":"SMITH"},{"data":"MostiFishMod:Confrontation","floor":32.0,"key":"SMITH"},{"data":"infinitespire:SevenWalls","floor":32.0,"key":"SMITH"},{"data":"Envenom","floor":40.0,"key":"SMITH"},{"data":"Bane","floor":40.0,"key":"SMITH"},{"data":"infinitespire:Starlight","floor":42,"key":"SMITH"},{"data":"Neutralize","floor":42,"key":"SMITH"},{"data":"Adrenaline","floor":49,"key":"SMITH"},{"data":"infinitespire:FutureSight","floor":49,"key":"SMITH"}],"circlet_count":0,"master_deck":["Strike_G","Strike_G","Strike_G","Strike_G","Defend_G","Defend_G","Defend_G","Defend_G","Survivor","Neutralize+1","Backflip","Bouncing Flask+1","Deadly Poison+1","Bane+1","Backflip","Draining Mist+1","Adrenaline+1","MostiFishMod:SephirahHod+1","Poisoned Stab+1","RitualDagger+1","MostiFishMod:Confrontation+1","Bouncing Flask+1","Deadly Poison+1","infinitespire:SevenWalls+1","Bane+1","Envenom+1","Noxious Fumes+1","Bane+1","infinitespire:Starlight+1","Adrenaline+1","infinitespire:FutureSight+1"],"relics":["Ring of the Snake","DaveBox","NeowsBlessing","SynthV:TestCard","ArrowTower","Blood Vial","Snake Skull","infinitespire:Beetle Shell","MostiFishMod:Hod","aspiration:RitualStick","Replay:Arrowhead","Replay:Ringing Soul","hubris:MysteriousPyramids","infinitespire:Bottled Soul","RhineSuit","Juzu Bracelet","Dodecahedron","infinitespire:ShieldingShard","infinitespire:Joker Card","hubris:SlimyHat"],"acts_visited":["Exordium","TheCity","TheBeyond"],"potions_floor_usage":[],"damage_taken":[{"damage":0.0,"enemies":"Cultist","floor":1.0,"turns":1.0},{"damage":0.0,"enemies":"Jaw Worm","floor":2.0,"turns":1.0},{"damage":0.0,"enemies":"2 Louse","floor":4.0,"turns":1.0},{"damage":20.0,"enemies":"Gremlin Nob","floor":7.0,"turns":3.0},{"damage":0.0,"enemies":"2 Fungi Beasts","floor":11.0,"turns":2.0},{"damage":7.0,"enemies":"Lagavulin","floor":12.0,"turns":4.0},{"damage":1.0,"enemies":"3 Louse","floor":13.0,"turns":3.0},{"damage":15.0,"enemies":"The Guardian","floor":16.0,"turns":5.0},{"damage":12.0,"enemies":"Chosen","floor":18.0,"turns":3.0},{"damage":8.0,"enemies":"Shell Parasite","floor":19.0,"turns":3.0},{"damage":0.0,"enemies":"Book of Stabbing","floor":23.0,"turns":4.0},{"damage":0.0,"enemies":"Snake Plant","floor":25.0,"turns":2.0},{"damage":0.0,"enemies":"Nightmare","floor":28.0,"turns":3.0},{"damage":0.0,"enemies":"Book of Stabbing","floor":31.0,"turns":3.0},{"damage":0.0,"enemies":"Automaton","floor":33.0,"turns":6.0},{"damage":0.0,"enemies":"3 Shapes","floor":35.0,"turns":3.0},{"damage":0.0,"enemies":"Orb Walker","floor":37.0,"turns":2.0},{"damage":16.0,"enemies":"2 Orb Walkers","floor":39.0,"turns":3.0},{"damage":7.0,"enemies":"infinitespire:Three Voidlings","floor":41.0,"turns":3.0},{"damage":54.0,"enemies":"Nightmare_Alpha","floor":41.0,"turns":6.0},{"damage":0,"enemies":"Spire Growth","floor":44,"turns":3},{"damage":34,"enemies":"Writhing Mass","floor":45,"turns":3},{"damage":0,"enemies":"Nightmare","floor":47,"turns":6},{"damage":0,"enemies":"Transient","floor":48,"turns":5},{"damage":74,"enemies":"Time Eater","floor":50,"turns":20}],"seed_played":"-9149830991179593669","potions_obtained":[{"floor":4.0,"key":"FearPotion"},{"floor":7.0,"key":"Toxic Potion"},{"floor":11.0,"key":"SmokeBomb"},{"floor":16.0,"key":"Energy Potion"}],"is_trial":false,"path_per_floor":["M","M","?","M","$","R","E","?","T","R","M","E","M","$","R","B",null,"M","M","?","?","$","E","R","M","T","R","NM","AVR","?","E","R","B",null,"M","$","M","?","?","R","?","R","T","M","M","$","NM","M","R","B"],"character_chosen":"THE_SILENT","items_purchased":["MostiFishMod:Confrontation","Replay:Arrowhead","Juzu Bracelet","Dodecahedron","hubris:SlimyHat"],"campfire_rested":0,"item_purchase_floors":[22,22,36,36,46],"current_hp_per_floor":[70,70,70,70,70,70,50,50,50,50,52,47,48,48,48,35,70,58,52,46,32,32,37,37,42,42,42,47,47,47,49,49,54,82,85,85,85,81,68,68,19,19,19,36,19,19,39,56,56,0,0],"gold":250,"neow_bonus":"THREE_ENEMY_KILL","is_daily":false,"chose_seed":false,"campfire_upgraded":15,"win_rate":0.0,"timestamp":1609230594,"path_taken":["M","?","?","M","$","R","E","?","T","R","M","E","M","$","R","BOSS","M","M","?","?","$","E","R","M","T","R","NM","AVR","?","E","R","BOSS","M","$","M","?","?","R","?","R","T","M","M","?","NM","M","R","BOSS"],"items_purchased_type":["Card","Relic","Relic","Relic","Relic"],"build_version":"2020-12-22","purchased_purges":2,"victory":false,"max_hp_per_floor":[70,70,70,70,70,70,70,70,70,70,70,70,70,70,70,70,70,70,70,70,70,70,73,73,76,76,76,79,79,79,79,79,82,82,85,85,85,81,84,84,87,87,87,87,87,87,90,90,90,90,90],"card_choices":[{"not_picked":["Predator","Prepared","Flying Knee"],"picked":"SKIP","floor":1.0},{"not_picked":["hubris:Sniper","Finisher","Deadly Poison","Replay:Poison Smokescreen"],"picked":"Backflip","floor":2.0},{"not_picked":["Tactician","Prepared","hubris:Sniper","Fluid Movement"],"picked":"Deadly Poison","floor":4.0},{"not_picked":["Fluid Movement","Choke","Prepared","Sneak Up"],"picked":"Bane","floor":7.0},{"not_picked":["Dagger Throw","Hidden Blade","Footwork","Toxin Wave"],"picked":"Backflip","floor":11.0},{"not_picked":["PiercingWail","aspiration:Lunge","Tactician","Deflect","Outmaneuver"],"picked":"SKIP","floor":12.0},{"not_picked":["Flechettes","PiercingWail","Blade Dance","Dodge and Roll"],"picked":"Draining Mist","floor":13.0},{"not_picked":["Envenom","Malaise","Night Terror","MostiFishMod:GrandStart"],"picked":"Adrenaline","floor":16.0},{"not_picked":["Slice+1","Predator","Blur","Dagger Spray","ReplayTheSpireMod:Tripwire+1"],"picked":"SKIP","floor":18.0},{"not_picked":["Acrobatics","Cloak And Dagger","Masterful Stab","Prepared"],"picked":"Poisoned Stab+1","floor":19.0},{"not_picked":["Blade Dance","Malaise","Skewer+1","Replay:Poison Smokescreen+1"],"picked":"Bouncing Flask+1","floor":23.0},{"not_picked":["PiercingWail","MostiFishMod:FrostNova","Dagger Throw","Prepared+1"],"picked":"Deadly Poison+1","floor":25.0},{"not_picked":["hubris:InfiniteBlow","infinitespire:SealOfDarkness+"],"picked":"infinitespire:SevenWalls","floor":28.0},{"not_picked":["Choke","Riddle With Holes","Flying Knee+1","Blur+1"],"picked":"Bane+1","floor":28.0},{"not_picked":["Underhanded Strike","hubris:Counter+1","Deflect+1","Dash","Slice"],"picked":"SKIP","floor":31.0},{"not_picked":["MostiFishMod:VineMother","MostiFishMod:HiddenBlade","Glass Knife","Unload"],"picked":"Envenom","floor":33.0},{"not_picked":["Crippling Poison+1","Flechettes","Finisher","Prepared+1"],"picked":"Noxious Fumes+1","floor":35.0},{"not_picked":["MostiFishMod:PreservedThorns+1","Underhanded Strike","Slice","Dagger Spray+1","Poisoned Stab"],"picked":"SKIP","floor":37.0},{"not_picked":["Quick Slash","Dodge and Roll+1","Outmaneuver","Acrobatics+1"],"picked":"Bane","floor":39.0},{"not_picked":["hubris:InfiniteBlow","hubris:Fate"],"picked":"infinitespire:Starlight","floor":41},{"not_picked":["ReplayTheSpireMod:Tripwire+1","Riddle With Holes","Hidden Blade","Infinite Blades","Sucker Punch"],"picked":"SKIP","floor":44},{"not_picked":["MostiFishMod:LethalBlade","PiercingWail","Blade Dance","Hidden Blade+1","Outmaneuver"],"picked":"SKIP","floor":45},{"not_picked":["Replay:Poison Smokescreen","Footwork+1","ReplayTheSpireMod:Scrap Shanks","Finisher"],"picked":"Adrenaline","floor":47},{"not_picked":["Replay:Fractal Strike","ReplayTheSpireMod:??????????????????????"],"picked":"infinitespire:FutureSight","floor":47},{"not_picked":["MostiFishMod:PerfectParry+1","Terror+1","ReplayTheSpireMod:Scrap Shanks+1","Deadly Poison+1","PiercingWail"],"picked":"SKIP","floor":48}],"player_experience":95527,"relics_obtained":[{"floor":1.0,"key":"SynthV:TestCard"},{"floor":7.0,"key":"Blood Vial"},{"floor":9.0,"key":"Snake Skull"},{"floor":12.0,"key":"infinitespire:Beetle Shell"},{"floor":23.0,"key":"Replay:Ringing Soul"},{"floor":26.0,"key":"hubris:MysteriousPyramids"},{"floor":28.0,"key":"infinitespire:Bottled Soul"},{"floor":41,"key":"infinitespire:ShieldingShard"},{"floor":41,"key":"infinitespire:Joker Card"}],"event_choices":[{"damage_healed":0.0,"max_hp_gain":0.0,"max_hp_loss":0.0,"gold_gain":0.0,"event_name":"Golden Idol","player_choice":"Ignored","floor":8.0,"gold_loss":0.0,"damage_taken":0.0},{"damage_healed":0.0,"max_hp_gain":0.0,"max_hp_loss":0.0,"gold_gain":0.0,"event_name":"Nest","player_choice":"Joined the Cult","floor":20.0,"gold_loss":0.0,"damage_taken":6.0,"cards_obtained":["RitualDagger"]},{"damage_healed":0.0,"max_hp_gain":0.0,"max_hp_loss":4.0,"gold_gain":0.0,"event_name":"Winding Halls","player_choice":"Max HP","floor":38.0,"gold_loss":0.0,"damage_taken":0.0},{"damage_healed":0.0,"max_hp_gain":0.0,"max_hp_loss":0.0,"gold_gain":0.0,"event_name":"Mysterious Sphere","player_choice":"Fight","floor":39.0,"gold_loss":0.0,"damage_taken":0.0}],"is_beta":false,"boss_relics":[{"not_picked":["RhineCircuit","SlaversCollar"],"picked":"MostiFishMod:Hod"},{"not_picked":["aspiration:FutureDiary","Fusion Hammer"],"picked":"RhineSuit"}],"items_purged_floors":[5,14],"is_endless":true,"potions_floor_spawned":[4,7,11,16,19,23,31,39,41,41,48],"killed_by":"Time Eater","ascension_level":3}}