{"host":"qhn6g0owdgjb77rz","time":1609246183,"event":{"mods":["BaseMod","BetterRewards","Colored Map","Minty Spire (QoL Compilation)","Relic Sorter","Replay The Spire","StSLib"],"gold_per_floor":[57,73,23,23,42,42,76,76,99,129,149,169,201,229,229,316,316,348,263,294,312,587,587,620,638,638],"floor_reached":25,"playtime":964,"items_purged":[],"score":536,"play_id":"1472a816-a086-45ae-a95b-1aab6aa22fbc","local_time":"20201229214943","is_ascension_mode":true,"campfire_choices":[{"data":"Perfected Strike","floor":6.0,"key":"SMITH"},{"data":"Pommel Strike","floor":8.0,"key":"SMITH"},{"data":"Armaments","floor":15.0,"key":"SMITH"},{"data":"Armaments","floor":23,"key":"SMITH"}],"circlet_count":0,"master_deck":["AscendersBane","Strike_R","Strike_R","Strike_R","Strike_R","Strike_R","Defend_R","Defend_R","Defend_R","Defend_R","Perfected Strike+1","Twin Strike","Twin Strike","Pommel Strike+1","Armaments+1","Perfected Strike","Armaments+1","Wild Strike","ReplayTheSpireMod:Strike From Hell","Demonic Infusion","Twin Strike","Intimidate","Regret"],"relics":["Burning Blood","Oddly Smooth Stone","TheAbacus","Centennial Puzzle","ReplayFunnel","Blue Candle","Replay:Bandana","Replay:Bronze Core","MealTicket"],"acts_visited":["Exordium","TheCity"],"potions_floor_usage":[21],"damage_taken":[{"damage":0.0,"enemies":"Jaw Worm","floor":1.0,"turns":4.0},{"damage":7.0,"enemies":"2 Louse","floor":2.0,"turns":2.0},{"damage":0.0,"enemies":"Cultist","floor":5.0,"turns":2.0},{"damage":16.0,"enemies":"Lagavulin","floor":7.0,"turns":5.0},{"damage":4.0,"enemies":"Gremlin Nob","floor":10.0,"turns":3.0},{"damage":13.0,"enemies":"Exordium Wildlife","floor":11.0,"turns":3.0},{"damage":8.0,"enemies":"Red Slaver","floor":12.0,"turns":2.0},{"damage":19.0,"enemies":"Lagavulin","floor":13.0,"turns":6.0},{"damage":10.0,"enemies":"Gremlin Gang","floor":14.0,"turns":5.0},{"damage":38.0,"enemies":"Hexaghost","floor":16.0,"turns":10.0},{"damage":23.0,"enemies":"Spheric Guardian","floor":18.0,"turns":4.0},{"damage":0.0,"enemies":"3 Byrds","floor":20.0,"turns":4.0},{"damage":0,"enemies":"Snake Plant","floor":21,"turns":1},{"damage":6,"enemies":"Centurion and Healer","floor":24,"turns":4},{"damage":70,"enemies":"Slavers","floor":25,"turns":3}],"seed_played":"-7747776323351798242","potions_obtained":[{"floor":2.0,"key":"SpeedPotion"},{"floor":4.0,"key":"EntropicBrew"},{"floor":4.0,"key":"Flashbang"},{"floor":5.0,"key":"Fruit Juice"},{"floor":7.0,"key":"SteroidPotion"},{"floor":12.0,"key":"Reflective Coating"},{"floor":16.0,"key":"FearPotion"}],"is_trial":false,"path_per_floor":["M","M","?","?","M","R","E","R","T","E","M","M","E","M","R_BF","B",null,"M","?","M","M","?","R","M","E"],"character_chosen":"IRONCLAD","items_purchased":["Perfected Strike","Oddly Smooth Stone","TheAbacus"],"campfire_rested":0,"item_purchase_floors":[0,0,0],"current_hp_per_floor":[78,77,77,77,85,85,75,75,75,77,70,68,55,51,51,19,69,52,52,58,64,64,64,64,0,0],"gold":638,"neow_bonus":"","is_daily":false,"chose_seed":false,"campfire_upgraded":4,"win_rate":0.0,"timestamp":1609246183,"path_taken":["M","M","?","?","M","R","E","R","T","E","M","?","E","M","R_BF","BOSS","M","?","M","M","?","R","?","E"],"items_purchased_type":["Card","Relic","Relic"],"build_version":"2020-12-22","purchased_purges":0,"victory":false,"max_hp_per_floor":[80,80,80,80,85,85,85,85,85,85,85,85,85,85,85,85,85,85,85,85,85,85,85,85,85,85],"card_choices":[{"not_picked":["Defy Death","Heavy Blade"],"picked":"Twin Strike","floor":1.0},{"not_picked":["Flex","Clothesline"],"picked":"Twin Strike","floor":2.0},{"not_picked":["Second Wind","Burning Pact","ReplayTheSpireMod:Limb From Limb"],"picked":"SKIP","floor":5.0},{"not_picked":["Hemokinesis","Power Through"],"picked":"Pommel Strike","floor":7.0},{"not_picked":["Hemokinesis","Heavy Blade"],"picked":"Armaments","floor":10.0},{"not_picked":["ReplayTheSpireMod:LeadingStrike","Power Through"],"picked":"Perfected Strike","floor":11.0},{"not_picked":["Reaper","Headbutt"],"picked":"Armaments","floor":12.0},{"not_picked":["Burning Pact","Whirlwind"],"picked":"Wild Strike","floor":13.0},{"not_picked":["Warcry","Run Through"],"picked":"ReplayTheSpireMod:Strike From Hell","floor":14.0},{"not_picked":["Juggernaut","Bludgeon"],"picked":"Demonic Infusion","floor":16.0},{"not_picked":["Iron Wave","Flex","Armaments"],"picked":"SKIP","floor":18.0},{"not_picked":["ReplayTheSpireMod:Strike From Hell","Havoc"],"picked":"Twin Strike","floor":20.0},{"not_picked":["Evolve","Pummel"],"picked":"Intimidate","floor":21},{"not_picked":["Sword Boomerang","Replay:Undeath\u0027s Touch","Flex"],"picked":"SKIP","floor":24}],"player_experience":398296,"relics_obtained":[{"floor":7.0,"key":"Centennial Puzzle"},{"floor":9.0,"key":"ReplayFunnel"},{"floor":10.0,"key":"Blue Candle"},{"floor":13.0,"key":"Replay:Bandana"}],"event_choices":[{"cards_removed":["Bash"],"damage_healed":0.0,"max_hp_gain":0.0,"max_hp_loss":0.0,"gold_gain":0.0,"event_name":"The Cleric","player_choice":"Card Removal","floor":3.0,"gold_loss":50.0,"damage_taken":0.0},{"damage_healed":0.0,"max_hp_gain":0.0,"max_hp_loss":0.0,"gold_gain":0.0,"event_name":"Lab","player_choice":"Got Potions","floor":4.0,"gold_loss":0.0,"damage_taken":0.0},{"damage_healed":0.0,"max_hp_gain":0.0,"max_hp_loss":0.0,"gold_gain":0.0,"event_name":"Addict","player_choice":"Obtained Relic","floor":19.0,"gold_loss":85.0,"damage_taken":0.0,"relics_obtained":["MealTicket"]},{"damage_healed":0,"gold_gain":275,"player_choice":"Desecrate","damage_taken":0,"max_hp_gain":0,"max_hp_loss":0,"event_name":"Golden Shrine","floor":22,"gold_loss":0,"cards_obtained":["Regret"]}],"is_beta":false,"boss_relics":[{"not_picked":["Runic Cube","Fusion Hammer"],"picked":"Replay:Bronze Core"}],"items_purged_floors":[],"is_endless":false,"potions_floor_spawned":[2,5,7,12,16],"killed_by":"Slavers","ascension_level":13}}