{"host":"iy58fyt9wsbv4cf1","time":1609274822,"event":{"mods":["BaseMod","Better Altar","Better Match","Better Skull","Better Third Choice","BetterRewards","Conspire","Custom Start","Defuse TimeMaze Blight","Hubris","Infinite Spire","Minty Spire (QoL Compilation)","Permanent Neow","Quick Restart","Spicy Shops","StSLib","Thieving Mod"],"gold_per_floor":[111,130,143,143,143,143,171,182,182,182,199,13,38,50,50,145,145,164,164,178,198,213,239,239,37,37,37,37,37,54,73,73,177,177,192,210,227,247,264,264,264,264,264,160,160,172,172,204,204,204],"floor_reached":51,"playtime":1029,"items_purged":["Strike_B","Strike_B","Strike_B","Defend_B"],"score":1011,"play_id":"76d2c026-1d72-4bc9-a64d-7799df9551d3","local_time":"20201229154702","is_ascension_mode":false,"campfire_choices":[{"data":"Storm","floor":6.0,"key":"SMITH"},{"floor":15.0,"key":"REST"},{"data":"Amplify","floor":24.0,"key":"SMITH"},{"data":"Amplify+1","floor":29.0,"key":"SMITH"},{"data":"Storm","floor":32.0,"key":"SMITH"},{"data":"Amplify+2","floor":40.0,"key":"SMITH"},{"data":"Seek","floor":42.0,"key":"SMITH"},{"data":"White Noise","floor":45.0,"key":"SMITH"},{"data":"Dualcast","floor":47.0,"key":"SMITH"},{"data":"Thunder Strike","floor":49.0,"key":"SMITH"}],"circlet_count":0,"master_deck":["Defend_B","Defend_B","Defend_B","Zap","Dualcast+1","Storm+1","Tempest","Storm+1","Amplify+3","Static Discharge","Turbo","Electrodynamics","Self Repair","Capacitor","White Noise+1","Seek+1","White Noise+1","Thunder Strike+1"],"relics":["Cracked Core","Lee\u0027s Waffle","Bag of Preparation","hubris:BallOfYels","hubris:Icosahedron","conspire:DeflatedDodgeball","hubris:MysteriousPyramids","Membership Card","Art of War","Dream Catcher","infinitespire:Cupcake","MealTicket","Lizard Tail","conspire:InfiniteJournal","Anchor","hubris:Backtick","Mummified Hand","Ornamental Fan","hubris:PeanutButter"],"acts_visited":["Exordium","TheCity","TheBeyond"],"potions_floor_usage":[],"damage_taken":[{"damage":1.0,"enemies":"Cultist","floor":1.0,"turns":3.0},{"damage":0.0,"enemies":"conspire:RoseBush","floor":2.0,"turns":2.0},{"damage":6.0,"enemies":"Jaw Worm","floor":3.0,"turns":2.0},{"damage":21.0,"enemies":"3 Sentries","floor":7.0,"turns":4.0},{"damage":16.0,"enemies":"Large Slime","floor":8.0,"turns":3.0},{"damage":9.0,"enemies":"2 Fungi Beasts","floor":11.0,"turns":3.0},{"damage":0.0,"enemies":"Gremlin Nob","floor":13.0,"turns":2.0},{"damage":1.0,"enemies":"Gremlin Gang","floor":14.0,"turns":2.0},{"damage":14.0,"enemies":"Slime Boss","floor":16.0,"turns":5.0},{"damage":12.0,"enemies":"Shell Parasite","floor":18.0,"turns":1.0},{"damage":8.0,"enemies":"conspire:FuzzyDice","floor":20.0,"turns":2.0},{"damage":0.0,"enemies":"Centurion and Healer","floor":21.0,"turns":1.0},{"damage":0.0,"enemies":"3 Cultists","floor":22.0,"turns":2.0},{"damage":25.0,"enemies":"Book of Stabbing","floor":23.0,"turns":3.0},{"damage":0.0,"enemies":"Snecko","floor":30.0,"turns":1.0},{"damage":2.0,"enemies":"Centurion and Healer","floor":31.0,"turns":2.0},{"damage":22.0,"enemies":"Automaton","floor":33.0,"turns":3.0},{"damage":0.0,"enemies":"3 Darklings","floor":35.0,"turns":1.0},{"damage":0.0,"enemies":"3 Shapes","floor":36.0,"turns":1.0},{"damage":0.0,"enemies":"3 Darklings","floor":37.0,"turns":1.0},{"damage":0.0,"enemies":"Transient","floor":38.0,"turns":5.0},{"damage":0.0,"enemies":"Spire Growth","floor":39.0,"turns":1.0},{"damage":0.0,"enemies":"3 Darklings","floor":46.0,"turns":1.0},{"damage":0.0,"enemies":"Nightmare","floor":48.0,"turns":1.0},{"damage":0,"enemies":"Awakened One","floor":50,"turns":2}],"seed_played":"-6889572968727418458","potions_obtained":[{"floor":1.0,"key":"LiquidMemories"},{"floor":8.0,"key":"Block Potion"},{"floor":11.0,"key":"FearPotion"},{"floor":13.0,"key":"LiquidMemories"},{"floor":14.0,"key":"SkillPotion"},{"floor":20.0,"key":"SkillPotion"},{"floor":21.0,"key":"SneckoOil"},{"floor":30.0,"key":"DistilledChaos"},{"floor":35.0,"key":"PotionOfCapacity"},{"floor":46.0,"key":"PowerPotion"}],"is_trial":false,"path_per_floor":["M","M","M","$","?","R","E","M","T","T","M","$","E","M","R","B",null,"M","?","M","M","M","E","R","$","T","AVR","?","R","M","M","R","B",null,"M","M","M","M","M","R","?","R","T","$","R","M","R","NM","R","B",null],"character_chosen":"DEFECT","items_purchased":["Storm","Lee\u0027s Waffle","Bag of Preparation","Tempest","Storm","hubris:BallOfYels","Membership Card","Art of War","Lizard Tail","conspire:InfiniteJournal","White Noise"],"campfire_rested":1,"item_purchase_floors":[0,0,0,0,0,0,12,12,25,25,44],"current_hp_per_floor":[81,81,75,75,75,75,54,38,38,38,29,29,29,28,52,38,82,70,70,62,62,62,37,37,52,52,52,52,52,52,64,64,42,82,82,82,82,82,82,82,82,82,82,82,82,82,82,82,82,82],"gold":204,"neow_bonus":"","is_daily":false,"chose_seed":false,"campfire_upgraded":9,"win_rate":0.0,"timestamp":1609274822,"path_taken":["M","M","?","$","?","R","E","M","T","?","M","$","E","M","R","BOSS","M","?","M","M","M","E","R","$","T","AVR","?","R","M","M","R","BOSS","M","M","M","M","M","R","?","R","T","$","R","M","R","NM","R","BOSS"],"items_purchased_type":["Card","Relic","Relic","Card","Card","Relic","Relic","Relic","Relic","Relic","Card"],"build_version":"2020-12-22","purchased_purges":4,"victory":true,"max_hp_per_floor":[82,82,82,82,82,82,82,82,82,82,82,82,82,82,82,82,82,82,82,82,82,82,82,82,82,82,82,82,82,82,82,82,82,82,82,82,82,82,82,82,82,82,82,82,82,82,82,82,82,82],"card_choices":[{"not_picked":["Gash","Leap","Stack"],"picked":"SKIP","floor":1.0},{"not_picked":["conspire:SharedLibrary","Hologram"],"picked":"Amplify","floor":2.0},{"not_picked":["Sunder","Hologram","Reinforced Body"],"picked":"SKIP","floor":3.0},{"not_picked":["Compile Driver","Redo","Ball Lightning"],"picked":"SKIP","floor":7.0},{"not_picked":["Redo","Streamline","Rebound"],"picked":"SKIP","floor":8.0},{"not_picked":["Redo","Ball Lightning"],"picked":"Static Discharge","floor":11.0},{"not_picked":["Chill","Redo","Core Surge"],"picked":"SKIP","floor":13.0},{"not_picked":["conspire:SharedLibrary","Coolheaded"],"picked":"Turbo","floor":14.0},{"not_picked":["Multi-Cast","hubris:DoWhile"],"picked":"Electrodynamics","floor":16.0},{"not_picked":["Steam Power","Streamline","Compile Driver+1"],"picked":"SKIP","floor":18.0},{"not_picked":["Steam","Aggregate","Leap"],"picked":"SKIP","floor":20.0},{"not_picked":["Stack","Beam Cell","Redo+1"],"picked":"SKIP","floor":21.0},{"not_picked":["Ball Lightning","Rip and Tear","Gash"],"picked":"SKIP","floor":22.0},{"not_picked":["Go for the Eyes","Consume"],"picked":"Self Repair","floor":23.0},{"not_picked":["Leap","Go for the Eyes"],"picked":"Capacitor","floor":30.0},{"not_picked":["Streamline","Redo"],"picked":"White Noise+1","floor":31.0},{"not_picked":["All For One","Rainbow"],"picked":"Seek","floor":33.0},{"not_picked":["Barrage","Loop","Rebound+1"],"picked":"SKIP","floor":35.0},{"not_picked":["Gash","Sweeping Beam+1","Tempest"],"picked":"SKIP","floor":36.0},{"not_picked":["Force Field","Redo+1","Genetic Algorithm"],"picked":"SKIP","floor":37.0},{"not_picked":["Turbo","Conserve Battery+1","Rebound"],"picked":"SKIP","floor":38.0},{"not_picked":["Ball Lightning","Tempest","Auto Shields"],"picked":"SKIP","floor":39.0},{"not_picked":["Loop+1","Recycle","Sweeping Beam"],"picked":"SKIP","floor":46.0},{"not_picked":["Doom and Gloom","Double Energy"],"picked":"Thunder Strike","floor":48.0}],"player_experience":43686,"relics_obtained":[{"floor":7.0,"key":"conspire:DeflatedDodgeball"},{"floor":9.0,"key":"hubris:MysteriousPyramids"},{"floor":13.0,"key":"Dream Catcher"},{"floor":23.0,"key":"MealTicket"},{"floor":26.0,"key":"Anchor"},{"floor":43.0,"key":"Ornamental Fan"},{"floor":48.0,"key":"hubris:PeanutButter"}],"event_choices":[{"damage_healed":0.0,"max_hp_gain":0.0,"max_hp_loss":0.0,"gold_gain":0.0,"event_name":"Cursed Tome","player_choice":"Ignored","floor":19.0,"gold_loss":0.0,"damage_taken":0.0},{"damage_healed":0.0,"max_hp_gain":0.0,"max_hp_loss":0.0,"gold_gain":0.0,"event_name":"Vampires","player_choice":"Ignored","floor":28.0,"gold_loss":0.0,"damage_taken":0.0},{"cards_removed":["Strike_B"],"damage_healed":0.0,"max_hp_gain":0.0,"max_hp_loss":0.0,"gold_gain":0.0,"event_name":"Bonfire Elementals","player_choice":"Offered Basic","floor":41.0,"gold_loss":0.0,"damage_taken":0.0}],"is_beta":false,"boss_relics":[{"not_picked":["SlaversCollar","conspire:RoyalGoblet"],"picked":"infinitespire:Cupcake"},{"not_picked":["Fusion Hammer","Coffee Dripper"],"picked":"hubris:Backtick"}],"items_purged_floors":[0,25,27,44],"is_endless":false,"potions_floor_spawned":[1,8,11,13,14,20,21,30,35,37,39,46,48],"ascension_level":0}}