{"host":"r3d3rfw8zyydmocx","time":1609232972,"event":{"mods":["Aspiration","BaseMod","Better Third Choice","Colored Powertips","Conspire","Downfall","Hermit","Highlight Path","Hubris","Minty Spire (QoL Compilation)","StSLib","The Hierophant","The Servant 0.9.4"],"gold_per_floor":[349,360,360,374,374,387,387,237,271,271,271,285,46,65,76,172,172,172,185,203,216,101,101,127,212,243,243,243,268,284,300,315,315,315,315],"floor_reached":33,"playtime":1505,"items_purged":["conspire:GhostlyStrike","Slimebound:CorrosiveSpit"],"score":455,"play_id":"11d1fdb2-a4f1-4155-8b7f-1597b0328360","local_time":"20201229010932","is_ascension_mode":true,"campfire_choices":[{"floor":1.0,"key":"RECALL"},{"data":"Slimebound:PressTheAttack","floor":8.0,"key":"SMITH"},{"data":"Slimebound:Teamwork","floor":10.0,"key":"SMITH"},{"data":"Slimebound:Split","floor":18.0,"key":"SMITH"},{"data":"Slimebound:SamplingLick","floor":23.0,"key":"SMITH"},{"data":"Slimebound:SlimeTap","floor":28.0,"key":"SMITH"}],"circlet_count":0,"master_deck":["conspire:GhostlyStrike","conspire:GhostlyStrike+1","Slimebound:Tackle","conspire:GhostlyDefend","conspire:GhostlyDefend","conspire:GhostlyDefend+1","conspire:GhostlyDefend+1","Slimebound:Split+1","Slimebound:SplitMire","Slimebound:LeechEnergy","Slimebound:PressTheAttack+1","Slimebound:Teamwork+1","Slimebound:Repurpose","Slimebound:SlimeTap+1","Slimebound:MinionMaster","Slimebound:ForwardTackle","Slimebound:SplitMire","Slimebound:MassRepurpose","Slimebound:SamplingLick+1","Slimebound:LevelUp","Slimebound:PressTheAttack+1","Slimebound:SamplingLick+1","Slimebound:SlimeTap","Slimebound:LeechEnergy+1","Slimebound:RejuvenatingLick+1"],"relics":["Slimebound:AbsorbEndCombat","downfall:HeartBlessingBlue","downfall:HeartBlessingRed","hubris:SlimyHat","Coffee Dripper","Strawberry","conspire:TopHat","PreservedInsect"],"acts_visited":["Exordium","TheCity"],"potions_floor_usage":[31,31,32,32],"damage_taken":[{"damage":7.0,"enemies":"Small Slimes","floor":2.0,"turns":3.0},{"damage":15.0,"enemies":"Jaw Worm","floor":4.0,"turns":3.0},{"damage":17.0,"enemies":"2 Louse","floor":6.0,"turns":3.0},{"damage":24.0,"enemies":"3 Sentries","floor":9.0,"turns":5.0},{"damage":14.0,"enemies":"Exordium Wildlife","floor":12.0,"turns":5.0},{"damage":8.0,"enemies":"downfall:FleeingMerchant","floor":13.0,"turns":4.0},{"damage":9.0,"enemies":"Large Slime","floor":14.0,"turns":3.0},{"damage":18.0,"enemies":"Red Slaver","floor":15.0,"turns":3.0},{"damage":48.0,"enemies":"downfall:Watcher","floor":16.0,"turns":6.0},{"damage":21.0,"enemies":"Chosen","floor":19.0,"turns":3.0},{"damage":22.0,"enemies":"3 Cultists","floor":20.0,"turns":4.0},{"damage":37.0,"enemies":"Sentry and Sphere","floor":21.0,"turns":5.0},{"damage":23.0,"enemies":"downfall:FleeingMerchant","floor":22.0,"turns":4.0},{"damage":32.0,"enemies":"Gremlin Leader","floor":26.0,"turns":5.0},{"damage":43.0,"enemies":"Book of Stabbing","floor":29.0,"turns":5.0},{"damage":28.0,"enemies":"Cultist and Chosen","floor":30.0,"turns":5.0},{"damage":51,"enemies":"Snake Plant","floor":31,"turns":3},{"damage":25,"enemies":"Sentry and Sphere","floor":32,"turns":5},{"damage":29,"enemies":"downfall:Defect","floor":33,"turns":3}],"seed_played":"3273074843951767905","potions_obtained":[{"floor":4.0,"key":"Explosive Potion"},{"floor":9.0,"key":"BlessingOfTheForge"},{"floor":14.0,"key":"Guardian:BlockOnCardUsePotion"},{"floor":26.0,"key":"Ancient Potion"},{"floor":29.0,"key":"DuplicationPotion"},{"floor":30.0,"key":"Slimebound:ThreeZeroPotion"},{"floor":31,"key":"ColorlessPotion"}],"is_trial":false,"path_per_floor":["R","M","?","M","?","M","T","R","E","R","?","M","$","M","M","B",null,"R","M","M","M","$","R","T","?","E","?","R","E","M","M","M","B"],"character_chosen":"SLIMEBOUND","items_purchased":["Slimebound:SlimeTap","Slimebound:MinionMaster"],"campfire_rested":0,"item_purchase_floors":[13,13],"current_hp_per_floor":[39,38,38,37,37,30,30,40,32,32,32,34,44,51,49,31,60,60,69,69,58,65,65,72,60,60,60,60,49,43,14,17,0,0,0],"gold":315,"neow_bonus":"TWO_FIFTY_GOLD","is_daily":false,"chose_seed":false,"campfire_upgraded":5,"win_rate":0.0,"timestamp":1609232972,"path_taken":["R","M","?","M","?","M","T","R","E","R","?","M","$","M","M","BOSS","R","M","M","M","$","R","T","?","E","?","R","E","M","M","M","BOSS"],"items_purchased_type":["Card","Card"],"build_version":"2020-12-22","purchased_purges":2,"victory":false,"max_hp_per_floor":[60,60,60,60,60,60,60,70,70,70,70,70,70,70,70,70,70,70,70,70,70,70,70,77,77,77,77,77,77,77,77,77,77,77,77],"card_choices":[{"not_picked":["Slimebound:ServeAndProtect","Slimebound:RollThrough"],"picked":"Slimebound:SplitMire","floor":2.0},{"not_picked":["Slimebound:ComboTackle","Slimebound:BestDefense"],"picked":"Slimebound:LeechEnergy","floor":4.0},{"not_picked":["Slimebound:FlameTackle","Slimebound:ServeAndProtect"],"picked":"Slimebound:PressTheAttack","floor":6.0},{"not_picked":["Slimebound:TongueLash","Slimebound:SamplingLick"],"picked":"Slimebound:Teamwork","floor":9.0},{"not_picked":["Slimebound:Equalize","Slimebound:DisruptingSlam","Slimebound:SplitBruiser"],"picked":"SKIP","floor":12.0},{"not_picked":["Slimebound:HungryTackle","Slimebound:GoopSpray"],"picked":"Slimebound:Repurpose","floor":13.0},{"not_picked":["Slimebound:SpikyOuterGoop","Slimebound:LeechEnergy"],"picked":"Slimebound:ForwardTackle","floor":14.0},{"not_picked":["Slimebound:DuplicatedForm","Slimebound:SplitLeeching"],"picked":"Slimebound:SplitMire","floor":15.0},{"not_picked":["Slimebound:DouseInSlime","Slimebound:MassFeed"],"picked":"Slimebound:MassRepurpose","floor":16.0},{"not_picked":["Slimebound:ViciousTackle","Slimebound:SlimeSpikes","Slimebound:GrowthPunch"],"picked":"SKIP","floor":19.0},{"not_picked":["Slimebound:ItLooksTasty","Slimebound:SplitBruiser"],"picked":"Slimebound:SamplingLick","floor":20.0},{"not_picked":["Slimebound:ServeAndProtect","Slimebound:Nibble"],"picked":"Slimebound:LevelUp","floor":21.0},{"not_picked":["Slimebound:FirmFortitude","Slimebound:ServeAndProtect"],"picked":"Slimebound:PressTheAttack+1","floor":22.0},{"not_picked":["Slimebound:AcidTongue","Slimebound:MassFeed"],"picked":"Slimebound:SamplingLick+1","floor":26.0},{"not_picked":["Slimebound:GrowthPunch","Slimebound:RainOfGoop","Slimebound:ComboTackle"],"picked":"SKIP","floor":29.0},{"not_picked":["Slimebound:SplitBruiser+1","Slimebound:SplitMire"],"picked":"Slimebound:LeechEnergy+1","floor":30.0},{"not_picked":["Slimebound:FormOfPuddle","Slimebound:AcidTongue"],"picked":"Slimebound:RejuvenatingLick+1","floor":31},{"not_picked":["Slimebound:HungryTackle","Slimebound:ViciousTackle","Slimebound:ServeAndProtect+1"],"picked":"SKIP","floor":32}],"player_experience":550016,"relics_obtained":[{"floor":9.0,"key":"hubris:SlimyHat"},{"floor":24.0,"key":"Strawberry"},{"floor":26.0,"key":"conspire:TopHat"},{"floor":29.0,"key":"PreservedInsect"}],"event_choices":[{"damage_healed":0.0,"max_hp_gain":0.0,"max_hp_loss":0.0,"gold_gain":0.0,"event_name":"conspire:LoneGhost","player_choice":"Agree","floor":5.0,"gold_loss":0.0,"damage_taken":0.0},{"cards_removed":["Regret"],"damage_healed":0.0,"max_hp_gain":0.0,"max_hp_loss":0.0,"gold_gain":0.0,"event_name":"The Cleric","player_choice":"Card Removal","floor":11.0,"gold_loss":0.0,"damage_taken":0.0},{"damage_healed":0.0,"max_hp_gain":0.0,"max_hp_loss":0.0,"gold_gain":0.0,"event_name":"Duplicator","player_choice":"Copied","floor":27.0,"gold_loss":0.0,"damage_taken":0.0,"cards_obtained":["Slimebound:SlimeTap"]}],"is_beta":false,"boss_relics":[{"not_picked":["hubris:HollowSoul","Velvet Choker"],"picked":"Coffee Dripper"}],"items_purged_floors":[13,22],"is_endless":false,"potions_floor_spawned":[4,9,14,26,29,30,31],"killed_by":"downfall:Defect","ascension_level":8}}