{"host":"3qkmyeoym75lj4wn","time":1609262736,"event":{"mods":["2.2 Compatiblity","BaseMod","Block Reminder","Colored Powertips","Highlight Path","Minty Spire (QoL Compilation)","Permanent Neow","Potion Indicator Mod","Rare Cards Sparkle","Relic Stats","StSLib"],"gold_per_floor":[118,118,118,118,141,174,187,187,187],"floor_reached":8,"playtime":367,"items_purged":[],"score":162,"play_id":"219f307e-2876-407c-8ae6-0ef7f59ff6d0","local_time":"20201229172536","is_ascension_mode":true,"campfire_choices":[],"circlet_count":0,"master_deck":["AscendersBane","Strike_P","Strike_P","Strike_P","Strike_P","Defend_P","Defend_P","Defend_P","Defend_P","Eruption","Vigilance","Panacea","CrushJoints","FollowUp","WaveOfTheHand","Tantrum"],"relics":["PureWater","HornCleat","Golden Idol","InkBottle"],"acts_visited":["Exordium"],"potions_floor_usage":[6],"damage_taken":[{"damage":8,"enemies":"2 Louse","floor":1,"turns":4},{"damage":2,"enemies":"Jaw Worm","floor":5,"turns":4},{"damage":0,"enemies":"Gremlin Nob","floor":6,"turns":3},{"damage":0,"enemies":"Cultist","floor":7,"turns":2},{"damage":57,"enemies":"3 Sentries","floor":8,"turns":13}],"seed_played":"5689120159200087509","potions_obtained":[{"floor":5,"key":"FearPotion"}],"is_trial":false,"path_per_floor":["M","?","?","?","M","E","M","E"],"character_chosen":"WATCHER","items_purchased":[],"campfire_rested":0,"item_purchase_floors":[],"current_hp_per_floor":[53,48,48,48,46,46,46,0,0],"gold":187,"neow_bonus":"RANDOM_COLORLESS","is_daily":false,"chose_seed":false,"campfire_upgraded":0,"win_rate":0.0,"timestamp":1609262736,"path_taken":["M","?","?","?","M","E","M","E"],"items_purchased_type":[],"build_version":"2020-12-22","purchased_purges":0,"victory":false,"max_hp_per_floor":[68,68,62,62,62,62,62,62,62],"relic_stats":{"counters":[5,26],"Golden Idol":15,"obtain_stats":[{"HornCleat":2,"Golden Idol":3,"PureWater":0,"InkBottle":6},{"HornCleat":1,"Golden Idol":1,"PureWater":0,"InkBottle":3},{"HornCleat":4,"Golden Idol":4,"PureWater":0,"InkBottle":11}],"InkBottle":[3]},"card_choices":[{"not_picked":["Impatience","Bandage Up"],"picked":"Panacea","floor":0},{"not_picked":["EmptyBody","PathToVictory"],"picked":"CrushJoints","floor":1},{"not_picked":["MentalFortress","Meditate"],"picked":"FollowUp","floor":5},{"not_picked":["JustLucky","ThirdEye"],"picked":"WaveOfTheHand","floor":6},{"not_picked":["CrushJoints","Halt"],"picked":"Tantrum","floor":7}],"player_experience":1606584,"relics_obtained":[{"floor":6,"key":"InkBottle"}],"event_choices":[{"damage_healed":0,"gold_gain":0,"player_choice":"Success","damage_taken":5,"relics_obtained":["HornCleat"],"max_hp_gain":0,"max_hp_loss":0,"event_name":"Scrap Ooze","floor":2,"gold_loss":0},{"damage_healed":0,"gold_gain":0,"player_choice":"Lose Max HP","damage_taken":0,"relics_obtained":["Golden Idol"],"max_hp_gain":0,"max_hp_loss":6,"event_name":"Golden Idol","floor":3,"gold_loss":0},{"damage_healed":0,"gold_gain":0,"player_choice":"Ignored","damage_taken":0,"max_hp_gain":0,"max_hp_loss":0,"event_name":"Golden Wing","floor":4,"gold_loss":0}],"is_beta":false,"boss_relics":[],"items_purged_floors":[],"is_endless":false,"potions_floor_spawned":[5],"killed_by":"3 Sentries","ascension_level":20}}