{"host":"a1u4jo6xlg3w0wsm","time":1609249313,"event":{"mods":["BaseMod","Downfall","Hermit","Minty Spire (QoL Compilation)","Rare Cards Sparkle","Replay The Spire","StSLib"],"gold_per_floor":[111,111,111,111,286,319,319,38,38,63,63,63,76,90,90,188,188,206,57,57,69,84,114,114,167,167,167,15,42,71,201,201,320,320,360,340,360,397,414,455,455,485,511,549,366,393,428,141,141,165,165,165,19,58,72],"floor_reached":56,"playtime":5402,"items_purged":["hermit:Grudge"],"score":1458,"play_id":"d26e6046-9dc6-41bf-b44c-57f3bcf76a18","local_time":"20201230024153","is_ascension_mode":false,"campfire_choices":[{"data":"hermit:Gestalt","floor":7,"key":"SMITH"},{"data":"hermit:Snapshot","floor":11,"key":"SMITH"},{"data":"hermit:HoleUp","floor":15,"key":"SMITH"},{"data":"RitualDagger","floor":27,"key":"SMITH"},{"floor":32,"key":"REST"},{"floor":41,"key":"RECALL"},{"floor":49,"key":"DIG"},{"data":"hermit:ShadowCloak","floor":52,"key":"SMITH"}],"circlet_count":0,"master_deck":["hermit:Strike_Hermit","hermit:Strike_Hermit","hermit:Strike_Hermit","hermit:Strike_Hermit","hermit:Defend_Hermit+1","hermit:Defend_Hermit","hermit:Defend_Hermit","hermit:Defend_Hermit","hermit:Snapshot+1","hermit:Covet+1","hermit:Vantage+1","Looming Evil","Doubt","hermit:Gestalt+1","hermit:Determination+1","hermit:Grudge+1","hermit:TrackingShot","hermit:HoleUp+1","hermit:FromBeyond","hermit:SprayPray","hermit:TrackingShot","hermit:EyeOfTheStorm+1","hermit:Dive+1","hermit:Roulette+1","hermit:BlackWind","hermit:ShadowCloak+1","RitualDagger+1","hermit:Cheat","Doubt","hermit:Determination","hermit:Determination","hermit:HoleUp","hermit:TakeCover+1","hermit:Misfire","hermit:Glare","CommonCold","CurseOfTheBell","Slimebound:Icky","hermit:CalledShot","hermit:GhostlyPresence","hermit:Spite","hermit:Deadeye","hermit:Determination+1","Guardian:Aged","hermit:Horror+1","hermit:TakeAim+1","hermit:Determination","hermit:Determination+1","hermit:Spite+1","Shame","hermit:ShadowCloak+1","hermit:WideOpen+1"],"relics":["hermit:Momento","NeowsBlessing","Ring of Fangs","Ring of Hypnosis","InkBottle","Vajra","Guide Book","Divine Protection","Bird Faced Urn","Replay:Grab Bag","Busted Crown","Cursed Key","SlaversCollar","Black Star","Orrery","Enchiridion","Replay:Bandana","TungstenRod","Happy Flower","Smiling Mask","ReplayTheSpireMod:TigerMarble","Mango","Quantum Egg","Replay:Ancient Bell","Lantern","Replay:Ringing Soul","Counterbalance","Golden Egg","Lizard Tail","Art of War","Centennial Puzzle","Letter Opener","Replay:Wax Seal","Pet Ghost","Replay:Baseball","ReplayTheSpireMod:CursedCoin","ReplayFunnel","Bag of Preparation","ReplayTheSpireMod:Lightbulb"],"acts_visited":["Exordium","TheCity","TheBeyond","TheEnding"],"potions_floor_usage":[16,22,30,31,33,39,42,44,44,44,46,50,50,55,55],"damage_taken":[{"damage":0,"enemies":"Cultist","floor":1,"turns":1},{"damage":0,"enemies":"Gremlin Nob","floor":6,"turns":1},{"damage":0,"enemies":"3 Sentries","floor":10,"turns":2},{"damage":1,"enemies":"Jaw Worm","floor":13,"turns":5},{"damage":0,"enemies":"Small Slimes","floor":14,"turns":2},{"damage":2,"enemies":"Fading Forest","floor":16,"turns":11},{"damage":5,"enemies":"Shell Parasite","floor":18,"turns":6},{"damage":0,"enemies":"Chosen","floor":21,"turns":5},{"damage":0,"enemies":"Snecko","floor":22,"turns":5},{"damage":11,"enemies":"Slavers","floor":23,"turns":4},{"damage":8,"enemies":"Book of Stabbing","floor":25,"turns":5},{"damage":2,"enemies":"Sentry and Sphere","floor":29,"turns":4},{"damage":9,"enemies":"3 Cultists","floor":30,"turns":7},{"damage":14,"enemies":"Colosseum Slavers","floor":31,"turns":4},{"damage":12,"enemies":"Colosseum Nobs","floor":31,"turns":6},{"damage":0,"enemies":"Champ","floor":33,"turns":9},{"damage":0,"enemies":"3 Shapes","floor":35,"turns":2},{"damage":0,"enemies":"Orb Walker","floor":37,"turns":5},{"damage":19,"enemies":"Maw","floor":38,"turns":9},{"damage":24,"enemies":"Sphere and 2 Shapes","floor":39,"turns":7},{"damage":0,"enemies":"R_Hoarder","floor":40,"turns":9},{"damage":33,"enemies":"Jaw Worm Horde","floor":42,"turns":3},{"damage":18,"enemies":"Nemesis","floor":44,"turns":9},{"damage":0,"enemies":"Spire Growth","floor":46,"turns":6},{"damage":0,"enemies":"R_Hoarder","floor":47,"turns":9},{"damage":13,"enemies":"Replay:Hell Engine","floor":50,"turns":9},{"damage":7,"enemies":"Shield and Spear","floor":54,"turns":7},{"damage":27,"enemies":"The Heart","floor":55,"turns":7}],"seed_played":"1566327235243322313","potions_obtained":[{"floor":6,"key":"Doom Potion"},{"floor":14,"key":"Block Potion"},{"floor":16,"key":"Elixir"},{"floor":18,"key":"BlessingOfTheForge"},{"floor":25,"key":"LiquidMemories"},{"floor":30,"key":"hexamod:EctoCoolerPotion"},{"floor":31,"key":"CultistPotion"},{"floor":33,"key":"sneckomod:MuddlingPotion"},{"floor":36,"key":"GamblersBrew"},{"floor":39,"key":"Swift Potion"},{"floor":42,"key":"GamblersBrew"},{"floor":44,"key":"hermit:Tonic"},{"floor":47,"key":"Reflective Coating"},{"floor":54,"key":"Regen Potion"}],"is_trial":false,"path_per_floor":["M","?","?","T","?","E","R","$","T","E","R","?","M","M","R","B",null,"M","$","?","M","M","E","?","E","T","R","$","M","M","?","R","B",null,"M","?","M","M","M","E","R","M","T","E","$","M","E","$","R","B",null,"R","$","E","B",null],"character_chosen":"HERMIT","items_purchased":["hermit:Determination","hermit:Grudge","Guide Book","Orrery","hermit:Determination","hermit:HoleUp","hermit:TakeAim","Strength Potion","hermit:Tonic","hermit:Determination+1","Pet Ghost","hermit:Spite","ReplayTheSpireMod:CursedCoin","hermit:ShadowCloak","ReplayFunnel","Venom Potion"],"campfire_rested":1,"item_purchase_floors":[8,8,8,19,28,28,45,45,45,48,48,48,53,53,53,53],"current_hp_per_floor":[75,60,60,60,60,60,60,60,60,60,60,60,61,63,63,65,75,70,70,54,58,62,57,52,50,50,50,50,54,53,59,85,89,92,95,95,98,82,68,83,83,59,62,73,76,88,103,106,106,111,122,122,125,125,109],"gold":72,"neow_bonus":"THREE_ENEMY_KILL","is_daily":false,"chose_seed":false,"campfire_upgraded":5,"win_rate":0.0,"timestamp":1609249313,"path_taken":["M","?","?","?","?","E","R","?","T","E","R","?","M","?","R","BOSS","M","$","?","M","M","E","?","E","T","R","$","M","M","?","R","BOSS","M","?","?","M","M","E","R","?","T","E","$","M","E","$","R","BOSS","R","$","E","BOSS"],"items_purchased_type":["Card","Card","Relic","Relic","Card","Card","Card","Potion","Potion","Card","Relic","Card","Relic","Card","Relic","Potion"],"build_version":"2020-12-13","purchased_purges":1,"victory":true,"max_hp_per_floor":[75,75,75,75,75,75,75,75,75,75,75,75,75,75,75,75,75,75,75,75,75,75,75,75,75,75,75,75,75,75,89,89,89,92,95,95,98,101,101,104,104,107,110,113,116,116,119,122,122,122,122,122,125,128,128],"card_choices":[{"not_picked":["hermit:CalledShot","hermit:SprayPray"],"picked":"hermit:Vantage","floor":1},{"not_picked":["hermit:Roulette","hermit:Virtue"],"picked":"hermit:Gestalt","floor":6},{"not_picked":["hermit:LoneWolf","hermit:HighCaliber","hermit:ItchyTrigger"],"picked":"SKIP","floor":10},{"not_picked":["hermit:Coalescence","hermit:Magnum"],"picked":"hermit:TrackingShot","floor":13},{"not_picked":["hermit:BodyArmor","hermit:Scavenge"],"picked":"hermit:HoleUp","floor":14},{"not_picked":["hermit:RoundhouseKick","hermit:DeadOrAlive"],"picked":"hermit:FromBeyond","floor":16},{"not_picked":["hermit:LoneWolf"],"picked":"SKIP","floor":18},{"not_picked":[],"picked":"hermit:SprayPray","floor":19},{"not_picked":[],"picked":"hermit:TrackingShot","floor":19},{"not_picked":[],"picked":"hermit:EyeOfTheStorm+1","floor":19},{"not_picked":[],"picked":"hermit:Dive+1","floor":19},{"not_picked":[],"picked":"hermit:Roulette+1","floor":19},{"not_picked":[],"picked":"hermit:BlackWind","floor":21},{"not_picked":[],"picked":"hermit:ShadowCloak","floor":22},{"not_picked":["hermit:DeadMansHand"],"picked":"SKIP","floor":23},{"not_picked":[],"picked":"hermit:Cheat","floor":25},{"not_picked":[],"picked":"hermit:TakeCover+1","floor":29},{"not_picked":[],"picked":"hermit:Misfire","floor":30},{"not_picked":[],"picked":"hermit:Glare","floor":31},{"not_picked":[],"picked":"CommonCold","floor":34},{"not_picked":[],"picked":"CurseOfTheBell","floor":34},{"not_picked":[],"picked":"Slimebound:Icky","floor":34},{"not_picked":[],"picked":"hermit:CalledShot","floor":35},{"not_picked":[],"picked":"hermit:GhostlyPresence","floor":37},{"not_picked":[],"picked":"hermit:Spite","floor":38},{"not_picked":["hermit:ItchyTrigger"],"picked":"SKIP","floor":39},{"not_picked":[],"picked":"hermit:Deadeye","floor":40},{"not_picked":[],"picked":"hermit:Determination+1","floor":42},{"not_picked":[],"picked":"hermit:Horror+1","floor":44},{"not_picked":["hermit:BodyArmor+1"],"picked":"SKIP","floor":46},{"not_picked":[],"picked":"hermit:Determination","floor":47},{"not_picked":[],"picked":"hermit:WideOpen+1","floor":54}],"player_experience":225538,"relics_obtained":[{"floor":3,"key":"Ring of Fangs"},{"floor":3,"key":"Ring of Hypnosis"},{"floor":4,"key":"InkBottle"},{"floor":6,"key":"Vajra"},{"floor":9,"key":"Divine Protection"},{"floor":10,"key":"Bird Faced Urn"},{"floor":20,"key":"Enchiridion"},{"floor":23,"key":"Replay:Bandana"},{"floor":23,"key":"TungstenRod"},{"floor":25,"key":"Happy Flower"},{"floor":25,"key":"Smiling Mask"},{"floor":26,"key":"ReplayTheSpireMod:TigerMarble"},{"floor":31,"key":"Mango"},{"floor":31,"key":"Quantum Egg"},{"floor":40,"key":"Golden Egg"},{"floor":40,"key":"Lizard Tail"},{"floor":44,"key":"Art of War"},{"floor":44,"key":"Centennial Puzzle"},{"floor":47,"key":"Letter Opener"},{"floor":47,"key":"Replay:Wax Seal"},{"floor":49,"key":"Replay:Baseball"},{"floor":54,"key":"Bag of Preparation"},{"floor":54,"key":"ReplayTheSpireMod:Lightbulb"}],"event_choices":[{"damage_healed":0,"gold_gain":0,"player_choice":"Entered Light","damage_taken":15,"max_hp_gain":0,"max_hp_loss":0,"event_name":"Shining Light","floor":2,"gold_loss":0,"cards_upgraded":["hermit:Defend_Hermit","hermit:Covet"]},{"damage_healed":0,"gold_gain":175,"player_choice":"AGREE","damage_taken":0,"max_hp_gain":0,"max_hp_loss":0,"event_name":"Liars Game","floor":5,"gold_loss":0,"cards_obtained":["Doubt"]},{"damage_healed":0,"gold_gain":0,"player_choice":"Upgraded","damage_taken":0,"max_hp_gain":0,"max_hp_loss":0,"event_name":"Upgrade Shrine","floor":12,"gold_loss":0,"cards_upgraded":["hermit:Vantage"]},{"damage_healed":0,"gold_gain":0,"player_choice":"Obtained Book","damage_taken":16,"max_hp_gain":0,"max_hp_loss":0,"event_name":"Cursed Tome","floor":20,"gold_loss":0},{"damage_healed":0,"gold_gain":0,"player_choice":"Joined the Cult","damage_taken":6,"max_hp_gain":0,"max_hp_loss":0,"event_name":"Nest","floor":24,"gold_loss":0,"cards_obtained":["RitualDagger"]},{"damage_healed":0,"gold_gain":0,"player_choice":"Fight","damage_taken":0,"max_hp_gain":0,"max_hp_loss":0,"event_name":"Colosseum","floor":31,"gold_loss":0},{"damage_healed":0,"gold_gain":0,"player_choice":"Fought Nobs","damage_taken":0,"max_hp_gain":0,"max_hp_loss":0,"event_name":"Colosseum","floor":31,"gold_loss":0},{"damage_healed":0,"gold_gain":0,"player_choice":"Bought 1 Potion","damage_taken":0,"max_hp_gain":0,"max_hp_loss":0,"event_name":"The Woman in Blue","floor":36,"gold_loss":0}],"is_beta":false,"boss_relics":[{"not_picked":["hermit:BartenderGlass","Velvet Choker"],"picked":"Replay:Grab Bag"},{"not_picked":["Runic Dome","ChewingGum"],"picked":"Busted Crown"},{"not_picked":["Ectoplasm","Coffee Dripper"],"picked":"Cursed Key"},{"not_picked":["Snecko Eye","hermit:ClaspedLocket"],"picked":"SlaversCollar"},{"not_picked":["Astrolabe","Empty Cage"],"picked":"Black Star"},{"not_picked":["Honey Jar","Kintsugi"],"picked":"Replay:Ancient Bell"},{"not_picked":["Strawberry","Replay:Rubber Ducky"],"picked":"Lantern"},{"not_picked":["Replay:Bottled Snecko","Matryoshka"],"picked":"Replay:Ringing Soul"},{"not_picked":["Old Coin","WingedGreaves"],"picked":"Counterbalance"}],"items_purged_floors":[28],"is_endless":false,"potions_floor_spawned":[6,14,16,18,25,30,31,33,39,42,44,47,54],"ascension_level":0}}