{"host":"zpql4quw4g2j1hsh","time":1609230160,"event":{"mods":["Act Like it!","BaseMod","Better-Laid Plans","Challenge The Spire","Decade(王小明)","Lobotomy","LobotomyExtend","Minty Spire (QoL Compilation)","Permanent Neow","Quick Restart","Relic Stats","Spicy Shops","StSLib","SuperFastMode","【遗物卡牌】REMEMod","篝火指南"],"gold_per_floor":[118,128,140,65,65,65,75,75,128,128,138,156,156,183,183,287,287,301,312,324,344,344,344,76,76,76,106,124,149,159,178,178,274,274,292,306,41,56,73,184,34,62,62,62,76,76,93,93,93,93,93],"floor_reached":50,"playtime":3660,"items_purged":["WhitesApple","PunishingBird","SilentOrchestra","NakedNest"],"score":650,"play_id":"1ff2f657-9d92-493b-a861-431ededbf7bf","local_time":"20201229162240","is_ascension_mode":false,"campfire_choices":[{"data":"Decade_SpecialSkill","floor":6.0,"key":"SMITH"},{"data":"RideBooker_Skill_2","floor":15.0,"key":"SMITH"},{"data":"Blade_Metal","floor":32,"key":"SMITH"},{"data":"KamenRide","floor":49,"key":"SMITH"}],"circlet_count":0,"master_deck":["Funeral","QueenOfHatred","LongBird","ApocalypseBird","Decade_Attack","Decade_Attack","Decade_Attack","KamenRide+1","Decade_SpecialSkill+1","Decade_Defend","Decade_Defend+1","Decade_Defend","Decade_Defend","Blade_Metal+1","FairyFestival","RideBooker_Skill_2+1","RideBooker+1","REME_WheelOfFate+1","Laetitia","Scorched","Alriune","NMDAZYYGL+1"],"relics":["Decadriver","TOEIDeficitBill","REME_ComplimentaryCards","CogitoBucket","LetterFromLob","Anchor","HellTrain","Blood Vial","Philosopher\u0027s Stone","Nunchaku","War Paint","BackwardClock","Twilight","Happy Flower","Toxic Egg 2","Strawberry","Justitia_r","Molten Egg 2","InTheNameOfLoveAndHate_r","SlaversCollar","Frozen Eye","PreservedInsect","SolemnVow_r","REME_PuzzleBoxRelic","Ornamental Fan"],"acts_visited":["Exordium","TheCity","TheBeyond"],"potions_floor_usage":[23,33,33,48,50],"damage_taken":[{"damage":0.0,"enemies":"Cultist","floor":1.0,"turns":1.0},{"damage":0.0,"enemies":"2 Louse","floor":2.0,"turns":2.0},{"damage":0.0,"enemies":"Jaw Worm","floor":3.0,"turns":1.0},{"damage":0.0,"enemies":"2 Fungi Beasts","floor":7.0,"turns":2.0},{"damage":0.0,"enemies":"Red Slaver","floor":11.0,"turns":2.0},{"damage":3.0,"enemies":"3 Louse","floor":12.0,"turns":3.0},{"damage":7.0,"enemies":"3 Sentries","floor":14.0,"turns":4.0},{"damage":18.0,"enemies":"Hexaghost","floor":16.0,"turns":4.0},{"damage":0.0,"enemies":"3 Byrds","floor":18.0,"turns":2.0},{"damage":0.0,"enemies":"Spheric Guardian","floor":19.0,"turns":2.0},{"damage":20.0,"enemies":"Shelled Parasite and Fungi","floor":20.0,"turns":3.0},{"damage":10.0,"enemies":"Sentry and Sphere","floor":21.0,"turns":3.0},{"damage":18,"enemies":"Slavers","floor":23,"turns":8},{"damage":0,"enemies":"Slavers","floor":27,"turns":3},{"damage":0,"enemies":"Snake Plant","floor":28,"turns":1},{"damage":10,"enemies":"Gremlin Leader","floor":29,"turns":3},{"damage":20,"enemies":"Chosen and Byrds","floor":30,"turns":2},{"damage":0,"enemies":"Shelled Parasite and Fungi","floor":31,"turns":3},{"damage":73,"enemies":"Champ","floor":33,"turns":8},{"damage":0,"enemies":"Orb Walker","floor":35,"turns":2},{"damage":14,"enemies":"3 Shapes","floor":36,"turns":3},{"damage":2,"enemies":"Spire Growth","floor":38,"turns":2},{"damage":14,"enemies":"Writhing Mass","floor":39,"turns":4},{"damage":10,"enemies":"Nemesis","floor":40,"turns":3},{"damage":9,"enemies":"Giant Head","floor":42,"turns":3},{"damage":41,"enemies":"Transient","floor":45,"turns":5},{"damage":0,"enemies":"Spire Growth","floor":47,"turns":2},{"damage":0,"enemies":"Writhing Mass","floor":48,"turns":1},{"damage":50,"enemies":"Donu and Deca","floor":50,"turns":2}],"seed_played":"4094928475950323342","potions_obtained":[{"floor":7.0,"key":"EssenceOfSteel"},{"floor":11.0,"key":"GamblersBrew"},{"floor":12.0,"key":"Ancient Potion"},{"floor":21.0,"key":"GamblersBrew"},{"floor":28,"key":"DuplicationPotion"},{"floor":31,"key":"ColorlessPotion"},{"floor":33,"key":"SmokeBomb"},{"floor":38,"key":"Dexterity Potion"}],"is_trial":false,"path_per_floor":["M","M","M","$","?","R","M","$","T","?","M","M","?","E","R","B",null,"M","M","M","M","?","E","R","T","T","E","M","E","M","M","R","B",null,"M","M","$","M","M","E","R","E","T","?","M","$","M","M","R","B"],"character_chosen":"Decade","items_purchased":["DragClaw","UnarmedAttack7","Blade_Metal+1","Frozen Eye"],"campfire_rested":0,"item_purchase_floors":[24,24,37,37],"current_hp_per_floor":[70,70,70,70,70,70,70,70,70,63,63,63,63,65,65,56,70,70,70,50,43,66,54,54,54,54,63,65,63,57,75,75,6,77,77,64,64,74,77,67,67,68,68,68,36,36,45,47,47,0,0],"gold":93,"neow_bonus":"","is_daily":false,"chose_seed":false,"campfire_upgraded":4,"win_rate":0.0,"timestamp":1609230160,"path_taken":["M","M","M","$","?","R","M","?","T","?","M","M","?","E","R","BOSS","M","M","M","M","?","E","R","?","T","E","M","E","M","?","R","BOSS","M","M","$","M","M","E","R","E","T","?","M","$","M","M","R","BOSS"],"items_purchased_type":["Card","Card","Card","Relic"],"build_version":"2020-12-22","purchased_purges":4,"victory":false,"max_hp_per_floor":[70,70,70,70,70,70,70,70,70,70,70,70,70,70,70,70,70,70,70,70,70,70,70,70,70,70,77,77,77,77,77,77,77,77,77,77,77,77,77,77,77,77,77,77,77,77,77,77,77,77,77],"relic_stats":{"Blood Vial":34,"Nunchaku":[23],"Happy Flower":[16],"counters":[32,87],"Ornamental Fan":[16],"PreservedInsect":125,"War Paint":["Decade_Defend","REME_WheelOfFate"],"obtain_stats":[{"InTheNameOfLoveAndHate_r":33,"SolemnVow_r":42,"Decadriver":0,"Twilight":23,"Blood Vial":14,"Frozen Eye":37,"CogitoBucket":0,"Nunchaku":18,"Strawberry":27,"Philosopher\u0027s Stone":17,"Toxic Egg 2":26,"BackwardClock":20,"Happy Flower":25,"PreservedInsect":40,"TOEIDeficitBill":0,"War Paint":20,"SlaversCollar":34,"Anchor":9,"Ornamental Fan":43,"Molten Egg 2":29,"LetterFromLob":1,"HellTrain":12,"REME_PuzzleBoxRelic":42,"Justitia_r":29,"REME_ComplimentaryCards":0},{"InTheNameOfLoveAndHate_r":22,"SolemnVow_r":28,"Decadriver":0,"Twilight":15,"Blood Vial":8,"Frozen Eye":24,"CogitoBucket":0,"Nunchaku":10,"Strawberry":16,"Philosopher\u0027s Stone":9,"Toxic Egg 2":15,"BackwardClock":13,"Happy Flower":15,"PreservedInsect":27,"TOEIDeficitBill":0,"War Paint":13,"SlaversCollar":22,"Anchor":4,"Ornamental Fan":28,"Molten Egg 2":18,"LetterFromLob":1,"HellTrain":7,"REME_PuzzleBoxRelic":28,"Justitia_r":18,"REME_ComplimentaryCards":0},{"InTheNameOfLoveAndHate_r":60,"SolemnVow_r":75,"Decadriver":0,"Twilight":39,"Blood Vial":16,"Frozen Eye":65,"CogitoBucket":0,"Nunchaku":22,"Strawberry":42,"Philosopher\u0027s Stone":20,"Toxic Egg 2":39,"BackwardClock":28,"Happy Flower":39,"PreservedInsect":74,"TOEIDeficitBill":0,"War Paint":26,"SlaversCollar":60,"Anchor":6,"Ornamental Fan":77,"Molten Egg 2":46,"LetterFromLob":1,"HellTrain":12,"REME_PuzzleBoxRelic":77,"Justitia_r":45,"REME_ComplimentaryCards":0}]},"card_choices":[{"not_picked":["BlackSwan","CherryBlossoms","Murderer"],"picked":"Singing Bowl","floor":1.0},{"not_picked":["Scorched","ShyLook"],"picked":"UniverseFragment","floor":1.0},{"not_picked":["DenO_Sword","FormRideDogga"],"picked":"Blade_Metal","floor":1.0},{"not_picked":["BeautyBeast","PunishingBird","ShyLook"],"picked":"Singing Bowl","floor":2.0},{"not_picked":["Murderer","OSAHOGD"],"picked":"WhitesApple","floor":2.0},{"not_picked":["OSAHOGD","ShyLook"],"picked":"FairyFestival","floor":3.0},{"not_picked":["FormRideFlame","Decade_Defend3"],"picked":"RideBooker","floor":7.0},{"not_picked":["BeautyBeast","PunishingBird","RedShoes"],"picked":"Singing Bowl","floor":7.0},{"not_picked":["BigBadWolf","VoidDream"],"picked":"BigBird","floor":7.0},{"not_picked":["Variant","CrumblingArmor"],"picked":"LongBird","floor":14.0},{"not_picked":["OldLady","Scarecrow","GreedKing"],"picked":"Singing Bowl","floor":18.0},{"not_picked":["UnarmedAttack7","AutoVajin","Decade_Defend2+1"],"picked":"SKIP","floor":18.0},{"not_picked":["NakedNest","MHz","Bloodbath"],"picked":"Singing Bowl","floor":19.0},{"not_picked":["SpiderBud","Alriune","Murderer"],"picked":"Singing Bowl","floor":20.0},{"not_picked":["Alriune","Scorched","SpiderBud"],"picked":"Singing Bowl","floor":21.0},{"not_picked":["LittleHelper","CrumblingArmor"],"picked":"PunishingBird","floor":21.0},{"not_picked":["CrumblingArmor","MeatLantern","MHz"],"picked":"Singing Bowl","floor":23},{"not_picked":["UniverseFragment","ShyLook"],"picked":"Laetitia","floor":23},{"not_picked":["LaLuna","RedShoes"],"picked":"QueenOfHatred","floor":27},{"not_picked":["Decade_Dash2+1","Hibiki_Attack1"],"picked":"RideBooker_Skill_1+1","floor":28},{"not_picked":["AspirationHeartRelic","AdjustmentMirrorRelic","ChangeAnythingRelic"],"picked":"Singing Bowl","floor":30},{"not_picked":["BlackArmy","DreamingCurrent"],"picked":"Scarecrow","floor":31},{"not_picked":["WhitesApple","Woodsman"],"picked":"SilentOrchestra","floor":33},{"not_picked":["UnarmedAttack8+1","PrometheusPower+1","RideBooker+1"],"picked":"SKIP","floor":35},{"not_picked":["OldLady","VoidDream","WallGazer"],"picked":"Singing Bowl","floor":36},{"not_picked":["Woodsman","FieryBird"],"picked":"Scorched","floor":36},{"not_picked":["KamenRideKabuto+1","DenO_Sword+1","Dragreder+1"],"picked":"SKIP","floor":36},{"not_picked":["LittlePrince","GalaxyChild"],"picked":"NakedNest","floor":38},{"not_picked":["Blade_Metal+1","FormRideDogga+1"],"picked":"DecadeViolentEmotion+1","floor":38},{"not_picked":["BigBadWolf","Porccubus","RedShoes"],"picked":"Singing Bowl","floor":39},{"not_picked":["LittlePrince","OSAHOGD"],"picked":"BlueStar","floor":39},{"not_picked":["LittlePrince","LittleHelper","GalaxyChild"],"picked":"Singing Bowl","floor":40},{"not_picked":["QueenBee","SpiderBud"],"picked":"Funeral","floor":40},{"not_picked":["Yin","HeroicMonk","SnowQueen"],"picked":"Singing Bowl","floor":42},{"not_picked":["HappyTeddy","Mercenary"],"picked":"CENSORED","floor":45},{"not_picked":["HeroicMonk","HappyTeddy","LittlePrince"],"picked":"Singing Bowl","floor":47},{"not_picked":["FieryBird","Mercenary"],"picked":"Alriune","floor":47},{"not_picked":["DenO_Gun+1","Decade_Defend2+1"],"picked":"NMDAZYYGL+1","floor":47}],"player_experience":27337,"relics_obtained":[{"floor":1.0,"key":"LetterFromLob"},{"floor":9.0,"key":"Anchor"},{"floor":14.0,"key":"Blood Vial"},{"floor":23,"key":"Twilight"},{"floor":25,"key":"Happy Flower"},{"floor":26,"key":"Toxic Egg 2"},{"floor":27,"key":"Strawberry"},{"floor":29,"key":"Molten Egg 2"},{"floor":40,"key":"PreservedInsect"},{"floor":42,"key":"REME_PuzzleBoxRelic"},{"floor":43,"key":"Ornamental Fan"}],"event_choices":[{"damage_healed":0.0,"max_hp_gain":0.0,"max_hp_loss":0.0,"gold_gain":0.0,"cards_transformed":["UniverseFragment"],"event_name":"Transmorgrifier","player_choice":"Transformed","floor":5.0,"gold_loss":0.0,"damage_taken":0.0,"cards_obtained":["RideBooker_Skill_2"]},{"cards_removed":["Decade_Attack"],"damage_healed":0.0,"max_hp_gain":0.0,"max_hp_loss":0.0,"gold_gain":0.0,"event_name":"Golden Wing","player_choice":"Card Removal","floor":10.0,"gold_loss":0.0,"damage_taken":7.0},{"damage_healed":0.0,"max_hp_gain":0.0,"max_hp_loss":0.0,"gold_gain":0.0,"event_name":"Accursed Blacksmith","player_choice":"Forge","floor":13.0,"gold_loss":0.0,"damage_taken":0.0,"cards_upgraded":["RideBooker"]},{"damage_healed":23.0,"max_hp_gain":0.0,"max_hp_loss":0.0,"gold_gain":0.0,"event_name":"The Library","player_choice":"Heal","floor":22.0,"gold_loss":0.0,"damage_taken":0.0},{"cards_removed":["Scarecrow"],"damage_healed":0,"gold_gain":0,"player_choice":"Removed Skill","damage_taken":0,"max_hp_gain":0,"max_hp_loss":0,"event_name":"Falling","floor":44,"gold_loss":0}],"is_beta":false,"boss_relics":[{"not_picked":["REME_DemonsWealth","Snecko Eye"],"picked":"Philosopher\u0027s Stone"},{"not_picked":["Runic Pyramid","Cursed Key"],"picked":"SlaversCollar"}],"items_purged_floors":[4,24,37,41],"is_endless":false,"potions_floor_spawned":[7,11,12,16,21,28,31,33,38,39,45,47,48],"killed_by":"Donu and Deca","ascension_level":0}}