{"host":"46hhpd9tbruz5rpt","time":1609244014,"event":{"mods":["BaseMod","Marisa£®ÏF”Í°°ƒß¿Ì…≥£©","Minty Spire (QoL Compilation)","Quick Restart","Replay The Spire","StSLib","The Cursed","The Servant 0.9.4"],"gold_per_floor":[116,129,142,67,81,81,81,98,125,200,200,100,100,115,115,215,215,233,233,233],"floor_reached":19,"playtime":711,"items_purged":["Strike_MRS","Strike_MRS"],"score":207,"play_id":"c21ce453-ae1d-4ec0-a495-08e1c944f85f","local_time":"20201229201334","is_ascension_mode":true,"campfire_choices":[{"data":"MilkyWay","floor":6.0,"key":"SMITH"},{"data":"BlazeAway","floor":11.0,"key":"SMITH"},{"data":"PowerUp","floor":15.0,"key":"SMITH"}],"circlet_count":0,"master_deck":["Strike_MRS","Strike_MRS","Defend_MRS","Defend_MRS","Defend_MRS","Defend_MRS","MasterSpark","UpSweep","PowerUp+1","MilkyWay+1","BlazeAway+1","SuperPerseids","BinaryStars"],"relics":["MiniHakkero","Bag of Preparation","Vajra","Snecko Eye"],"acts_visited":["Exordium","TheCity"],"potions_floor_usage":[],"damage_taken":[{"damage":0.0,"enemies":"2 Louse","floor":1.0,"turns":2.0},{"damage":1.0,"enemies":"Cultist","floor":2.0,"turns":3.0},{"damage":4.0,"enemies":"Jaw Worm","floor":3.0,"turns":3.0},{"damage":6.0,"enemies":"Exordium Thugs","floor":5.0,"turns":4.0},{"damage":1.0,"enemies":"Blue Slaver","floor":8.0,"turns":3.0},{"damage":9.0,"enemies":"Lots of Slimes","floor":14.0,"turns":4.0},{"damage":27.0,"enemies":"Fading Forest","floor":16.0,"turns":11.0},{"damage":0,"enemies":"Chosen","floor":18,"turns":4},{"damage":0,"enemies":"2 Thieves","floor":19,"turns":1}],"seed_played":"-1532659531140901253","potions_obtained":[{"floor":1.0,"key":"Strength Potion"},{"floor":2.0,"key":"Block Potion"},{"floor":5.0,"key":"LiquidBronze"},{"floor":8.0,"key":"Fire Potion"},{"floor":18,"key":"PowerPotion"}],"is_trial":false,"path_per_floor":["M","M","M","$","M","R","?","M","T","?","R","$","$","M","R","B",null,"M","M"],"character_chosen":"MARISA","items_purchased":[],"campfire_rested":0,"item_purchase_floors":[],"current_hp_per_floor":[68,67,63,63,57,57,50,49,49,38,38,38,38,29,29,28,63,63,63,63],"gold":233,"neow_bonus":"RANDOM_COMMON_RELIC","is_daily":false,"chose_seed":false,"campfire_upgraded":3,"win_rate":0.0,"timestamp":1609244014,"path_taken":["M","M","M","$","M","R","?","?","T","?","R","?","$","M","R","BOSS","M","M"],"items_purchased_type":[],"build_version":"2020-12-22","purchased_purges":2,"victory":false,"max_hp_per_floor":[75,75,75,75,75,75,75,75,75,75,75,75,75,75,75,75,75,75,75,75],"card_choices":[{"not_picked":["DeepEcoloBomb","Robbery"],"picked":"PowerUp","floor":1.0},{"not_picked":["ShootingEcho","DeepEcoloBomb"],"picked":"MilkyWay","floor":2.0},{"not_picked":["DoubleSpark","GalacticHalo","AsteroidBelt"],"picked":"SKIP","floor":3.0},{"not_picked":["DC","WitchOfGreed","NonDirectionalLaser"],"picked":"SKIP","floor":5.0},{"not_picked":["DarkSpark","AsteroidBelt"],"picked":"BlazeAway","floor":8.0},{"not_picked":["Acceleration","PowerUp"],"picked":"SuperPerseids","floor":14.0},{"not_picked":["StarDustReverie","BigCrunch"],"picked":"BinaryStars","floor":16.0},{"not_picked":["6A","UnstableBomb+1","DoubleSpark"],"picked":"SKIP","floor":18}],"player_experience":99310,"relics_obtained":[{"floor":9.0,"key":"Vajra"}],"event_choices":[{"damage_healed":0.0,"max_hp_gain":0.0,"max_hp_loss":0.0,"gold_gain":0.0,"event_name":"Wheel of Change","player_choice":"Damaged","floor":7.0,"gold_loss":0.0,"damage_taken":7.0},{"damage_healed":0.0,"max_hp_gain":0.0,"max_hp_loss":0.0,"gold_gain":75.0,"event_name":"World of Goop","player_choice":"Gather Gold","floor":10.0,"gold_loss":0.0,"damage_taken":11.0}],"is_beta":false,"boss_relics":[{"not_picked":["Black Star","Astrolabe"],"picked":"Snecko Eye"}],"items_purged_floors":[4,12],"is_endless":false,"potions_floor_spawned":[1,2,5,8,18],"killed_by":"2 Thieves","ascension_level":6}}