{"host":"a1u4jo6xlg3w0wsm","time":1609233601,"event":{"mods":["BaseMod","Hermit","Minty Spire (QoL Compilation)","Rare Cards Sparkle","StSLib","The Cursed"],"gold_per_floor":[119,294,355,369,369,403,414,439,491,503,529,541,553,565,577,698,719,758,770,782,782],"floor_reached":20,"playtime":1023,"items_purged":[],"score":205,"play_id":"00a1974d-fa24-4a13-ba0b-fdd8f64cbfd8","local_time":"20201229222001","is_ascension_mode":false,"campfire_choices":[{"floor":13,"key":"REST"},{"data":"hermit:ShadowCloak","floor":15,"key":"SMITH"}],"circlet_count":0,"master_deck":["hermit:Strike_Hermit","hermit:Strike_Hermit","hermit:Strike_Hermit","hermit:Strike_Hermit","hermit:Defend_Hermit","hermit:Defend_Hermit","hermit:Defend_Hermit","hermit:Defend_Hermit","hermit:Snapshot","hermit:Covet","hermit:CursedWeapon","Doubt","hermit:Determination","hermit:ShadowCloak+1","hermit:EyeOfTheStorm","hermit:Malice","hermit:GoldenBullet+1","hermit:Reprieve","CurseOfTheBell","hermit:Snipe"],"relics":["hermit:Momento","NeowsBlessing","InkBottle","Vajra","MawBank","Ancient Tea Set","CeramicFish","Calling Bell","Anchor","Kunai","hermit:CharredGlove","Nilry\u0027s Codex"],"acts_visited":["Exordium","TheCity"],"potions_floor_usage":[8,8,11,16],"damage_taken":[{"damage":0,"enemies":"Jaw Worm","floor":1,"turns":1},{"damage":0,"enemies":"Small Slimes","floor":4,"turns":1},{"damage":2,"enemies":"3 Sentries","floor":6,"turns":1},{"damage":13,"enemies":"2 Louse","floor":7,"turns":3},{"damage":17,"enemies":"Gremlin Nob","floor":8,"turns":6},{"damage":2,"enemies":"Lots of Slimes","floor":11,"turns":2},{"damage":19,"enemies":"Slime Boss","floor":16,"turns":8},{"damage":49,"enemies":"Shell Parasite","floor":18,"turns":10},{"damage":26,"enemies":"3 Byrds","floor":20,"turns":2}],"seed_played":"-3713782532285872817","potions_obtained":[{"floor":1,"key":"Swift Potion"},{"floor":6,"key":"Explosive Potion"},{"floor":7,"key":"hermit:Tonic"},{"floor":11,"key":"Weak Potion"},{"floor":18,"key":"LiquidMemories"}],"is_trial":false,"path_per_floor":["M","?","?","M","?","E","M","E","T","T","M","?","R","?","R","B",null,"M","?","M"],"character_chosen":"HERMIT","items_purchased":[],"campfire_rested":1,"item_purchase_floors":[],"current_hp_per_floor":[75,75,75,75,75,73,60,43,43,43,41,34,56,56,56,37,75,30,14,0,0],"gold":782,"neow_bonus":"THREE_ENEMY_KILL","is_daily":false,"chose_seed":false,"campfire_upgraded":1,"win_rate":0.0,"timestamp":1609233601,"path_taken":["M","?","?","M","?","E","M","E","T","?","?","?","R","?","R","BOSS","M","?","M"],"items_purchased_type":[],"build_version":"2020-12-13","purchased_purges":0,"victory":false,"max_hp_per_floor":[75,75,75,75,75,75,75,75,75,75,75,75,75,75,75,75,75,75,75,75,75],"card_choices":[{"not_picked":["hermit:Misfire","hermit:Desperado"],"picked":"hermit:CursedWeapon","floor":1},{"not_picked":["hermit:Quickdraw","hermit:LoneWolf"],"picked":"hermit:Determination","floor":4},{"not_picked":["hermit:TakeAim","hermit:Quickdraw"],"picked":"hermit:ShadowCloak","floor":6},{"not_picked":["hermit:Feint","hermit:Midnight"],"picked":"hermit:EyeOfTheStorm","floor":7},{"not_picked":["hermit:Vantage","hermit:Midnight"],"picked":"hermit:Malice","floor":8},{"not_picked":["hermit:HoleUp","hermit:ShadowCloak"],"picked":"hermit:GoldenBullet","floor":11},{"not_picked":["hermit:BlackWind","hermit:HighNoon"],"picked":"hermit:Reprieve","floor":16},{"not_picked":["hermit:Quickdraw","hermit:LowProfile"],"picked":"hermit:Snipe","floor":18}],"player_experience":215519,"relics_obtained":[{"floor":6,"key":"InkBottle"},{"floor":8,"key":"Vajra"},{"floor":9,"key":"MawBank"},{"floor":10,"key":"Ancient Tea Set"},{"floor":17,"key":"Anchor"},{"floor":17,"key":"Kunai"},{"floor":17,"key":"hermit:CharredGlove"},{"floor":19,"key":"Nilry\u0027s Codex"}],"event_choices":[{"damage_healed":0,"gold_gain":175,"player_choice":"AGREE","damage_taken":0,"max_hp_gain":0,"max_hp_loss":0,"event_name":"Liars Game","floor":2,"gold_loss":0,"cards_obtained":["Doubt"]},{"damage_healed":0,"gold_gain":61,"player_choice":"Gained Gold","damage_taken":0,"max_hp_gain":0,"max_hp_loss":0,"event_name":"Golden Wing","floor":3,"gold_loss":0},{"damage_healed":0,"gold_gain":0,"player_choice":"Ignored","damage_taken":0,"max_hp_gain":0,"max_hp_loss":0,"event_name":"Shining Light","floor":5,"gold_loss":0},{"damage_healed":0,"gold_gain":0,"player_choice":"Success","damage_taken":7,"relics_obtained":["CeramicFish"],"max_hp_gain":0,"max_hp_loss":0,"event_name":"Scrap Ooze","floor":12,"gold_loss":0},{"damage_healed":0,"gold_gain":0,"player_choice":"Grow","damage_taken":0,"max_hp_gain":0,"max_hp_loss":0,"event_name":"Living Wall","floor":14,"gold_loss":0,"cards_upgraded":["hermit:GoldenBullet"]},{"damage_healed":0,"gold_gain":0,"player_choice":"Obtained Book","damage_taken":16,"max_hp_gain":0,"max_hp_loss":0,"event_name":"Cursed Tome","floor":19,"gold_loss":0}],"is_beta":false,"boss_relics":[{"not_picked":["Busted Crown","Runic Pyramid"],"picked":"Calling Bell"}],"items_purged_floors":[],"is_endless":false,"potions_floor_spawned":[1,6,7,11,18],"killed_by":"3 Byrds","ascension_level":0}}