{"host":"9v3x998ddbx8o276","time":1609202878,"event":{"mods":["BaseMod","Colored Map","Highlight Path","Minty Spire (QoL Compilation)","Quick Restart","Rare Cards Sparkle"],"gold_per_floor":[113,113,12,29,44,44,78,78,124,155,167,178,178,86,86,163,163,178,198,113,113,128,128,41,41,41,0,329,329,329,347,347,347,347],"floor_reached":33,"playtime":2355,"items_purged":["Pain"],"score":546,"play_id":"63f6633f-d740-4eef-861d-f8d103016dca","local_time":"20201229111758","is_ascension_mode":true,"campfire_choices":[{"data":"Bash","floor":6.0,"key":"SMITH"},{"data":"Inflame","floor":8.0,"key":"SMITH"},{"floor":13.0,"key":"REST"},{"data":"Barricade","floor":15.0,"key":"SMITH"},{"floor":23.0,"key":"REST"},{"floor":25.0,"key":"REST"},{"data":"Inflame","floor":30.0,"key":"SMITH"},{"floor":32.0,"key":"REST"}],"circlet_count":0,"master_deck":["AscendersBane","Strike_R","Strike_R","Strike_R","Strike_R","Defend_R","Defend_R+1","Defend_R+1","Defend_R","Bash+1","Iron Wave","True Grit","Inflame+1","Wild Strike","Shrug It Off","Dropkick","Inflame+1","Barricade+1","Battle Trance","Evolve","Heavy Blade","Immolate","Shockwave","Feel No Pain","Reckless Charge","Reaper","Immolate","Anger"],"relics":["Burning Blood","NeowsBlessing","WarpedTongs","War Paint","Dream Catcher","Paper Frog","Runic Pyramid","Boot","Kunai","Old Coin"],"acts_visited":[],"potions_floor_usage":[33],"damage_taken":[{"damage":0.0,"enemies":"Jaw Worm","floor":1.0,"turns":1.0},{"damage":0.0,"enemies":"Cultist","floor":4.0,"turns":1.0},{"damage":0.0,"enemies":"2 Louse","floor":5.0,"turns":1.0},{"damage":28.0,"enemies":"Lagavulin","floor":7.0,"turns":4.0},{"damage":22.0,"enemies":"3 Sentries","floor":10.0,"turns":9.0},{"damage":9.0,"enemies":"2 Fungi Beasts","floor":11.0,"turns":3.0},{"damage":7.0,"enemies":"Large Slime","floor":12.0,"turns":6.0},{"damage":22.0,"enemies":"Slime Boss","floor":16.0,"turns":7.0},{"damage":30.0,"enemies":"Spheric Guardian","floor":18.0,"turns":6.0},{"damage":28.0,"enemies":"2 Thieves","floor":19.0,"turns":3.0},{"damage":10.0,"enemies":"Chosen and Byrds","floor":22.0,"turns":5.0},{"damage":39.0,"enemies":"Gremlin Leader","floor":28.0,"turns":9.0},{"damage":33.0,"enemies":"Snake Plant","floor":31.0,"turns":6.0},{"damage":78,"enemies":"Collector","floor":33,"turns":11}],"seed_played":"-3778798342330407983","potions_obtained":[{"floor":5.0,"key":"Strength Potion"},{"floor":12.0,"key":"SmokeBomb"},{"floor":16.0,"key":"Block Potion"},{"floor":28.0,"key":"AttackPotion"}],"is_trial":false,"path_per_floor":["M","?","$","M","M","R","E","R","T","E","M","M","R","$","R","B",null,"M","M","?","?","M","R","$","R","T","?","E","?","R","M","R","B"],"character_chosen":"IRONCLAD","items_purchased":["True Grit","Evolve","Heavy Blade","Reaper"],"campfire_rested":4,"item_purchase_floors":[3,14,14,24],"current_hp_per_floor":[74,74,74,75,75,75,53,53,53,37,34,33,55,55,55,39,66,42,20,20,35,31,53,53,75,75,75,75,75,75,58,75,2,2],"gold":347,"neow_bonus":"THREE_ENEMY_KILL","is_daily":false,"chose_seed":false,"campfire_upgraded":4,"win_rate":0.0,"timestamp":1609202878,"path_taken":["M","?","$","M","M","R","E","R","T","E","?","M","R","$","R","BOSS","M","M","?","?","M","R","$","R","T","?","E","?","R","?","R","BOSS"],"items_purchased_type":["Card","Card","Card","Card"],"build_version":"2020-12-22","purchased_purges":1,"victory":false,"max_hp_per_floor":[75,75,75,75,75,75,75,75,75,75,75,75,75,75,75,75,75,75,75,75,75,75,75,75,75,75,75,75,75,75,75,75,75,75],"card_choices":[{"not_picked":["Warcry","Armaments"],"picked":"Iron Wave","floor":1.0},{"not_picked":["Wild Strike","Warcry"],"picked":"Inflame","floor":4.0},{"not_picked":["Anger","Thunderclap"],"picked":"Wild Strike","floor":5.0},{"not_picked":["Seeing Red","Sentinel"],"picked":"Shrug It Off","floor":7.0},{"not_picked":["Reckless Charge","Flex"],"picked":"Dropkick","floor":10.0},{"not_picked":["Whirlwind","True Grit"],"picked":"Inflame","floor":11.0},{"not_picked":["Clothesline","Sword Boomerang"],"picked":"Barricade","floor":12.0},{"not_picked":["Headbutt","Pummel"],"picked":"Battle Trance","floor":13.0},{"not_picked":["Berserk","Limit Break"],"picked":"Immolate","floor":16.0},{"not_picked":["Clothesline","Clash+1"],"picked":"Shockwave","floor":18.0},{"not_picked":["Anger+1","Inflame"],"picked":"Feel No Pain","floor":19.0},{"not_picked":["Intimidate","Combust","Cleave"],"picked":"SKIP","floor":22.0},{"not_picked":["Wild Strike","Cleave"],"picked":"Reckless Charge","floor":23.0},{"not_picked":["Pommel Strike","Power Through"],"picked":"Immolate","floor":28.0},{"not_picked":["Clothesline","Twin Strike","Ghostly Armor"],"picked":"SKIP","floor":31.0}],"player_experience":2075111,"relics_obtained":[{"floor":7.0,"key":"War Paint"},{"floor":9.0,"key":"Dream Catcher"},{"floor":10.0,"key":"Paper Frog"},{"floor":26.0,"key":"Kunai"},{"floor":28.0,"key":"Old Coin"}],"event_choices":[{"damage_healed":0.0,"max_hp_gain":0.0,"max_hp_loss":0.0,"gold_gain":0.0,"event_name":"Accursed Blacksmith","player_choice":"Rummage","floor":2.0,"gold_loss":0.0,"damage_taken":0.0,"relics_obtained":["WarpedTongs"],"cards_obtained":["Pain"]},{"damage_healed":0.0,"max_hp_gain":0.0,"max_hp_loss":0.0,"gold_gain":0.0,"event_name":"Addict","player_choice":"Obtained Relic","floor":20.0,"gold_loss":85.0,"damage_taken":0.0,"relics_obtained":["Boot"]},{"damage_healed":15.0,"max_hp_gain":0.0,"max_hp_loss":0.0,"gold_gain":0.0,"event_name":"The Library","player_choice":"Heal","floor":21.0,"gold_loss":0.0,"damage_taken":0.0},{"damage_healed":0.0,"max_hp_gain":0.0,"max_hp_loss":0.0,"gold_gain":0.0,"event_name":"Masked Bandits","player_choice":"Paid Fearfully","floor":27.0,"gold_loss":41.0,"damage_taken":0.0},{"damage_healed":0.0,"max_hp_gain":0.0,"max_hp_loss":0.0,"gold_gain":0.0,"cards_transformed":["Strike_R"],"event_name":"Transmorgrifier","player_choice":"Transformed","floor":29.0,"gold_loss":0.0,"damage_taken":0.0,"cards_obtained":["Anger"]}],"is_beta":false,"boss_relics":[{"not_picked":["Tiny House","Philosopher\u0027s Stone"],"picked":"Runic Pyramid"}],"items_purged_floors":[3],"is_endless":false,"potions_floor_spawned":[5,12,16,28],"killed_by":"Collector","ascension_level":20}}