{"host":"dcj2yvrgcvh5dl2s","time":1609217749,"event":{"mods":["BaseMod","Better Note","Block Reminder","Colored Powertips","DeckTracker","Minty Spire (QoL Compilation)","Quick Restart","Rare Cards Sparkle","Relic Stats","StSLib"],"gold_per_floor":[111,122,122,134,284,295,295,325,402,402,100,0,0,0],"floor_reached":13,"playtime":381,"items_purged":["Doubt","Strike_R"],"score":158,"play_id":"501bf135-0ec4-4f1c-8344-e22d89e0b26c","local_time":"20201229145549","is_ascension_mode":true,"campfire_choices":[{"data":"Body Slam","floor":7,"key":"SMITH"}],"circlet_count":0,"master_deck":["AscendersBane","Strike_R","Strike_R","Strike_R","Strike_R","Defend_R","Defend_R","Defend_R","Defend_R","Bash","Carnage","Feel No Pain","Sword Boomerang","Body Slam+1","Flex+1","True Grit"],"relics":["Burning Blood","NeowsBlessing","Calipers","Self Forming Clay","Strawberry"],"acts_visited":["Exordium"],"potions_floor_usage":[8],"damage_taken":[{"damage":0,"enemies":"2 Louse","floor":1,"turns":1},{"damage":0,"enemies":"Cultist","floor":2,"turns":1},{"damage":0,"enemies":"Jaw Worm","floor":4,"turns":1},{"damage":28,"enemies":"Exordium Wildlife","floor":6,"turns":7},{"damage":48,"enemies":"Gremlin Nob","floor":8,"turns":5},{"damage":19,"enemies":"3 Sentries","floor":13,"turns":3}],"seed_played":"-4490502625282866634","potions_obtained":[{"floor":1,"key":"EssenceOfSteel"},{"floor":6,"key":"Swift Potion"}],"is_trial":false,"path_per_floor":["M","M","?","M","?","M","R","E","T","?","$","$","E"],"character_chosen":"IRONCLAD","items_purchased":["Strawberry","True Grit"],"campfire_rested":0,"item_purchase_floors":[11,11],"current_hp_per_floor":[74,75,75,75,75,53,53,11,11,11,18,18,0,0],"gold":0,"neow_bonus":"THREE_ENEMY_KILL","is_daily":false,"chose_seed":false,"campfire_upgraded":1,"win_rate":0.0,"timestamp":1609217749,"path_taken":["M","M","?","?","?","M","R","E","T","?","?","$","E"],"items_purchased_type":["Relic","Card"],"build_version":"2020-12-22","purchased_purges":2,"victory":false,"max_hp_per_floor":[75,75,75,75,75,75,75,75,75,75,82,82,82,82],"relic_stats":{"counters":[6,18],"Self Forming Clay":[6],"obtain_stats":[{"Calipers":8,"NeowsBlessing":0,"Self Forming Clay":9,"Strawberry":11,"Burning Blood":0},{"Calipers":5,"NeowsBlessing":0,"Self Forming Clay":5,"Strawberry":5,"Burning Blood":0},{"Calipers":15,"NeowsBlessing":0,"Self Forming Clay":15,"Strawberry":15,"Burning Blood":0}],"Burning Blood":19},"card_choices":[{"not_picked":["Anger","True Grit"],"picked":"Carnage","floor":1},{"not_picked":["Second Wind","Flame Barrier"],"picked":"Feel No Pain","floor":2},{"not_picked":["Cleave","Second Wind"],"picked":"Sword Boomerang","floor":4},{"not_picked":["Corruption","Cleave"],"picked":"Body Slam","floor":6},{"not_picked":["Rupture","Burning Pact"],"picked":"Flex","floor":8}],"player_experience":2099520,"relics_obtained":[{"floor":8,"key":"Calipers"},{"floor":9,"key":"Self Forming Clay"}],"event_choices":[{"damage_healed":0,"gold_gain":0,"player_choice":"Full Heal","damage_taken":0,"max_hp_gain":0,"max_hp_loss":0,"event_name":"Wheel of Change","floor":3,"gold_loss":0},{"damage_healed":0,"gold_gain":150,"player_choice":"AGREE","damage_taken":0,"max_hp_gain":0,"max_hp_loss":0,"event_name":"Liars Game","floor":5,"gold_loss":0,"cards_obtained":["Doubt"]},{"damage_healed":0,"gold_gain":0,"player_choice":"Grow","damage_taken":0,"max_hp_gain":0,"max_hp_loss":0,"event_name":"Living Wall","floor":10,"gold_loss":0,"cards_upgraded":["Flex"]}],"is_beta":false,"boss_relics":[],"items_purged_floors":[11,12],"is_endless":false,"potions_floor_spawned":[1,6],"killed_by":"3 Sentries","ascension_level":18}}