{"host":"88q0baq93r2cvn7j","time":1609268315,"event":{"mods":["AchievementEnabler","Act Like it!","Arknights The Spire","BaseMod","Minty Spire (QoL Compilation)","StSLib"],"gold_per_floor":[111,122,141,141,141,141,168,181,181,37,50,75,75,91,91,192,242,229,7,17,17,36,36,36],"floor_reached":23,"playtime":2075,"items_purged":["ats:Strike C"],"score":203,"play_id":"b0a31536-9c2b-4831-966f-098d7b4b7aa9","local_time":"20201230025835","is_ascension_mode":false,"campfire_choices":[{"data":"ats:Rapid Magazine","floor":6,"key":"SMITH"},{"floor":13,"key":"REST"},{"data":"ats:Support Order","floor":15,"key":"SMITH"}],"circlet_count":0,"master_deck":["ats:Strike G","ats:Strike S","ats:Strike V","ats:Armor Crushing Shot","ats:Defend","ats:Defend","ats:Defend","ats:Defend","ats:Emotion Absorption","ats:Leaping Hammer","ats:Rapid Magazine+1","ats:Apocalypse","ats:Support Order+1","ats:Revitalization+1","ats:Charging Defense","ats:Ignite","ats:Explosion Area Strengthen","ats:Calcification","ats:Poison Spread","ats:Thorns","ats:Defend Order+1"],"relics":["ats:Sanity","NeowsBlessing","StrikeDummy","Blood Vial","ats:Originium","Eternal Feather","Lee\u0027s Waffle","Dream Catcher","Tiny House","ats:Hidden Killer","Nilry\u0027s Codex"],"acts_visited":["Exordium","TheCity"],"potions_floor_usage":[12,16,18,18,23],"damage_taken":[{"damage":0,"enemies":"Cultist","floor":1,"turns":1},{"damage":0,"enemies":"2 Louse","floor":2,"turns":1},{"damage":0,"enemies":"Jaw Worm","floor":3,"turns":1},{"damage":58,"enemies":"Lagavulin","floor":7,"turns":8},{"damage":11,"enemies":"Exordium Wildlife","floor":8,"turns":5},{"damage":26,"enemies":"Exordium Thugs","floor":11,"turns":6},{"damage":61,"enemies":"3 Sentries","floor":12,"turns":13},{"damage":22,"enemies":"3 Louse","floor":14,"turns":7},{"damage":51,"enemies":"Slime Boss","floor":16,"turns":13},{"damage":15,"enemies":"2 Thieves","floor":18,"turns":4},{"damage":34,"enemies":"Shell Parasite","floor":20,"turns":10},{"damage":69,"enemies":"Snake Plant","floor":22,"turns":11},{"damage":51,"enemies":"Slavers","floor":23,"turns":3}],"seed_played":"608820649689305606","potions_obtained":[{"floor":2,"key":"SpeedPotion"},{"floor":7,"key":"GamblersBrew"},{"floor":12,"key":"Explosive Potion"},{"floor":16,"key":"Explosive Potion"},{"floor":17,"key":"Block Potion"},{"floor":20,"key":"EssenceOfSteel"}],"is_trial":false,"path_per_floor":["M","M","M","?","T","R","E","M","T","$","M","E","R","M","R","B",null,"M","$","M","?","M","E"],"character_chosen":"DOCTOR_CLASS","items_purchased":["Lee\u0027s Waffle","ats:Hidden Killer"],"campfire_rested":1,"item_purchase_floors":[10,19],"current_hp_per_floor":[72,72,72,60,60,60,12,11,11,79,64,21,53,47,56,23,84,74,74,58,42,42,0,0],"gold":36,"neow_bonus":"THREE_ENEMY_KILL","is_daily":false,"chose_seed":false,"campfire_upgraded":2,"win_rate":0.0,"timestamp":1609268315,"path_taken":["M","M","?","?","?","R","E","M","T","?","M","E","R","?","R","BOSS","M","$","M","?","M","E"],"items_purchased_type":["Relic","Relic"],"build_version":"2020-12-22","purchased_purges":1,"victory":false,"max_hp_per_floor":[72,72,72,72,72,72,72,72,72,79,79,79,79,79,79,79,84,84,84,84,84,84,84,84],"card_choices":[{"not_picked":["ats:Curse Doll","ats:Revitalization"],"picked":"ats:Leaping Hammer","floor":1},{"not_picked":["ats:Defend Order","ats:Cat Scratch"],"picked":"ats:Rapid Magazine","floor":2},{"not_picked":["ats:Cat Scratch","ats:Leaping Hammer"],"picked":"ats:Apocalypse","floor":3},{"not_picked":["ats:Ignite","ats:Explosion Area Strengthen"],"picked":"ats:Support Order","floor":7},{"not_picked":["ats:Directed Diagnosis","ats:Ignite"],"picked":"ats:Revitalization","floor":8},{"not_picked":["ats:Apocalypse","ats:Very Hot Blade","ats:Healing Strengthening"],"picked":"SKIP","floor":11},{"not_picked":["ats:Flame Of Heaven","ats:Revitalization"],"picked":"ats:Charging Defense","floor":12},{"not_picked":["ats:Healing Strengthening","ats:Shell Defense"],"picked":"ats:Ignite","floor":13},{"not_picked":["ats:Leaping Hammer","ats:LN2 Cannon"],"picked":"ats:Explosion Area Strengthen","floor":14},{"not_picked":["ats:Soul Rend","ats:Ambush"],"picked":"ats:Calcification","floor":16},{"not_picked":["ats:Assault Order","ats:Directed Diagnosis"],"picked":"ats:Poison Spread","floor":17},{"not_picked":["ats:Poison Spread+1","ats:Explosion Area Strengthen"],"picked":"ats:Thorns","floor":18},{"not_picked":["ats:Automatic Cover","ats:Explosion Area Strengthen","ats:Powerful Strike+1"],"picked":"SKIP","floor":20},{"not_picked":["ats:Consecutive Shot Auto","ats:Explosion Area Strengthen"],"picked":"ats:Defend Order+1","floor":22}],"player_experience":315023,"relics_obtained":[{"floor":5,"key":"Blood Vial"},{"floor":7,"key":"ats:Originium"},{"floor":7,"key":"Eternal Feather"},{"floor":12,"key":"ats:Originium"},{"floor":12,"key":"Dream Catcher"},{"floor":21,"key":"Nilry\u0027s Codex"}],"event_choices":[{"damage_healed":0,"gold_gain":0,"player_choice":"Success","damage_taken":12,"relics_obtained":["StrikeDummy"],"max_hp_gain":0,"max_hp_loss":0,"event_name":"Scrap Ooze","floor":4,"gold_loss":0},{"damage_healed":0,"gold_gain":0,"player_choice":"Obtained Book","damage_taken":16,"max_hp_gain":0,"max_hp_loss":0,"event_name":"Cursed Tome","floor":21,"gold_loss":0}],"is_beta":false,"boss_relics":[{"not_picked":["Runic Pyramid","Pandora\u0027s Box"],"picked":"Tiny House"}],"items_purged_floors":[19],"is_endless":false,"potions_floor_spawned":[2,7,12,16,20],"killed_by":"Slavers","ascension_level":0}}