{"host":"ipcfr4ajj2jkxvg7","time":1609242943,"event":{"mods":["BaseMod","Colored Powertips","GifTheSpireLib","Marisa（F雨　魔理沙）","Minty Spire (QoL Compilation)","Quick Restart","Remilia（蕾米莉亚）","Replay The Spire","RumiaBox-露米娅的神秘盒子","StSLib"],"gold_per_floor":[116,134,150,95,114,114,143,153,153,153,183,183,183,197,197,270,270,289,299,224,244,65,65,65,77,127,143,169,169,182,57,57,134,134,147,55,70,87,107,141,153,3,3,21,66,78,111,130,130,130,130,130,130,157,157,157],"floor_reached":55,"playtime":1546,"items_purged":["Defend_MRS","Defend_MRS","Defend_MRS","Defend_MRS"],"score":1415,"play_id":"2131b58d-a6bc-46b4-991d-28844cda4d25","local_time":"20201229195543","is_ascension_mode":true,"campfire_choices":[{"data":"MilkyWay","floor":6.0,"key":"SMITH"},{"floor":12.0,"key":"REST"},{"data":"DeepEcoloBomb","floor":15.0,"key":"SMITH"},{"floor":23.0,"key":"REST"},{"floor":32.0,"key":"REST"},{"floor":49.0,"key":"RECALL"},{"data":"EnergyFlow","floor":52.0,"key":"SMITH"}],"circlet_count":0,"master_deck":["AscendersBane","Strike_MRS","Strike_MRS","Strike_MRS","Strike_MRS","MasterSpark","UpSweep","StarBarrage","MilkyWay+1","DeepEcoloBomb+1","PropBag","MilkyWay","PulseMagic","EnergyFlow+1","MilkyWay","UltimateShortwave","Acceleration","FairyDestructionRay","EarthLightRay+1","AlicesGift","MagicAbsorber","PowerUp","PowerUp","OrrerysSun+1","PowerUp","PulseMagic+1"],"relics":["MiniHakkero","NeowsBlessing","AddBug","SecretRecord","SecretRecord","SecretRecord","SecretRecord","SecretRecord","SecretRecord","SecretRecord","SecretRecord","SecretRecord","SecretRecord","SecretRecord","SecretRecord","SecretRecord","SecretRecord"],"acts_visited":["Exordium","TheCity","TheBeyond","TheEnding"],"potions_floor_usage":[55],"damage_taken":[{"damage":0.0,"enemies":"2 Louse","floor":1.0,"turns":1.0},{"damage":0.0,"enemies":"Small Slimes","floor":2.0,"turns":1.0},{"damage":0.0,"enemies":"Jaw Worm","floor":3.0,"turns":1.0},{"damage":6.0,"enemies":"Exordium Wildlife","floor":5.0,"turns":2.0},{"damage":20.0,"enemies":"3 Sentries","floor":7.0,"turns":7.0},{"damage":2.0,"enemies":"Gremlin Gang","floor":8.0,"turns":5.0},{"damage":0.0,"enemies":"Gremlin Nob","floor":11.0,"turns":2.0},{"damage":0.0,"enemies":"Large Slime","floor":14.0,"turns":2.0},{"damage":28.0,"enemies":"Hexaghost","floor":16.0,"turns":8.0},{"damage":19.0,"enemies":"Spheric Guardian","floor":18.0,"turns":4.0},{"damage":13.0,"enemies":"Chosen","floor":19.0,"turns":4.0},{"damage":13.0,"enemies":"Snake Plant","floor":21.0,"turns":3.0},{"damage":6.0,"enemies":"3 Cultists","floor":25.0,"turns":3.0},{"damage":5.0,"enemies":"Cultist and Chosen","floor":27.0,"turns":4.0},{"damage":2.0,"enemies":"Book of Stabbing","floor":28.0,"turns":2.0},{"damage":0.0,"enemies":"Snake Plant","floor":30.0,"turns":1.0},{"damage":37.0,"enemies":"Collector","floor":33.0,"turns":4.0},{"damage":22.0,"enemies":"3 Darklings","floor":35.0,"turns":4.0},{"damage":0.0,"enemies":"Orb Walker","floor":37.0,"turns":2.0},{"damage":9.0,"enemies":"4 Shapes","floor":38.0,"turns":4.0},{"damage":13.0,"enemies":"3 Darklings","floor":39.0,"turns":2.0},{"damage":5.0,"enemies":"R_Hoarder","floor":40.0,"turns":4.0},{"damage":6.0,"enemies":"Sphere and 2 Shapes","floor":41.0,"turns":2.0},{"damage":0.0,"enemies":"Spire Growth","floor":44.0,"turns":2.0},{"damage":0.0,"enemies":"2 Orb Walkers","floor":45.0,"turns":1.0},{"damage":20.0,"enemies":"Writhing Mass","floor":46.0,"turns":3.0},{"damage":2.0,"enemies":"Nemesis","floor":47.0,"turns":3.0},{"damage":0.0,"enemies":"Transient","floor":48.0,"turns":2.0},{"damage":19.0,"enemies":"Donu and Deca","floor":50.0,"turns":2.0},{"damage":33.0,"enemies":"Shield and Spear","floor":54.0,"turns":3.0},{"damage":70,"enemies":"The Heart","floor":55,"turns":5}],"seed_played":"2753488197304995468","potions_obtained":[{"floor":2.0,"key":"PowerPotion"},{"floor":3.0,"key":"Explosive Potion"},{"floor":7.0,"key":"AttackPotion"},{"floor":16.0,"key":"Weak Potion"},{"floor":19.0,"key":"Weak Potion"},{"floor":27.0,"key":"Swift Potion"},{"floor":28.0,"key":"Flashbang"},{"floor":33.0,"key":"SteroidPotion"},{"floor":37.0,"key":"Strength Potion"},{"floor":40.0,"key":"Adrenaline Potion"}],"is_trial":false,"path_per_floor":["M","M","M","$","M","R","E","M","T","?","E","R","?","M","R","B",null,"M","M","$","M","$","R","?","M","T","M","E","?","M","$","R","B",null,"M","$","M","M","M","E","M","$","T","M","?","M","E","M","R","B",null,"R","$","E","B"],"character_chosen":"MARISA","items_purchased":["MilkyWay","EnergyFlow","Acceleration","FairyDestructionRay"],"campfire_rested":3,"item_purchase_floors":[4,22,36,36],"current_hp_per_floor":[63,63,63,63,57,57,37,35,35,35,35,56,56,56,56,28,60,41,28,28,15,15,36,36,30,30,25,23,23,23,23,44,7,54,32,32,32,38,25,37,48,48,48,67,67,70,68,68,68,49,65,65,65,62,0,0],"gold":157,"neow_bonus":"THREE_ENEMY_KILL","is_daily":false,"chose_seed":false,"campfire_upgraded":3,"win_rate":0.0,"timestamp":1609242943,"path_taken":["M","M","M","$","M","R","E","M","T","?","E","R","?","M","R","BOSS","M","M","$","M","$","R","?","M","T","M","E","?","M","?","R","BOSS","M","$","?","M","M","E","M","$","T","?","?","M","E","M","R","BOSS","R","$","E","BOSS"],"items_purchased_type":["Card","Card","Card","Card"],"build_version":"2020-12-22","purchased_purges":4,"victory":false,"max_hp_per_floor":[70,70,70,70,70,70,70,70,70,70,70,70,70,70,70,70,70,70,70,70,70,70,70,70,70,70,70,70,70,70,70,70,70,70,70,70,70,70,70,70,70,70,70,70,70,70,70,70,70,70,70,70,70,70,70,70],"card_choices":[{"not_picked":["WitchLeyline","SprinkleStarSeal","GalacticHalo"],"picked":"SKIP","floor":1.0},{"not_picked":["GravityBeat","WitchLeyline","AsteroidBelt"],"picked":"SKIP","floor":2.0},{"not_picked":["OrrerysSun","MeteoricShower"],"picked":"StarBarrage","floor":3.0},{"not_picked":["DragonMeteor","SporeBomb","NonDirectionalLaser"],"picked":"SKIP","floor":5.0},{"not_picked":["GrandCross","NonDirectionalLaser","JA"],"picked":"SKIP","floor":7.0},{"not_picked":["ShootingEcho","EventHorizon"],"picked":"DeepEcoloBomb","floor":8.0},{"not_picked":["NonDirectionalLaser","Orbital"],"picked":"PropBag","floor":11.0},{"not_picked":["Occultation","WitchLeyline","AsteroidBelt"],"picked":"SKIP","floor":14.0},{"not_picked":["MysteriousBeam","NonDirectionalLaser","MeteoricShower"],"picked":"SKIP","floor":18.0},{"not_picked":["GravityBeat","MysteriousBeam"],"picked":"MilkyWay","floor":19.0},{"not_picked":["WitchLeyline","UnstableBomb"],"picked":"PulseMagic","floor":21.0},{"not_picked":["ShootingEcho","OpenUniverse","SatelliteIllusion"],"picked":"SKIP","floor":25.0},{"not_picked":["GravityBeat+1","MagicAbsorber"],"picked":"MilkyWay","floor":27.0},{"not_picked":["UnstableBomb","SatelliteIllusion","EnergyRecoil"],"picked":"SKIP","floor":28.0},{"not_picked":["IllusionStar+1","WitchOfGreed","SprinkleStarSeal"],"picked":"SKIP","floor":30.0},{"not_picked":["BigCrunch","MillisecondPulsars"],"picked":"UltimateShortwave","floor":33.0},{"not_picked":["AsteroidBelt","SprinkleStarSeal","WitchOfGreed"],"picked":"SKIP","floor":35.0},{"not_picked":["6A+1","WitchOfGreed"],"picked":"EarthLightRay+1","floor":37.0},{"not_picked":["MagicAbsorber","DragonMeteor"],"picked":"AlicesGift","floor":38.0},{"not_picked":["GrandCross","SatelliteIllusion"],"picked":"MagicAbsorber","floor":39.0},{"not_picked":["ChargingUp","GrandCross","RefractionSpark+1"],"picked":"SKIP","floor":40.0},{"not_picked":["SuperPerseids+1","MysteriousBeam+1"],"picked":"PowerUp","floor":41.0},{"not_picked":["ShootingEcho+1","DarkMatter"],"picked":"PowerUp","floor":44.0},{"not_picked":["WitchLeyline","WitchOfGreed+1"],"picked":"OrrerysSun+1","floor":45.0},{"not_picked":["ChargeUpSpray","EnergyFlow+1","LuminesStrike"],"picked":"SKIP","floor":46.0},{"not_picked":["BlazingStar","NonDirectionalLaser"],"picked":"PowerUp","floor":47.0},{"not_picked":["UnstableBomb","DC","OpenUniverse"],"picked":"SKIP","floor":48.0},{"not_picked":["NonDirectionalLaser+1","GasGiant+1"],"picked":"PulseMagic+1","floor":54.0}],"player_experience":417183,"relics_obtained":[{"floor":1.0,"key":"AddBug"},{"floor":3.0,"key":"SecretRecord"},{"floor":7.0,"key":"SSSystem"},{"floor":9.0,"key":"Molten Egg 2"},{"floor":11.0,"key":"MagicDraw4"},{"floor":14.0,"key":"SecretRecord"},{"floor":19.0,"key":"SecretRecord"},{"floor":27.0,"key":"SecretRecord"},{"floor":28.0,"key":"Replay:WaspNest"},{"floor":30.0,"key":"SecretRecord"},{"floor":35.0,"key":"SecretRecord"},{"floor":39.0,"key":"SecretRecord"},{"floor":40.0,"key":"Whetstone"},{"floor":41.0,"key":"SecretRecord"},{"floor":43.0,"key":"Ice Cream"},{"floor":44.0,"key":"SecretRecord"},{"floor":45.0,"key":"Durian"},{"floor":45.0,"key":"SecretRecord"},{"floor":46.0,"key":"SecretRecord"},{"floor":47.0,"key":"Replay:Arrowhead"},{"floor":48.0,"key":"SecretRecord"},{"floor":54.0,"key":"SecretRecord"},{"floor":54.0,"key":"Toy Ornithopter"}],"event_choices":[{"damage_healed":0.0,"max_hp_gain":0.0,"max_hp_loss":0.0,"gold_gain":0.0,"event_name":"Golden Idol","player_choice":"Ignored","floor":10.0,"gold_loss":0.0,"damage_taken":0.0},{"damage_healed":0.0,"max_hp_gain":0.0,"max_hp_loss":0.0,"gold_gain":0.0,"event_name":"Scrap Ooze","player_choice":"Fled","floor":13.0,"gold_loss":0.0,"damage_taken":0.0},{"damage_healed":0.0,"max_hp_gain":0.0,"max_hp_loss":0.0,"gold_gain":0.0,"event_name":"Ghosts","player_choice":"Ignored","floor":29.0,"gold_loss":0.0,"damage_taken":0.0},{"damage_healed":0.0,"max_hp_gain":0.0,"max_hp_loss":0.0,"gold_gain":0.0,"event_name":"Mysterious Sphere","player_choice":"Fight","floor":45.0,"gold_loss":0.0,"damage_taken":0.0}],"is_beta":false,"boss_relics":[{"not_picked":["Replay:Bronze Core","Ectoplasm"],"picked":"RampagingMagicTools"},{"not_picked":["AddBug","Honey Jar"],"picked":"SacredBark"}],"items_purged_floors":[20,22,31,42],"is_endless":false,"potions_floor_spawned":[2,3,7,16,19,27,28,33,37,39,40,46,48],"killed_by":"The Heart","ascension_level":17}}