{"host":"ff0k6g9g9j8o52vm","time":1609226743,"event":{"mods":["AchievementEnabler","Aspiration","Astrologer","BaseMod","Beaked The Cultist","Better Altar","Better Note","Better Sensory Stone","Better Skull","Better Third Choice","Colored Map","Colored Powertips","Curses Come First","Downfall","Energized Spire","GifTheSpireLib","Gremlin Mod","Hermit","Highlight Path","Hubris","Infinite Spire","Jorbs\u0027s Wanderer Trilogy","Koishi","Marisa????????","Minty Spire (QoL Compilation)","Quick Restart","Random Character Button","Replay The Spire","Robot Space Explorer","Shade Mod","Somnambulant","StSLib","The Bug Knight","The Clintock","The Construct","The Cursed","The Disciple","The Dragon Tamer","The Forsaken","The Gatherer","The Hayseed","The Hierophant","The Judge","The Jungle","The Marked","The Mystic","The Necromancer","The Poker Player","The Runesmith","The Sage","The Saiyan","The Senshi","The Servant 0.9.4","The Wild Card","TheArtist","Wandering Minibosses","Yuri Mod","vexMod"],"gold_per_floor":[115,110,130,149,161,161,175,175,202,202,202,222,253,265,265,354,354,371,382,382,382,402,402,348,348,348,382,382,390,54,54,54,141,141,150,166,166,179,185,185,207,207,231,241,244,1061,1061,168,168,168],"floor_reached":51,"playtime":6551,"items_purged":["WordoMod:FoggyMind","Gatherer:Strike_Gatherer","Parasite"],"score":755,"play_id":"517de6be-5fe2-4e8d-bb36-1aedf997c2a8","local_time":"20201228232543","is_ascension_mode":false,"metric_token":3729,"campfire_choices":[{"data":"Gatherer:TacticalStrike","floor":6,"key":"SMITH"},{"data":"Gatherer:Centralize","floor":10,"key":"SMITH"},{"data":"Gatherer:FruitForce","floor":15,"key":"SMITH"},{"data":"Gatherer:MiningStrike","floor":23,"key":"SMITH"},{"data":"Gatherer:FlowerBeam+1","floor":25,"key":"SMITH"},{"floor":28,"key":"REST"},{"floor":40,"key":"REST"},{"data":"Gatherer:Examine","floor":42,"key":"SMITH"},{"floor":47,"key":"REST"},{"floor":49,"key":"REST"}],"circlet_count":0,"master_deck":["Gatherer:Centralize+1","Gatherer:FlowerWhip+1","Gatherer:FlowerFalling","Gatherer:Transmute+1","Gatherer:Snatch","Gatherer:TacticalStrike+1","Gatherer:FlowerBeam+2","Gatherer:FruitForce+1","Gatherer:MindSearch+1","Gatherer:QuickSynthesis+1","Gatherer:HeartToFruit+1","stsjorbsmod:Withering","Gatherer:Snatch","Gatherer:FlowerShield+1","Gatherer:MiningStrike+1","Gatherer:SmartManeuver+1","Gatherer:FinishingStrike","Gatherer:SealedBomb+1","Replay:Dark Deal","Gatherer:BalancedGrowth","Gatherer:BambuSword","Gatherer:Examine+1","Gatherer:CarefulStrike","Gatherer:Duality","Gatherer:PotentialSlash","Gatherer:QuickSynthesis","Gatherer:OddSpoils","Gatherer:BambuSword","Gatherer:SaveValuables","Gatherer:Shadow","Gatherer:Light","Gatherer:MiningStrike","Gatherer:Herbalism+1","Gatherer:Snatch+1","Gatherer:CollectorsShot+1","Gatherer:Bulldoze","Gatherer:RecoveryHerb+1","Gatherer:Liquidism","Panache","Replay:SS_hec_2","Gatherer:CollectorsShot","Gatherer:QuickSynthesis"],"relics":["Gatherer:AlchemyBag","Durian","Bronze Scales","Replay:Bottled Steam","Replay:Ancient Bell","Regal Pillow","Replay:Ringing Soul","hubris:64BitClover","theForsaken:Gavel","vexMod:ImprovementManual","War Paint","Question Card","Pandora\u0027s Box","Happy Flower","Centennial Puzzle","Vajra","wanderingMiniBosses:MasterThiefsPresence","Replay:Wax Seal","Membership Card","Runesmith:Locket"],"acts_visited":["Exordium","Exordium","TheBeyond"],"potions_floor_usage":[7,12,13,13,18,24,24,24,33,33,33,39,41,41,44,45,50,50],"damage_taken":[{"damage":5,"enemies":"Small Slimes","floor":1,"turns":4},{"damage":0,"enemies":"2 Louse","floor":2,"turns":6},{"damage":6,"enemies":"Cultist","floor":3,"turns":3},{"damage":0,"enemies":"3 Louse","floor":4,"turns":2},{"damage":3,"enemies":"Looter","floor":5,"turns":2},{"damage":16,"enemies":"Large Slime","floor":7,"turns":2},{"damage":0,"enemies":"Exordium Wildlife","floor":12,"turns":2},{"damage":9,"enemies":"Gremlin Nob","floor":13,"turns":2},{"damage":4,"enemies":"Exordium Thugs","floor":14,"turns":3},{"damage":29,"enemies":"The Guardian","floor":16,"turns":8},{"damage":8,"enemies":"theJungle:5_Spyders","floor":18,"turns":6},{"damage":6,"enemies":"theJungle:MUSHROOMGANG","floor":19,"turns":5},{"damage":9,"enemies":"theJungle:SlimyTreeVines","floor":22,"turns":4},{"damage":17,"enemies":"theJungle:Lyon","floor":24,"turns":5},{"damage":17,"enemies":"theJungle:Cassacara","floor":27,"turns":5},{"damage":29,"enemies":"theJungle:2_Flameangoes","floor":29,"turns":5},{"damage":59,"enemies":"theJungle:TotemBoss","floor":33,"turns":9},{"damage":54,"enemies":"3 Darklings","floor":35,"turns":6},{"damage":17,"enemies":"3 Shapes","floor":36,"turns":3},{"damage":20,"enemies":"Transient","floor":38,"turns":5},{"damage":13,"enemies":"Maw","floor":39,"turns":6},{"damage":20,"enemies":"Nemesis","floor":41,"turns":5},{"damage":6,"enemies":"Spire Growth","floor":44,"turns":2},{"damage":20,"enemies":"Jaw Worm Horde","floor":45,"turns":3},{"damage":46,"enemies":"Writhing Mass","floor":46,"turns":5},{"damage":96,"enemies":"Donu and Deca","floor":50,"turns":10}],"seed_played":"-2786521761155206881","potions_obtained":[{"floor":3,"key":"Regen Potion"},{"floor":11,"key":"Energy Potion"},{"floor":11,"key":"Fruit Juice"},{"floor":11,"key":"Flashbang"},{"floor":12,"key":"Energy Potion"},{"floor":13,"key":"Ancient Potion"},{"floor":14,"key":"Strength Potion"},{"floor":18,"key":"BottledMiracle"},{"floor":19,"key":"infinitespire:BlackPotion"},{"floor":27,"key":"Strength Potion"},{"floor":29,"key":"EntropicBrew"},{"floor":35,"key":"SteroidPotion"},{"floor":38,"key":"sneckomod:MuddlingPotion"},{"floor":41,"key":"BottledMiracle"},{"floor":44,"key":"champ:CounterPotion"}],"is_trial":false,"path_per_floor":["M","M","M","M","M","R","M","?","T","R","?","M","E","M","R","B",null,"M","M","AVR","?","M","R","M","R","T","E","R","M","$","?","R_BF","B",null,"M","M","?","M","M","R","E","R","T","M","M","M","R","$","R","B",null],"character_chosen":"THE_GATHERER","items_purchased":["Replay:Dark Deal","Gatherer:BalancedGrowth","Gatherer:Liquidism","Panache","Replay:SS_hec_2","Replay:Wax Seal","Membership Card","Runesmith:Locket","Dexterity Potion","SpeedPotion","champ:CounterPotion","Gatherer:CollectorsShot","Gatherer:QuickSynthesis"],"campfire_rested":4,"item_purchase_floors":[30,30,48,48,48,48,48,48,48,48,48,48,48],"current_hp_per_floor":[74,74,68,68,65,65,54,56,56,56,56,60,56,52,52,23,96,94,94,94,94,97,97,87,87,87,73,125,99,102,105,134,97,144,93,79,79,62,52,113,93,93,93,90,73,55,120,123,169,88],"gold":168,"neow_bonus":"TEN_PERCENT_HP_BONUS","is_daily":false,"chose_seed":false,"campfire_upgraded":6,"win_rate":0.0,"timestamp":1609226743,"path_taken":["M","M","M","M","M","R","M","?","T","R","?","?","E","M","R","BOSS","M","M","AVR","?","M","R","M","R","T","E","R","M","$","?","R_BF","BOSS","M","M","?","M","M","R","E","R","T","M","M","M","R","$","R","BOSS"],"items_purchased_type":["Card","Card","Card","Card","Card","Relic","Relic","Relic","Potion","Potion","Potion","Card","Card"],"build_version":"2020-12-22","purchased_purges":3,"victory":true,"max_hp_per_floor":[79,79,79,79,79,79,79,84,84,84,84,88,93,93,93,93,96,102,108,108,108,115,115,122,122,122,125,125,128,131,134,134,141,144,147,150,150,153,156,156,156,156,156,159,162,169,169,169,169,169],"card_choices":[{"not_picked":["Gatherer:WitheringStrike","Gatherer:AlchemyTrial"],"picked":"Gatherer:FlowerFalling","floor":1},{"not_picked":["Gatherer:Enchant","Gatherer:FeelingFine"],"picked":"Gatherer:Transmute","floor":2},{"not_picked":["Gatherer:Convert","Gatherer:DrugPower"],"picked":"Gatherer:Snatch","floor":3},{"not_picked":["Gatherer:OddSpoils","Gatherer:EnergyBasket"],"picked":"Gatherer:TacticalStrike","floor":4},{"not_picked":["Gatherer:FeelingFine","Gatherer:DrugPower","Gatherer:BigPouch"],"picked":"SKIP","floor":5},{"not_picked":["Gatherer:Duplicator","Gatherer:AcidicSpray"],"picked":"Gatherer:FlowerBeam","floor":7},{"not_picked":["Gatherer:Frenzy","Gatherer:SealedBomb"],"picked":"Gatherer:FruitForce","floor":12},{"not_picked":["Gatherer:Pollute","Gatherer:Misfortune"],"picked":"Gatherer:MindSearch","floor":13},{"not_picked":["Gatherer:AcidicSpray","Gatherer:SaveValuables"],"picked":"Gatherer:QuickSynthesis","floor":14},{"not_picked":["Gatherer:MindSearch","Gatherer:ColorfulGarden"],"picked":"Gatherer:HeartToFruit","floor":16},{"not_picked":["hubris:Gluttony","hexamod:Haunted"],"picked":"stsjorbsmod:Procrastination","floor":17},{"not_picked":["Normality","hexamod:Haunted"],"picked":"WordoMod:FoggyMind","floor":17},{"not_picked":["CommonCold","Shame"],"picked":"stsjorbsmod:Withering","floor":17},{"not_picked":["Gatherer:PotentialSlash","Gatherer:RottenStipe"],"picked":"Gatherer:Snatch","floor":18},{"not_picked":["Gatherer:GatherMaterial","Gatherer:DrugPower"],"picked":"Gatherer:FlowerShield","floor":19},{"not_picked":["Gatherer:DrugPower","Gatherer:WitheringStrike+1"],"picked":"Gatherer:MiningStrike","floor":22},{"not_picked":["Gatherer:FragileHammer","Gatherer:AlchemyTrial"],"picked":"Gatherer:SmartManeuver+1","floor":24},{"not_picked":["Gatherer:AlchemyTrial","Gatherer:BambuSword+1"],"picked":"Gatherer:FinishingStrike","floor":27},{"not_picked":["Gatherer:RecoveryHerb","Gatherer:FeelingFine+1","Gatherer:Transmute"],"picked":"Gatherer:SealedBomb+1","floor":29},{"not_picked":["Gatherer:BlackTea","Gatherer:StoneFence","Gatherer:GrowBook"],"picked":"Gatherer:Examine","floor":33},{"not_picked":["Gatherer:GatherMaterial","Gatherer:CarefulStrike+1","Gatherer:PotentialSlash+1"],"picked":"Gatherer:MiningStrike","floor":35},{"not_picked":["Gatherer:WitheringStrike","Gatherer:FlowerFalling","Gatherer:Enchant+1"],"picked":"Gatherer:Herbalism+1","floor":36},{"not_picked":["Gatherer:Frenzy","Gatherer:WoolGloves","Gatherer:VenomBarrier+1"],"picked":"Gatherer:Snatch+1","floor":38},{"not_picked":["Gatherer:DrugPower+1","Gatherer:EnergyBasket+1","Gatherer:Frenzy"],"picked":"Gatherer:CollectorsShot+1","floor":39},{"not_picked":["Gatherer:EnergyBasket","Gatherer:TreeGrowth","Gatherer:DrugPower+1","Gatherer:FragileHammer+1"],"picked":"SKIP","floor":41},{"not_picked":["Gatherer:ScherryThrow+1","Gatherer:Uplift+1","Gatherer:Frenzy+1"],"picked":"Gatherer:Bulldoze","floor":44},{"not_picked":["Gatherer:WitheringStrike","Gatherer:RecipeChange","Gatherer:FlowerBeam"],"picked":"Gatherer:RecoveryHerb+1","floor":45},{"not_picked":["Gatherer:DrugPower","Gatherer:AcidicSpray+1","Gatherer:Snatch+1","Gatherer:SaveValuables+1"],"picked":"SKIP","floor":46}],"player_experience":904724,"relics_obtained":[{"floor":9,"key":"Bronze Scales"},{"floor":13,"key":"Replay:Bottled Steam"},{"floor":26,"key":"War Paint"},{"floor":27,"key":"Question Card"},{"floor":35,"key":"Happy Flower"},{"floor":41,"key":"Centennial Puzzle"},{"floor":43,"key":"Vajra"},{"floor":46,"key":"wanderingMiniBosses:MasterThiefsPresence"}],"event_choices":[{"damage_healed":0,"gold_gain":0,"player_choice":"Relic ","damage_taken":3,"max_hp_gain":0,"max_hp_loss":0,"event_name":"betterThird:BetterScrap","floor":8,"gold_loss":0,"cards_obtained":["Mirror Shield"]},{"damage_healed":0,"gold_gain":0,"player_choice":"Got Potions","damage_taken":0,"max_hp_gain":0,"max_hp_loss":0,"event_name":"Lab","floor":11,"gold_loss":0},{"cards_removed":["stsjorbsmod:Procrastination"],"damage_healed":0,"gold_gain":0,"player_choice":"Removed Curses","damage_taken":0,"max_hp_gain":0,"max_hp_loss":0,"event_name":"Fountain of Cleansing","floor":21,"gold_loss":0},{"damage_healed":0,"gold_gain":0,"cards_transformed":["Gatherer:Strike_Gatherer"],"player_choice":"Transformed","damage_taken":0,"max_hp_gain":0,"max_hp_loss":0,"event_name":"Transmorgrifier","floor":31,"gold_loss":0,"cards_obtained":["Gatherer:BambuSword"]},{"cards_removed":["Gatherer:GlowingPlant"],"damage_healed":0,"gold_gain":0,"player_choice":"Removed Skill","damage_taken":0,"max_hp_gain":0,"max_hp_loss":0,"event_name":"Falling","floor":37,"gold_loss":0}],"is_beta":false,"boss_relics":[{"not_picked":["hubris:RunicObelisk","Replay:Fungal Core"],"picked":"Replay:Ancient Bell"},{"not_picked":["Replay:Mystery Machine","Juzu Bracelet"],"picked":"Regal Pillow"},{"not_picked":["The Courier","aspiration:FetidBarrel"],"picked":"Replay:Ringing Soul"},{"not_picked":["Counterbalance","Prayer Wheel"],"picked":"hubris:64BitClover"},{"not_picked":["ReplayTheSpireMod:DimensionalGlitch","aspiration:FutureDiary"],"picked":"Pandora\u0027s Box"}],"items_purged_floors":[20,30,48],"is_endless":false,"potions_floor_spawned":[3,12,13,14,16,18,19,27,29,35,38,41,44],"ascension_level":0}}