{"host":"j29osl8nelwi4hyu","time":1609208219,"event":{"mods":["BaseMod","Colored Powertips","Hubris","Infinite Spire","Minty Spire (QoL Compilation)","Replay The Spire","StSLib"],"gold_per_floor":[215,235,246,259,259,292,292,302,326,392,412,33,49,65,65,168,168,185,202,216,235,250,250,263,263,263,25,25,39,56,56,56,152,152,171,185,185,185],"floor_reached":37,"playtime":3012,"items_purged":[],"score":664,"play_id":"f117df04-4956-4ff4-9e9e-17fe6d847f1a","local_time":"20201228181659","is_ascension_mode":true,"campfire_choices":[{"floor":7.0,"key":"REST"},{"floor":15.0,"key":"REST"},{"floor":23.0,"key":"REST"},{"floor":25,"key":"REST"},{"floor":28,"key":"REST"},{"floor":32,"key":"RECALL"}],"circlet_count":0,"master_deck":["Strike_B","Strike_B","Strike_B","Strike_B","Defend_B","Defend_B","Defend_B","Defend_B+1","Zap","Dualcast","Coolheaded","BootSequence+1","Gash","Rebound","Streamline","Rip and Tear","Gash","Conserve Battery","All For One","Gash","Crystallizer","Defragment","Time Bomb+1","Compile Driver+1","Self Repair","Buffer","Panic Button","Amplify","Sweeping Beam"],"relics":["Cracked Core","Bird Faced Urn","ReplayTheSpireMod:Lightbulb","hubris:EmptyBottle","Vajra","Painkiller Herb","Bottled Lightning","hubris:BallOfYels","Replay:Grab Bag","Busted Crown","hubris:TerracottaHorce","SlaversCollar","Runic Pyramid"],"acts_visited":["Exordium","TheCity","TheBeyond"],"potions_floor_usage":[24,33,33,33,33],"damage_taken":[{"damage":0.0,"enemies":"Cultist","floor":1.0,"turns":4.0},{"damage":9.0,"enemies":"Small Slimes","floor":2.0,"turns":4.0},{"damage":0.0,"enemies":"2 Louse","floor":3.0,"turns":2.0},{"damage":8.0,"enemies":"2 Fungi Beasts","floor":4.0,"turns":5.0},{"damage":19.0,"enemies":"Lagavulin","floor":6.0,"turns":7.0},{"damage":26.0,"enemies":"Exordium Thugs","floor":8.0,"turns":6.0},{"damage":10.0,"enemies":"Exordium Wildlife","floor":11.0,"turns":6.0},{"damage":0.0,"enemies":"Lots of Slimes","floor":13.0,"turns":2.0},{"damage":7.0,"enemies":"Exordium Thugs","floor":14.0,"turns":4.0},{"damage":19.0,"enemies":"Hexaghost","floor":16.0,"turns":10.0},{"damage":11.0,"enemies":"2 Thieves","floor":18.0,"turns":3.0},{"damage":22.0,"enemies":"3 Byrds","floor":19.0,"turns":5.0},{"damage":0.0,"enemies":"Sentry and Sphere","floor":20.0,"turns":3.0},{"damage":19.0,"enemies":"Snake Plant","floor":21.0,"turns":5.0},{"damage":12.0,"enemies":"Chosen and Byrds","floor":22.0,"turns":4.0},{"damage":15,"enemies":"Centurion and Healer","floor":24,"turns":7},{"damage":8,"enemies":"Sentry and Sphere","floor":29,"turns":4},{"damage":0,"enemies":"Cultist and Chosen","floor":30,"turns":6},{"damage":71,"enemies":"Pondfish","floor":33,"turns":11},{"damage":14,"enemies":"3 Shapes","floor":35,"turns":4},{"damage":40,"enemies":"3 Darklings","floor":36,"turns":5},{"damage":59,"enemies":"Writhing Mass","floor":37,"turns":7}],"seed_played":"-7866509031112961816","potions_obtained":[{"floor":1.0,"key":"Dexterity Potion"},{"floor":4.0,"key":"Weak Potion"},{"floor":11.0,"key":"LiquidMemories"},{"floor":13.0,"key":"SteroidPotion"},{"floor":14.0,"key":"DuplicationPotion"},{"floor":19.0,"key":"Explosive Potion"},{"floor":20.0,"key":"Fire Potion"},{"floor":24,"key":"Energy Potion"},{"floor":29,"key":"SteroidPotion"},{"floor":30,"key":"Regen Potion"}],"is_trial":false,"path_per_floor":["M","M","M","M","?","E","R","M","T","?","M","$","M","M","R","B",null,"?","?","?","?","?","T","?","T","T","T","T","?","?","T","T","B",null,"?","?","?"],"character_chosen":"DEFECT","items_purchased":["hubris:EmptyBottle","Vajra","Rip and Tear","hubris:BallOfYels","Self Repair"],"campfire_rested":5,"item_purchase_floors":[12,12,12,27,27],"current_hp_per_floor":[75,66,66,58,43,24,46,20,20,20,10,10,10,3,25,6,58,47,25,27,12,4,26,15,37,37,37,59,62,75,75,75,38,66,63,45,0,0],"gold":185,"neow_bonus":"HUNDRED_GOLD","is_daily":false,"chose_seed":false,"campfire_upgraded":0,"win_rate":0.0,"timestamp":1609208219,"path_taken":["M","M","M","?","?","E","R","M","T","?","M","$","M","M","R","BOSS","?","?","?","?","?","T","?","T","T","T","T","?","?","T","T","BOSS","?","?","?"],"items_purchased_type":["Relic","Relic","Card","Relic","Card"],"build_version":"2020-12-22","purchased_purges":0,"victory":false,"max_hp_per_floor":[75,75,75,75,75,75,75,75,75,75,75,75,75,75,75,75,75,75,75,75,75,75,75,75,75,75,75,75,75,75,75,75,75,75,75,75,75,75],"card_choices":[{"not_picked":["Aggregate","Steam"],"picked":"Coolheaded","floor":1.0},{"not_picked":["Recycle","Hologram"],"picked":"BootSequence","floor":2.0},{"not_picked":["Force Field","Turbo"],"picked":"Gash","floor":3.0},{"not_picked":["Turbo","ReplayTheSpireMod:Reroute Power"],"picked":"Rebound","floor":4.0},{"not_picked":["ReplayTheSpireMod:Reroute Power","Fusion","hubris:DoWhile"],"picked":"SKIP","floor":6.0},{"not_picked":["Rebound","Chill"],"picked":"Streamline","floor":8.0},{"not_picked":["hubris:PowerSurge","Streamline","ReplayTheSpireMod:System Scan"],"picked":"SKIP","floor":11.0},{"not_picked":["Static Discharge","Rip and Tear"],"picked":"Gash","floor":13.0},{"not_picked":["Gash","Panic Button"],"picked":"Conserve Battery","floor":14.0},{"not_picked":["ReplayTheSpireMod:Omega Cannon","Buffer"],"picked":"All For One","floor":16.0},{"not_picked":["Ball Lightning","Undo"],"picked":"Gash","floor":18.0},{"not_picked":["Double Energy","Streamline"],"picked":"Crystallizer","floor":19.0},{"not_picked":["Barrage+1","Compile Driver"],"picked":"Defragment","floor":20.0},{"not_picked":["Rebound","Consume","Turbo"],"picked":"SKIP","floor":21.0},{"not_picked":["Gash","Ball Lightning"],"picked":"Time Bomb+1","floor":22.0},{"not_picked":["Consume+1","Leap"],"picked":"Compile Driver+1","floor":24},{"not_picked":["Hologram","BasicCrystalCard"],"picked":"Buffer","floor":29},{"not_picked":["Crystallizer+1","Skim"],"picked":"Panic Button","floor":30},{"not_picked":["hubris:DoWhile","ReplayRNGCard"],"picked":"Amplify","floor":33},{"not_picked":["Undo"],"picked":"SKIP","floor":35},{"not_picked":[],"picked":"Sweeping Beam","floor":36}],"player_experience":263766,"relics_obtained":[{"floor":6.0,"key":"Bird Faced Urn"},{"floor":9.0,"key":"ReplayTheSpireMod:Lightbulb"},{"floor":26,"key":"Bottled Lightning"}],"event_choices":[{"damage_healed":0.0,"max_hp_gain":0.0,"max_hp_loss":0.0,"gold_gain":0.0,"event_name":"Shining Light","player_choice":"Entered Light","floor":5.0,"gold_loss":0.0,"damage_taken":15.0,"cards_upgraded":["Defend_B","BootSequence"]},{"damage_healed":0.0,"max_hp_gain":0.0,"max_hp_loss":0.0,"gold_gain":66.0,"event_name":"Golden Wing","player_choice":"Gained Gold","floor":10.0,"gold_loss":0.0,"damage_taken":0.0}],"is_beta":false,"boss_relics":[{"not_picked":["Coffee Dripper","Fusion Hammer"],"picked":"Painkiller Herb"},{"not_picked":["Tiny House","Calling Bell"],"picked":"Replay:Grab Bag"},{"not_picked":["Sozu","ReplayTheSpireMod:Onyx Gauntlets"],"picked":"Busted Crown"},{"not_picked":["Cursed Key","Runic Dome"],"picked":"hubris:TerracottaHorce"},{"not_picked":["Black Star","Ring of Chaos"],"picked":"SlaversCollar"},{"not_picked":["Snecko Eye","Replay:Drink Me"],"picked":"Runic Pyramid"}],"items_purged_floors":[],"is_endless":false,"potions_floor_spawned":[1,4,11,13,14,19,20,24,29,30],"killed_by":"Writhing Mass","ascension_level":5}}