{"host":"q6ma3hi3lrvu4bic","time":1609257225,"event":{"mods":["AchievementEnabler","Act Like it!","Bartender","BaseMod","Better Match","Better Sensory Stone","BetterRewards","CapriCore","Dio Mod","Gold Saver","Hermit","Hero for Fun","Hunter ??","Jorbs\u0027s Wanderer Trilogy","Luminous","Mad Scientist","Marisa????????","Melee Mod","Minty Spire (QoL Compilation)","Nova Terra(??·??)","Potionbrewer","Replay The Spire","SOS???????","Shade Mod","StSLib","Td1madao Mod","The Alterego","The Blackbeard","The Bladedancer","The Bug Knight","The Cursed","The Dragon Tamer","The Exalted","The Forsaken","The Hierophant","The Immortal","The Kombatant","The Marked","The Necromancer","The Runesmith","The Saiyan","The Servant 0.9.4","The Vixen","The Wild Card","TheHero","TheSwordswoman","Yakumo Yukari mod","Yuyuko"],"gold_per_floor":[665,685,760,760,56,113,113,123,123,123,123,140,197,40,40,174,174,192,192,192,208,154,154,189,234,234,247,278,278,290,305,305,440,440,451,468,468,498],"floor_reached":39,"playtime":4072,"items_purged":[],"score":671,"play_id":"b4af0d3e-86ca-4408-bcbc-1e2e378b87a0","local_time":"20201229105345","is_ascension_mode":false,"campfire_choices":[{"data":"HealerPetCall","floor":7,"key":"SMITH"},{"data":"SpikerPetCall","floor":11,"key":"SMITH"},{"floor":15,"key":"REST"},{"floor":23,"key":"REST"},{"floor":29,"key":"REST"},{"floor":32,"key":"REST"}],"circlet_count":0,"master_deck":["Strike_Giant","Strike_Giant","Defend_Giant","Defend_Giant","Defend_Giant","Defend_Giant","CultistPetCall","EagleFirst","EagleFirst","EagleSecond","CultistPetCall","Random Death Rattle","Doubt","SpikerPetCall+1","EagleSecond","PanicButton","Seek Pet","Protect_Giant","Shade:Strike_Shade","GremlinTsunderePetCall","Revenge Attack","Good Instincts","Retain Combo","Time Travel","CurseOfTheBell","CultistPetCall","ByrdPetCall+1","CultistPetCall","SpikerPetCall+1","Struggle Attack","Clone Minion","Backflip Giant+1","EagleSecond+1","GhostForm_Giant","Recover HP","Encourage_Giant","TakeAction_Giant+1","ByrdPetCall","Bloody Giant","CultistPetCall","HPGrowth_Giant","Duplicate Hand+1"],"relics":["GiantSoulBox","ReplayTheSpireMod:Ring of Exchange","Ring of Panic","Mango","Replay:WaspNest","Power_Wrist","GiantSoulStone","Replay:Grab Bag","Replay:Bronze Core","Fusion Hammer","Calling Bell","Ring of Chaos","Onion Ring","Bromod:ArcanePulse","Bromod:ArcaneConsequence","MutagenicStrength","Garlic","Bromod:ArcaneTrickery","Bromod:ArcaneTempo","Orrery"],"acts_visited":["Exordium","TheCity","TheBeyond"],"potions_floor_usage":[16,24,28,28,33],"damage_taken":[{"damage":2,"enemies":"Small Slimes","floor":1,"turns":3},{"damage":5,"enemies":"2 Louse","floor":2,"turns":2},{"damage":23,"enemies":"Lagavulin","floor":6,"turns":6},{"damage":0,"enemies":"Jaw Worm","floor":8,"turns":3},{"damage":8,"enemies":"3 Louse","floor":12,"turns":3},{"damage":10,"enemies":"Exordium Thugs","floor":13,"turns":3},{"damage":35,"enemies":"The Guardian","floor":16,"turns":8},{"damage":14,"enemies":"3 Byrds","floor":18,"turns":7},{"damage":5,"enemies":"Spheric Guardian","floor":21,"turns":3},{"damage":28,"enemies":"Slavers","floor":24,"turns":5},{"damage":13,"enemies":"Snecko","floor":25,"turns":6},{"damage":2,"enemies":"Centurion and Healer","floor":27,"turns":6},{"damage":5,"enemies":"Book of Stabbing","floor":28,"turns":6},{"damage":0,"enemies":"Snake Plant","floor":30,"turns":6},{"damage":1,"enemies":"Cultist and Chosen","floor":31,"turns":5},{"damage":11,"enemies":"StardustCrusaders","floor":33,"turns":8},{"damage":5,"enemies":"Orb Walker","floor":35,"turns":5},{"damage":6,"enemies":"3 Darklings","floor":36,"turns":4},{"damage":12,"enemies":"Jotaro","floor":38,"turns":8}],"seed_played":"-5216404894963657923","potions_obtained":[{"floor":12,"key":"potionbrewer:ToxicPotion"},{"floor":13,"key":"Explosive Potion"},{"floor":18,"key":"SkillPotion"},{"floor":25,"key":"Fire Potion"},{"floor":30,"key":"Toxic Potion"},{"floor":31,"key":"Adrenaline Potion"},{"floor":33,"key":"potionbrewer:QuicksilverPotion"}],"is_trial":false,"path_per_floor":["M","M","?","?","$","E","R","M","T","?","R","M","M","$","R","B",null,"M","?","?","M","$","R","E","M","T","M","E","R","M","M","R","B",null,"M","M","?","B",null],"character_chosen":"Giant","items_purchased":["HealerPetCall","SpikerPetCall","Mango","EagleSecond","PanicButton","Flashbang","Good Instincts","Retain Combo","CultistPetCall"],"campfire_rested":4,"item_purchase_floors":[5,5,5,5,5,5,14,14,22],"current_hp_per_floor":[69,64,53,53,67,61,61,73,73,73,73,65,60,60,88,66,100,100,100,80,80,80,105,100,98,98,101,101,110,110,110,110,115,115,112,111,111,114],"gold":498,"neow_bonus":"TEN_PERCENT_HP_BONUS","is_daily":false,"chose_seed":false,"campfire_upgraded":2,"win_rate":0.0,"timestamp":1609257225,"path_taken":["M","M","?","?","$","E","R","?","T","?","R","M","M","$","R","BOSS","M","?","?","M","$","R","E","M","T","M","E","R","M","M","R","BOSS","M","M","?","BOSS"],"items_purchased_type":["Card","Card","Relic","Card","Card","Potion","Card","Card","Card"],"build_version":"2020-12-22","purchased_purges":0,"victory":true,"max_hp_per_floor":[71,71,71,71,85,90,90,90,90,90,90,90,95,95,95,100,100,100,100,105,105,105,105,105,110,110,110,110,110,110,110,110,115,115,115,115,115,120],"card_choices":[{"not_picked":["Random Death Rattle","SpikerPetCall"],"picked":"CultistPetCall","floor":1},{"not_picked":["Combo Recycle","Struggle Attack"],"picked":"Random Death Rattle","floor":2},{"not_picked":["Combo Recycle","Random Death Rattle"],"picked":"Seek Pet","floor":6},{"not_picked":["Pummel Giant","The End Giant"],"picked":"Protect_Giant","floor":8},{"not_picked":["SpikerPetCall","CultistPetCall"],"picked":"GremlinTsunderePetCall","floor":12},{"not_picked":["Upgrade_Giant","Up Up Up"],"picked":"Revenge Attack","floor":13},{"not_picked":["Beast Master","Upgrade_Giant"],"picked":"Time Travel","floor":16},{"not_picked":["Drunk Grant","Mana Growth"],"picked":"CultistPetCall","floor":18},{"not_picked":["Struggle Attack","CultistForm"],"picked":"ByrdPetCall+1","floor":21},{"not_picked":["Encourage_Giant","Up Up Up"],"picked":"SpikerPetCall+1","floor":24},{"not_picked":["Seek Pet","Death Prophecy"],"picked":"Struggle Attack","floor":25},{"not_picked":["Trace_Giant+1","Revenge Attack"],"picked":"Clone Minion","floor":27},{"not_picked":["TakeAction_Giant","Ready_Giant"],"picked":"Backflip Giant+1","floor":28},{"not_picked":["Resurrection Giant","Seek Pet"],"picked":"EagleSecond+1","floor":30},{"not_picked":["Random Death Rattle","Protect_Giant"],"picked":"GhostForm_Giant","floor":31},{"not_picked":["One Blood","SnakeForm"],"picked":"Recover HP","floor":33},{"not_picked":["GremlinTsunderePetCall","Blood Defend"],"picked":"Encourage_Giant","floor":34},{"not_picked":["Drunk Grant","Combo Recycle+1"],"picked":"TakeAction_Giant+1","floor":34},{"not_picked":["Trace_Giant","EagleSecond+1"],"picked":"ByrdPetCall","floor":34},{"not_picked":["Combo Defend+1","Ready_Giant"],"picked":"Bloody Giant","floor":34},{"not_picked":["Protect_Giant","Drunk Grant+1"],"picked":"CultistPetCall","floor":34},{"not_picked":["Drunk Grant+1","The End Giant+1"],"picked":"HPGrowth_Giant","floor":35},{"not_picked":["ByrdPetCall","Bloody Giant+1"],"picked":"Duplicate Hand+1","floor":36}],"player_experience":49169,"relics_obtained":[{"floor":4,"key":"ReplayTheSpireMod:Ring of Exchange"},{"floor":4,"key":"Ring of Panic"},{"floor":6,"key":"Replay:WaspNest"},{"floor":9,"key":"Power_Wrist"},{"floor":16,"key":"GiantSoulStone"},{"floor":17,"key":"Onion Ring"},{"floor":17,"key":"Bromod:ArcanePulse"},{"floor":17,"key":"Bromod:ArcaneConsequence"},{"floor":24,"key":"Garlic"},{"floor":26,"key":"Bromod:ArcaneTrickery"},{"floor":28,"key":"Bromod:ArcaneTempo"}],"event_choices":[{"damage_healed":0,"gold_gain":75,"player_choice":"Gather Gold","damage_taken":11,"max_hp_gain":0,"max_hp_loss":0,"event_name":"World of Goop","floor":3,"gold_loss":0},{"cards_removed":["HealerPetCall"],"damage_healed":0,"gold_gain":0,"player_choice":"Took Card","damage_taken":0,"max_hp_gain":0,"max_hp_loss":0,"event_name":"NoteForYourself","floor":10,"gold_loss":0,"cards_obtained":["Shade:Strike_Shade"]},{"damage_healed":0,"gold_gain":0,"player_choice":"Inject Mutagens","damage_taken":0,"relics_obtained":["MutagenicStrength"],"max_hp_gain":0,"max_hp_loss":0,"event_name":"Drug Dealer","floor":19,"gold_loss":0},{"damage_healed":0,"gold_gain":0,"player_choice":"Shed Blood","damage_taken":25,"max_hp_gain":5,"max_hp_loss":0,"event_name":"Forgotten Altar","floor":20,"gold_loss":0},{"damage_healed":0,"gold_gain":0,"player_choice":"Took Portal","damage_taken":0,"max_hp_gain":0,"max_hp_loss":0,"event_name":"SecretPortal","floor":37,"gold_loss":0}],"is_beta":false,"boss_relics":[{"not_picked":["Bromod:ArcaneEnergize","Replay:Drink Me"],"picked":"Replay:Grab Bag"},{"not_picked":["Runic Dome","Cursed Key"],"picked":"Replay:Bronze Core"},{"not_picked":["ReplayTheSpireMod:DimensionalGlitch","Busted Crown"],"picked":"Fusion Hammer"},{"not_picked":["Silver_Glasses","SacredBark"],"picked":"Calling Bell"},{"not_picked":["Snecko Eye","Astrolabe"],"picked":"Ring of Chaos"},{"not_picked":["Toolbox","Replay:Ancient Bell"],"picked":"Orrery"}],"items_purged_floors":[],"is_endless":false,"potions_floor_spawned":[12,13,18,25,30,31,33],"ascension_level":0}}