{"host":"qj91dvco5uhu9oti","time":1609267192,"event":{"mods":["BaseMod","Colored Map","Keyboard Shortcuts","Minty Spire (QoL Compilation)","Permanent Neow","Relic Stats","StSLib","SuperFastMode","everything is the same but u backflip on backflip"],"gold_per_floor":[116,30,30,40,40,40,71,71,71,71,93,118,118,140,140,140,140],"floor_reached":16,"playtime":339,"items_purged":[],"score":200,"play_id":"4ebf971a-5059-4b80-a4c9-ab1ff99e1a06","local_time":"20201230033952","is_ascension_mode":true,"campfire_choices":[{"data":"Body Slam","floor":6.0,"key":"SMITH"},{"data":"Pommel Strike","floor":8.0,"key":"SMITH"},{"data":"Bash","floor":10.0,"key":"SMITH"},{"data":"Flame Barrier","floor":15,"key":"SMITH"}],"circlet_count":0,"master_deck":["AscendersBane","Strike_R","Strike_R","Strike_R","Defend_R+1","Defend_R","Defend_R","Defend_R+1","Bash+1","Pommel Strike+1","Evolve","Body Slam+1","Feel No Pain","Entrench","Flame Barrier+1"],"relics":["Burning Blood","Juzu Bracelet","War Paint","CeramicFish"],"acts_visited":["Exordium"],"potions_floor_usage":[16,16],"damage_taken":[{"damage":6.0,"enemies":"Cultist","floor":1.0,"turns":4.0},{"damage":3.0,"enemies":"2 Louse","floor":4.0,"turns":4.0},{"damage":20.0,"enemies":"3 Sentries","floor":7.0,"turns":9.0},{"damage":2.0,"enemies":"Small Slimes","floor":11.0,"turns":3.0},{"damage":19.0,"enemies":"Exordium Thugs","floor":12.0,"turns":5.0},{"damage":3,"enemies":"3 Louse","floor":14,"turns":3},{"damage":16,"enemies":"Slime Boss","floor":16,"turns":7}],"seed_played":"-3568254523900451225","potions_obtained":[{"floor":7.0,"key":"Explosive Potion"},{"floor":12.0,"key":"ColorlessPotion"}],"is_trial":false,"path_per_floor":["M","$","?","M","$","R","E","R","T","R","M","M","?","M","R","B"],"character_chosen":"IRONCLAD","items_purchased":["Evolve"],"campfire_rested":0,"item_purchase_floors":[2],"current_hp_per_floor":[50,50,32,35,35,35,21,21,21,21,25,12,12,15,15,0,0],"gold":140,"neow_bonus":"REMOVE_TWO","is_daily":false,"chose_seed":false,"campfire_upgraded":4,"win_rate":0.0,"timestamp":1609267192,"path_taken":["M","?","?","M","$","R","E","R","T","R","M","M","?","M","R","BOSS"],"items_purchased_type":["Card"],"build_version":"2020-12-22","purchased_purges":0,"victory":false,"max_hp_per_floor":[75,75,75,75,75,75,75,75,75,75,75,75,75,75,75,75,75],"relic_stats":{"counters":[7,35],"CeramicFish":27,"Juzu Bracelet":0,"War Paint":["Defend_R","Defend_R"],"obtain_stats":[{"CeramicFish":9,"Juzu Bracelet":3,"War Paint":7,"Burning Blood":0},{"CeramicFish":3,"Juzu Bracelet":1,"War Paint":3,"Burning Blood":0},{"CeramicFish":17,"Juzu Bracelet":4,"War Paint":17,"Burning Blood":0}],"Burning Blood":36},"card_choices":[{"not_picked":["Anger","Dual Wield"],"picked":"Pommel Strike","floor":1.0},{"not_picked":["Armaments","Thunderclap"],"picked":"Body Slam","floor":4.0},{"not_picked":["Bloodletting","Heavy Blade","Seeing Red"],"picked":"SKIP","floor":7.0},{"not_picked":["Feel No Pain","Seeing Red","Dropkick"],"picked":"SKIP","floor":11.0},{"not_picked":["Seeing Red","Dropkick"],"picked":"Feel No Pain","floor":11.0},{"not_picked":["Spot Weakness","Sentinel"],"picked":"Entrench","floor":12.0},{"not_picked":["Metallicize","Anger"],"picked":"Flame Barrier","floor":14}],"player_experience":323939,"relics_obtained":[{"floor":7.0,"key":"War Paint"},{"floor":9.0,"key":"CeramicFish"}],"event_choices":[{"damage_healed":0.0,"max_hp_gain":0.0,"max_hp_loss":0.0,"gold_gain":0.0,"event_name":"Scrap Ooze","player_choice":"Success","floor":3.0,"gold_loss":0.0,"damage_taken":18.0,"relics_obtained":["Juzu Bracelet"]},{"damage_healed":0,"gold_gain":0,"player_choice":"Leave","damage_taken":0,"max_hp_gain":0,"max_hp_loss":0,"event_name":"FaceTrader","floor":13,"gold_loss":0}],"is_beta":false,"boss_relics":[],"items_purged_floors":[],"is_endless":false,"potions_floor_spawned":[7,12],"killed_by":"Slime Boss","ascension_level":20}}