{"host":"17xjy7b7ubl548g2","time":1609285221,"event":{"mods":["2.2 Compatiblity","Act Like it!","Aspiration","Astrologer","Bard","BaseMod","Bestiary","Challenge The Spire","ChefMod","Colored Map","Conspire","Elementarium","Energized Spire","GifTheSpireLib","Halation","Hallownest","Hermit","Hubris","Infinite Spire","Jedi Mod","Jorbs\u0027s Wanderer Trilogy","Marisa（霧雨　魔理沙）","Marked Mod","Minty Spire (QoL Compilation)","Pale of the Ancients","Permanent Neow","Puzzle Mod","Replay The Spire","Robot Space Explorer","Spicy Shops","StSLib","Stuff the Spire","The Blue Laboratory","The Bug Knight","The Construct","The Disciple","The Hayseed","The Hierophant","The Marked","The Runesmith","The Sage"],"gold_per_floor":[116,116,132,11,26,26,59,59,136,163,163,195,51,71,71,170,170,188,188,188,202,50,50,61,61,61,95,106,106,134,154,154,257,257,272,51,51,71,71,105,105,135,135,135,169,169,179,179,179,179,179,179,26,57,57,57],"floor_reached":55,"playtime":5022,"items_purged":["theMarked:Strike","Pain"],"score":872,"play_id":"899b3927-6b9b-430d-8778-ed26ff1bbeff","local_time":"20201229184021","is_ascension_mode":true,"campfire_choices":[{"data":"theMarked:SoldierOfQuellstein","floor":6.0,"key":"SMITH"},{"data":"theMarked:MaelstromOfLightning","floor":8.0,"key":"SMITH"},{"data":"theMarked:Polarize","floor":11.0,"key":"SMITH"},{"data":"theMarked:ComboAttacks","floor":15.0,"key":"SMITH"},{"data":"infinitespire:Punishment","floor":23,"key":"SMITH"},{"data":"theMarked:EnhancedHearing","floor":25,"key":"SMITH"},{"data":"theMarked:Polarize","floor":29,"key":"SMITH"},{"data":"theMarked:DispelDoubt","floor":32,"key":"SMITH"},{"data":"theMarked:Polarize","floor":41,"key":"SMITH"},{"data":"theMarked:UnarmedFury","floor":44,"key":"SMITH"},{"floor":46,"key":"RECALL"},{"data":"theMarked:TurnInvisible","floor":49,"key":"SMITH"},{"data":"theMarked:Static","floor":52,"key":"SMITH"}],"circlet_count":0,"master_deck":["theMarked:Strike","theMarked:Defend+1","theMarked:Defend+1","theMarked:Defend+1","theMarked:Defend+1","theMarked:SoldierOfQuellstein+1","theMarked:Polarize+1","theMarked:EnhancedHearing+1","theMarked:MaelstromOfLightning+1","theMarked:BanishingStrike","theMarked:Parkour","theMarked:Static+1","theMarked:Polarize+1","theMarked:ComboAttacks+1","theMarked:TurnInvisible+1","theMarked:UnarmedFury+1","theMarked:Frustration+1","infinitespire:Punishment+1","theMarked:LightningStrikesTwice","Clumsy","theMarked:WardOff","theMarked:Levitate+1","theMarked:TwofoldDefense","theMarked:SelfDefenseTraining+1","theMarked:DispelDoubt+1","theMarked:HeightenedSenses+1","theMarked:TakeOffHeels","theMarked:PowerFlow","theMarked:Polarize+1","theMarked:HeightenedSenses+1","theMarked:MagicAdept+1","theMarked:ElectricStrings","theMarked:Aftermath+1","Parasite","theMarked:Frustration","theMarked:Challenge","theMarked:EnhanceMovement+1"],"relics":["theMarked:ArtifactOfAir","Bag of Preparation","ReplayTheSpireMod:Shallot","aspiration:FrozenJewel","Replay:Bottled Eggs","aspiration:Lifesprig","Empty Cage","Elementarium:GolemsHeart","infinitespire:Cupcake","ReplayTheSpireMod:CursedCoin","aspiration:SeaSaltIceCream","energizedSpire:OldTV","hubris:SlimyHat","ReplayTheSpireMod:Lightbulb","Elementarium:ElementariumTrophy","hubris:ScarierMask","PreservedInsect","hubris:Towel","Iron Hammer","StuffTheSpire:Gunfinga","hubris:PeanutButter","hubris:TinFlute","conspire:BottledYoYo"],"acts_visited":["Exordium","Exordium","TheBeyond","TheEnding"],"potions_floor_usage":[27,33,40,50,55,55,55],"damage_taken":[{"damage":1.0,"enemies":"Jaw Worm","floor":1.0,"turns":3.0},{"damage":0.0,"enemies":"2 Louse","floor":3.0,"turns":3.0},{"damage":0.0,"enemies":"Small Slimes","floor":5.0,"turns":3.0},{"damage":0.0,"enemies":"Gremlin Nob","floor":7.0,"turns":2.0},{"damage":9.0,"enemies":"Lagavulin","floor":10.0,"turns":4.0},{"damage":0.0,"enemies":"Gremlin Nob","floor":12.0,"turns":2.0},{"damage":0.0,"enemies":"Looter","floor":14.0,"turns":2.0},{"damage":30.0,"enemies":"Hexaghost","floor":16.0,"turns":3.0},{"damage":4.0,"enemies":"Elementarium:MUD_AND_TAR_GOLEMS","floor":18.0,"turns":4.0},{"damage":0.0,"enemies":"Elementarium:VoidCorruption","floor":21.0,"turns":1.0},{"damage":0,"enemies":"Elementarium:Hydrostalker","floor":24,"turns":4},{"damage":0,"enemies":"Elementarium:FIRE_NOBILITY","floor":27,"turns":3},{"damage":0,"enemies":"Elementarium:STONE_GOLEMS","floor":28,"turns":2},{"damage":0,"enemies":"Elementarium:WarGolem","floor":30,"turns":2},{"damage":0,"enemies":"Elementarium:RubyGolem","floor":31,"turns":1},{"damage":14,"enemies":"Elementarium:PHOENIXES","floor":33,"turns":9},{"damage":0,"enemies":"3 Darklings","floor":35,"turns":1},{"damage":0,"enemies":"3 Shapes","floor":38,"turns":1},{"damage":6,"enemies":"Nightmare","floor":40,"turns":5},{"damage":0,"enemies":"Reptomancer","floor":42,"turns":1},{"damage":0,"enemies":"R_Hoarder","floor":45,"turns":2},{"damage":0,"enemies":"Writhing Mass","floor":47,"turns":3},{"damage":13,"enemies":"Replay:Hell Engine","floor":50,"turns":9},{"damage":0,"enemies":"Shield and Spear","floor":54,"turns":2},{"damage":86,"enemies":"The Heart","floor":55,"turns":8}],"seed_played":"-8956498272607811165","potions_obtained":[{"floor":3.0,"key":"blueLaboratory:PyrophylliteBrew"},{"floor":12.0,"key":"Dexterity Potion"},{"floor":14.0,"key":"blueLaboratory:BottleOfVodka"},{"floor":21.0,"key":"Swift Potion"},{"floor":30,"key":"Explosive Potion"},{"floor":33,"key":"blueLaboratory:AbyssPotion"},{"floor":38,"key":"DuplicationPotion"},{"floor":40,"key":"blueLaboratory:RememoryPotion"},{"floor":42,"key":"blueLaboratory:PhilterOfMotion"},{"floor":54,"key":"blueLaboratory:LouseDecoction"}],"is_trial":false,"path_per_floor":["M","?","M","$","M","R","E","R","T","E","R","E","$","M","R","B",null,"M","?","AVR","M","$","R","M","R","T","E","M","R","E","M","R","B",null,"M","$","?","M","?","NM","R","E","T","R","E","R","M","?","R","B",null,"R","$","E","B"],"character_chosen":"THE_DEFAULT","items_purchased":["theMarked:BanishingStrike","aspiration:Lifesprig","ReplayTheSpireMod:CursedCoin","aspiration:SeaSaltIceCream","theMarked:WardOff","PreservedInsect","theMarked:Polarize","theMarked:Challenge"],"campfire_rested":0,"item_purchase_floors":[4,13,22,22,22,36,36,53],"current_hp_per_floor":[69,69,69,69,69,69,69,69,69,60,60,60,60,60,60,30,70,66,66,66,66,66,66,66,66,66,66,66,66,66,66,66,52,70,70,70,70,70,70,64,64,64,64,64,64,64,64,64,64,51,70,70,70,70,0,0],"gold":57,"neow_bonus":"TRANSFORM_CARD","is_daily":false,"chose_seed":false,"campfire_upgraded":12,"win_rate":0.0,"timestamp":1609285221,"path_taken":["M","?","M","$","M","R","E","R","T","E","R","E","$","M","R","BOSS","M","?","AVR","M","$","R","M","R","T","E","M","R","E","M","R","BOSS","M","$","?","M","?","NM","R","E","T","R","E","R","M","?","R","BOSS","R","$","E","BOSS"],"items_purchased_type":["Card","Relic","Relic","Relic","Card","Relic","Card","Card"],"build_version":"2020-12-22","purchased_purges":2,"victory":false,"max_hp_per_floor":[70,70,70,70,70,70,70,70,70,70,70,70,70,70,70,70,70,70,70,70,70,70,70,70,70,70,70,70,70,70,70,70,70,70,70,70,70,70,70,70,70,70,70,70,70,70,70,70,70,70,70,70,70,70,70,70],"card_choices":[{"not_picked":["theMarked:Frustration","theMarked:Indomitable"],"picked":"theMarked:EnhancedHearing","floor":1.0},{"not_picked":["theMarked:Generate","theMarked:WardOff"],"picked":"theMarked:MaelstromOfLightning","floor":3.0},{"not_picked":["theMarked:ReduceFriction","theMarked:RogueSparks"],"picked":"theMarked:Parkour","floor":5.0},{"not_picked":["theMarked:Aftermath","theMarked:Improvise"],"picked":"theMarked:Static","floor":7.0},{"not_picked":["theMarked:HeritageOfTheMarked","theMarked:WastefulAttack"],"picked":"theMarked:Polarize","floor":10.0},{"not_picked":["theMarked:Indomitable","theMarked:Polarize"],"picked":"theMarked:ComboAttacks","floor":12.0},{"not_picked":["theMarked:ResourceFulStrike","theMarked:WastefulAttack"],"picked":"theMarked:TurnInvisible","floor":14.0},{"not_picked":["theMarked:DispelDoubt","theMarked:SuspiciousRaven"],"picked":"theMarked:UnarmedFury","floor":16.0},{"not_picked":["theMarked:EmpowerWeapon","theMarked:DeterminationOfTheMarked+1"],"picked":"theMarked:Frustration+1","floor":18.0},{"not_picked":["theMarked:HeightenedSenses","theMarked:TakeCover"],"picked":"theMarked:LightningStrikesTwice","floor":21.0},{"not_picked":["theMarked:Aftermath","theMarked:TunnelVision"],"picked":"theMarked:Levitate","floor":24},{"not_picked":["theMarked:SwordAndMagic","theMarked:Panic"],"picked":"theMarked:TwofoldDefense","floor":27},{"not_picked":["theMarked:ResourceFulStrike","theMarked:Indomitable"],"picked":"theMarked:SelfDefenseTraining+1","floor":28},{"not_picked":["theMarked:Improvise+1","theMarked:SwordAndMagic"],"picked":"theMarked:DispelDoubt","floor":30},{"not_picked":["theMarked:RepellingDischarge+1","theMarked:Opportunist"],"picked":"theMarked:HeightenedSenses+1","floor":31},{"not_picked":["theMarked:DispelDoubt","theMarked:UnarmedFury"],"picked":"theMarked:TakeOffHeels","floor":33},{"not_picked":["theMarked:Aftermath","theMarked:TakeCover+1"],"picked":"theMarked:PowerFlow","floor":35},{"not_picked":["theMarked:ComboAttacks","theMarked:Electrify"],"picked":"theMarked:HeightenedSenses+1","floor":38},{"not_picked":["theMarked:ElectricStrings","theMarked:RepellingDischarge"],"picked":"theMarked:MagicAdept+1","floor":40},{"not_picked":["theMarked:Snap","theMarked:Overcharge"],"picked":"theMarked:ElectricStrings","floor":42},{"not_picked":["theMarked:LightningStrikesTwice","theMarked:EnhancedHearing"],"picked":"theMarked:Aftermath+1","floor":45},{"not_picked":["theMarked:TwofoldDefense","theMarked:Overthink"],"picked":"theMarked:Frustration","floor":47},{"not_picked":["theMarked:DeterminationOfTheMarked","theMarked:EnhancedHearing"],"picked":"theMarked:EnhanceMovement+1","floor":54}],"player_experience":1661022,"relics_obtained":[{"floor":7.0,"key":"Bag of Preparation"},{"floor":9.0,"key":"ReplayTheSpireMod:Shallot"},{"floor":10.0,"key":"aspiration:FrozenJewel"},{"floor":12.0,"key":"Replay:Bottled Eggs"},{"floor":27,"key":"hubris:SlimyHat"},{"floor":30,"key":"ReplayTheSpireMod:Lightbulb"},{"floor":40,"key":"Iron Hammer"},{"floor":42,"key":"StuffTheSpire:Gunfinga"},{"floor":43,"key":"hubris:PeanutButter"},{"floor":45,"key":"hubris:TinFlute"},{"floor":54,"key":"conspire:BottledYoYo"}],"event_choices":[{"damage_healed":0.0,"max_hp_gain":0.0,"max_hp_loss":0.0,"gold_gain":0.0,"event_name":"Elementarium:AbandonedFactory","player_choice":"Chest","floor":19.0,"gold_loss":0.0,"damage_taken":0.0,"relics_obtained":["Elementarium:GolemsHeart"],"cards_obtained":["Pain"]}],"is_beta":false,"boss_relics":[{"not_picked":["Calling Bell","Abe\u0027s Treasure"],"picked":"Empty Cage"},{"not_picked":["halation:PlatinumPhoenix","Philosopher\u0027s Stone"],"picked":"hubris:ScarierMask"}],"items_purged_floors":[4,20],"is_endless":false,"potions_floor_spawned":[3,12,14,21,30,33,38,40,42,45,54],"killed_by":"The Heart","ascension_level":1}}