{"host":"4vq2xwkpdrxril92","time":1609222832,"event":{"mods":["BaseMod","Card Forge","Infinite Spire","Minty Spire (QoL Compilation)","Shop Mod","StSLib","The Cursed"],"gold_per_floor":[113,190,46,56,66,99,130,144,144,154,185,195,223,254,254,359,359,375,395,395,395,395,422,448,463,463,496,394,425,453,453,453,553,553,567,567,320,339,339,370,401,433,482,516,546,576,611,627,627,725,725,764,855,1014,1094,1089,1282,1499,1615,1615,1680,1680,1858,1905,1905,1905,2264,2300,2534,2359,2458,2458,2458,2778,2820,3026,3026,3502,3636,3768,3768,3768,3768,3970,3970,4050,3922,4049,4049,4049,4234,4510,4510],"floor_reached":92,"playtime":8623,"items_purged":[],"score":2958,"play_id":"44d99bdc-d2a5-4645-8c3e-19c5e7837e20","local_time":"20201229152032","daily_mods":["SealedDeck","Heirloom","Time Dilation","Flight","Elite Swarm","Lethality"],"is_ascension_mode":false,"campfire_choices":[{"data":"Limit Break","floor":15.0,"key":"SMITH"},{"floor":32.0,"key":"REST"},{"floor":49.0,"key":"REST"},{"floor":66.0,"key":"REST"},{"floor":83.0,"key":"REST"}],"circlet_count":0,"master_deck":["Pommel Strike+1","Exhume+1","TheCursedMod:NeowsMight+1","TheCursedMod:NeowsMight+1","Exhume+1","infinitespire:TheBestDefense+1","Genetic Algorithm+1","TheCursedMod:CircleOfWindfury+1","TheCursedMod:NeowsMight+1","FameAndFortune+1","infinitespire:Gouge+1","infinitespire:FinalStrike+1"],"relics":["Burning Blood","Hammer of Thor","Seething Fire","Anvil of the Gods","StoneCalendar","Membership Card","Darkstone Periapt","Incense Burner","Du-Vu Doll","Blood Vial","infinitespire:ShieldingShard","Sozu","Charon\u0027s Ashes","Bag of Marbles","MealTicket","Tiny Chest","Regal Pillow","Medical Kit","MerchantsRug","Letter Opener","Boot","infinitespire:Cupcake","infinitespire:Burning Sword","InkBottle","Mercury Hourglass","Sundial","Bag of Preparation","Vajra","infinitespire:Eraser","Anchor","infinitespire:Satchel","Runic Pyramid","Paper Frog","CeramicFish","HornCleat","Bronze Scales","infinitespire:WardingShard","Strange Spoon","Omamori","Lizard Tail","Pantograph","Strange Spoon","Happy Flower","Frozen Egg 2","Kunai","Blue Candle","Potion Belt","infinitespire:Joker Card","infinitespire:PuzzleCube","Ancient Tea Set","Turnip","MutagenicStrength","Busted Crown","Strawberry","White Beast Statue","Magic Flower","Dream Catcher","Singing Bowl","War Paint","Question Card"],"acts_visited":["Exordium","TheCity","TheBeyond","Exordium","TheCity","TheBeyond"],"potions_floor_usage":[],"damage_taken":[{"damage":0.0,"enemies":"Cultist","floor":1.0,"turns":1.0},{"damage":0.0,"enemies":"Jaw Worm","floor":4.0,"turns":1.0},{"damage":0.0,"enemies":"2 Louse","floor":5.0,"turns":1.0},{"damage":0.0,"enemies":"Gremlin Nob","floor":6.0,"turns":1.0},{"damage":0.0,"enemies":"Lagavulin","floor":7.0,"turns":1.0},{"damage":8.0,"enemies":"Looter","floor":8.0,"turns":2.0},{"damage":0.0,"enemies":"Exordium Wildlife","floor":10.0,"turns":1.0},{"damage":0.0,"enemies":"Gremlin Nob","floor":11.0,"turns":1.0},{"damage":0.0,"enemies":"Exordium Thugs","floor":12.0,"turns":1.0},{"damage":0.0,"enemies":"Lagavulin","floor":13.0,"turns":1.0},{"damage":0.0,"enemies":"3 Sentries","floor":14.0,"turns":2.0},{"damage":6.0,"enemies":"The Guardian","floor":16.0,"turns":2.0},{"damage":0.0,"enemies":"Shell Parasite","floor":18.0,"turns":1.0},{"damage":0.0,"enemies":"Spheric Guardian","floor":19.0,"turns":1.0},{"damage":0.0,"enemies":"Book of Stabbing","floor":23.0,"turns":1.0},{"damage":0.0,"enemies":"Slavers","floor":24.0,"turns":1.0},{"damage":0.0,"enemies":"Snake Plant","floor":25.0,"turns":1.0},{"damage":0.0,"enemies":"Gremlin Leader","floor":27.0,"turns":1.0},{"damage":0.0,"enemies":"Book of Stabbing","floor":29.0,"turns":1.0},{"damage":0.0,"enemies":"Slavers","floor":30.0,"turns":1.0},{"damage":0.0,"enemies":"Champ","floor":33.0,"turns":1.0},{"damage":0.0,"enemies":"3 Shapes","floor":35.0,"turns":1.0},{"damage":0.0,"enemies":"Orb Walker","floor":38.0,"turns":1.0},{"damage":0.0,"enemies":"Reptomancer","floor":40.0,"turns":1.0},{"damage":0.0,"enemies":"Nemesis","floor":41.0,"turns":1.0},{"damage":0.0,"enemies":"Giant Head","floor":42.0,"turns":1.0},{"damage":0.0,"enemies":"Nemesis","floor":44.0,"turns":1.0},{"damage":0.0,"enemies":"Giant Head","floor":45.0,"turns":1.0},{"damage":0.0,"enemies":"Nemesis","floor":46.0,"turns":1.0},{"damage":0.0,"enemies":"Nightmare","floor":47.0,"turns":1.0},{"damage":0.0,"enemies":"Writhing Mass","floor":48.0,"turns":1.0},{"damage":0.0,"enemies":"infinitespire:MassOfShapes","floor":50.0,"turns":1.0},{"damage":0.0,"enemies":"2 Louse","floor":52.0,"turns":1.0},{"damage":0.0,"enemies":"Small Slimes","floor":53.0,"turns":1.0},{"damage":0.0,"enemies":"Lagavulin Event","floor":54.0,"turns":1.0},{"damage":0.0,"enemies":"3 Sentries","floor":57.0,"turns":1.0},{"damage":0.0,"enemies":"Nightmare","floor":58.0,"turns":1.0},{"damage":0.0,"enemies":"infinitespire:Voidling","floor":59.0,"turns":1.0},{"damage":0.0,"enemies":"Blue Slaver","floor":61.0,"turns":1.0},{"damage":0.0,"enemies":"3 Sentries","floor":63.0,"turns":1.0},{"damage":0.0,"enemies":"Lagavulin","floor":64.0,"turns":1.0},{"damage":0.0,"enemies":"The Guardian","floor":67.0,"turns":1.0},{"damage":0.0,"enemies":"2 Thieves","floor":69.0,"turns":1.0},{"damage":0.0,"enemies":"Gremlin Leader","floor":74.0,"turns":1.0},{"damage":0.0,"enemies":"Book of Stabbing","floor":75.0,"turns":1.0},{"damage":0.0,"enemies":"Slavers","floor":76.0,"turns":1.0},{"damage":0.0,"enemies":"Shell Parasite","floor":78.0,"turns":1.0},{"damage":0.0,"enemies":"Nightmare","floor":79.0,"turns":1.0},{"damage":0.0,"enemies":"Slavers","floor":80.0,"turns":1.0},{"damage":0.0,"enemies":"Collector","floor":84.0,"turns":1.0},{"damage":0.0,"enemies":"Orb Walker","floor":86.0,"turns":1.0},{"damage":0.0,"enemies":"2 Orb Walkers","floor":88.0,"turns":1.0},{"damage":0,"enemies":"Giant Head","floor":91,"turns":1},{"damage":0,"enemies":"Nightmare","floor":92,"turns":1}],"seed_played":"-8480486185804086934","potions_obtained":[{"floor":4.0,"key":"FearPotion"},{"floor":6.0,"key":"Block Potion"},{"floor":8.0,"key":"Block Potion"}],"is_trial":true,"path_per_floor":["M","?","$","M","M","E","E","M","T","M","E","M","E","E","R","B",null,"M","M","AVR","?","?","E","E","M","T","E","$","E","E","?","R","B",null,"M","AVR","$","M","?","E","E","E","T","E","E","E","NM","M","R","B",null,"M","M","?","T","$","E","NM","M","T","M","AVR","E","E","?","R","B",null,"M","$","?","T","?","E","E","E","T","M","NM","E","AVR","?","R","B",null,"M","$","?","T","AVR","E","NM"],"character_chosen":"IRONCLAD","items_purchased":["Membership Card","Medical Kit","MerchantsRug","InkBottle","Mercury Hourglass","CeramicFish","Strange Spoon","Happy Flower","Frozen Egg 2","Strawberry","White Beast Statue"],"campfire_rested":4,"item_purchase_floors":[3,28,28,37,37,56,70,70,70,87,87],"current_hp_per_floor":[80,80,80,80,80,80,80,78,78,80,230,230,230,230,230,230,230,230,230,230,221,221,229,230,230,230,230,230,230,230,230,230,230,230,230,230,230,230,230,230,230,230,230,230,230,230,230,230,230,230,230,230,230,230,230,230,230,230,230,230,230,230,230,230,230,230,230,244,244,244,244,244,244,244,244,244,244,244,244,244,244,244,244,244,244,244,251,251,251,251,253,255,255],"gold":4510,"neow_bonus":"","is_daily":false,"chose_seed":false,"campfire_upgraded":1,"win_rate":0.0,"timestamp":1609222832,"path_taken":["M","?","$","M","M","E","E","M","T","M","E","M","E","E","R","BOSS","M","M","AVR","?","?","E","E","M","T","E","$","E","E","?","R","BOSS","M","AVR","$","M","?","E","E","E","T","E","E","E","NM","M","R","BOSS","M","M","?","?","$","E","NM","M","T","?","AVR","E","E","?","R","BOSS","M","$","?","?","?","E","E","E","T","M","NM","E","AVR","?","R","BOSS","M","$","?","?","AVR","E","NM"],"items_purchased_type":["Relic","Relic","Relic","Relic","Relic","Relic","Relic","Relic","Relic","Relic","Relic"],"build_version":"2020-12-22","purchased_purges":0,"victory":false,"max_hp_per_floor":[80,80,80,80,80,80,80,80,80,80,230,230,230,230,230,230,230,230,230,230,230,230,230,230,230,230,230,230,230,230,230,230,230,230,230,230,230,230,230,230,230,230,230,230,230,230,230,230,230,230,230,230,230,230,230,230,230,230,230,230,230,230,230,230,230,230,230,244,244,244,244,244,244,244,244,244,244,244,244,244,244,244,244,244,244,244,251,251,251,251,253,255,255],"card_choices":[{"not_picked":["Sentinel","Combust","Seeing Red"],"picked":"SKIP","floor":1.0},{"not_picked":["Armaments","Clash","Ghostly Armor"],"picked":"SKIP","floor":4.0},{"not_picked":["Sentinel","Sword Boomerang","Iron Wave"],"picked":"SKIP","floor":5.0},{"not_picked":["Impervious","Juggernaut"],"picked":"Limit Break","floor":6.0},{"not_picked":["Reaper","Exhume","Impervious"],"picked":"SKIP","floor":7.0},{"not_picked":["Havoc","Hemokinesis"],"picked":"Warcry","floor":8.0},{"not_picked":["Infernal Blade","Second Wind"],"picked":"Warcry","floor":10.0},{"not_picked":["Feed","Demon Form","Double Tap"],"picked":"SKIP","floor":11.0},{"not_picked":["Feed","Demon Form","Double Tap"],"picked":"SKIP","floor":11.0},{"not_picked":["Inflame","Sever Soul","Second Wind"],"picked":"SKIP","floor":12.0},{"not_picked":["Demon Form","Barricade","Juggernaut"],"picked":"SKIP","floor":13.0},{"not_picked":["Fiend Fire","Brutality","Bludgeon"],"picked":"SKIP","floor":14.0},{"not_picked":["Spot Weakness","Havoc+1"],"picked":"Dual Wield","floor":18.0},{"not_picked":["Spot Weakness","Wild Strike"],"picked":"infinitespire:OneForAll+1","floor":19.0},{"not_picked":["Feed","Demon Form","Bludgeon"],"picked":"SKIP","floor":23.0},{"not_picked":["Impervious","Immolate","Reaper"],"picked":"SKIP","floor":24.0},{"not_picked":["Bloodletting+1","Cleave+1","Headbutt"],"picked":"SKIP","floor":25.0},{"not_picked":["Immolate","Reaper","Limit Break"],"picked":"SKIP","floor":27.0},{"not_picked":["Feed","Brutality","Limit Break"],"picked":"SKIP","floor":29.0},{"not_picked":["Feed","Brutality","Limit Break"],"picked":"SKIP","floor":29.0},{"not_picked":["Feed","Immolate"],"picked":"Limit Break","floor":30.0},{"not_picked":["Fiend Fire","Berserk"],"picked":"Reaper","floor":33.0},{"not_picked":["Wild Strike","Pommel Strike+1","Iron Wave"],"picked":"SKIP","floor":35.0},{"not_picked":["Havoc+1","Clash+1","Second Wind+1"],"picked":"SKIP","floor":38.0},{"not_picked":["Feed","Corruption","Reaper"],"picked":"SKIP","floor":40.0},{"not_picked":["Barricade","Berserk","Juggernaut"],"picked":"SKIP","floor":41.0},{"not_picked":["Corruption","Bludgeon","Feed"],"picked":"SKIP","floor":42.0},{"not_picked":["Corruption","Reaper","Bludgeon"],"picked":"SKIP","floor":44.0},{"not_picked":["Corruption","Reaper","Bludgeon"],"picked":"SKIP","floor":44.0},{"not_picked":["Brutality","Double Tap","Limit Break"],"picked":"SKIP","floor":45.0},{"not_picked":["Impervious","Reaper","Brutality"],"picked":"SKIP","floor":46.0},{"not_picked":["Reaper","Exhume","Impervious"],"picked":"SKIP","floor":47.0},{"not_picked":["Reaper","Exhume","Impervious"],"picked":"SKIP","floor":47.0},{"not_picked":["Shrug It Off+1","Ghostly Armor","Heavy Blade"],"picked":"SKIP","floor":48.0},{"not_picked":["Anger","Feel No Pain","True Grit"],"picked":"SKIP","floor":52.0},{"not_picked":["Cleave","Iron Wave","Wild Strike"],"picked":"SKIP","floor":53.0},{"not_picked":["Limit Break","Impervious","Feed"],"picked":"SKIP","floor":57.0},{"not_picked":["infinitespire:Oblivion","infinitespire:Starlight"],"picked":"infinitespire:Gouge","floor":58.0},{"not_picked":["Feed","Demon Form","Berserk"],"picked":"SKIP","floor":58.0},{"not_picked":["Perfected Strike","Headbutt","Thunderclap"],"picked":"SKIP","floor":59.0},{"not_picked":["Perfected Strike","Headbutt","Thunderclap"],"picked":"SKIP","floor":59.0},{"not_picked":["Headbutt","Clash","Iron Wave"],"picked":"SKIP","floor":61.0},{"not_picked":["Bludgeon","Juggernaut","Exhume"],"picked":"SKIP","floor":63.0},{"not_picked":["Limit Break","Bludgeon","Corruption"],"picked":"SKIP","floor":64.0},{"not_picked":["Heavy Blade","Spot Weakness+1","Warcry"],"picked":"SKIP","floor":69.0},{"not_picked":["Corruption+1","Brutality+1","Demon Form+1"],"picked":"SKIP","floor":74.0},{"not_picked":["Bludgeon","Exhume","Berserk+1"],"picked":"SKIP","floor":75.0},{"not_picked":["Impervious","Barricade+1","Limit Break"],"picked":"SKIP","floor":76.0},{"not_picked":["Searing Blow","Carnage+1","Whirlwind"],"picked":"SKIP","floor":78.0},{"not_picked":["Exhume","Double Tap","Juggernaut+1"],"picked":"SKIP","floor":79.0},{"not_picked":["Exhume","Berserk+1","Impervious"],"picked":"SKIP","floor":80.0},{"not_picked":["infinitespire:FutureSight","infinitespire:Punishment"],"picked":"infinitespire:FinalStrike","floor":84.0},{"not_picked":[],"picked":"Perfected Strike","floor":86.0},{"not_picked":["Feed"],"picked":"Singing Bowl","floor":91},{"not_picked":["Brutality+1"],"picked":"Singing Bowl","floor":92}],"player_experience":1002547,"relics_obtained":[{"floor":6.0,"key":"Darkstone Periapt"},{"floor":9.0,"key":"Incense Burner"},{"floor":11.0,"key":"Du-Vu Doll"},{"floor":13.0,"key":"Blood Vial"},{"floor":14.0,"key":"infinitespire:ShieldingShard"},{"floor":23.0,"key":"Bag of Marbles"},{"floor":24.0,"key":"MealTicket"},{"floor":26.0,"key":"Tiny Chest"},{"floor":27.0,"key":"Regal Pillow"},{"floor":29.0,"key":"Letter Opener"},{"floor":30.0,"key":"Boot"},{"floor":40.0,"key":"Sundial"},{"floor":41.0,"key":"Bag of Preparation"},{"floor":43.0,"key":"Vajra"},{"floor":44.0,"key":"infinitespire:Eraser"},{"floor":45.0,"key":"Anchor"},{"floor":46.0,"key":"Unceasing Top"},{"floor":47.0,"key":"infinitespire:Satchel"},{"floor":54.0,"key":"Paper Frog"},{"floor":55.0,"key":"infinitespire:BottledMercury"},{"floor":57.0,"key":"HornCleat"},{"floor":58.0,"key":"Bronze Scales"},{"floor":60.0,"key":"infinitespire:WardingShard"},{"floor":63.0,"key":"Omamori"},{"floor":64.0,"key":"Lizard Tail"},{"floor":68.0,"key":"MawBank"},{"floor":68.0,"key":"Pantograph"},{"floor":68.0,"key":"Mango"},{"floor":72.0,"key":"Kunai"},{"floor":75.0,"key":"Blue Candle"},{"floor":76.0,"key":"Potion Belt"},{"floor":77.0,"key":"infinitespire:Joker Card"},{"floor":79.0,"key":"infinitespire:PuzzleCube"},{"floor":80.0,"key":"Ancient Tea Set"},{"floor":88.0,"key":"Magic Flower"},{"floor":89.0,"key":"Dream Catcher"},{"floor":91,"key":"War Paint"},{"floor":92,"key":"Question Card"}],"event_choices":[{"damage_healed":0.0,"max_hp_gain":0.0,"max_hp_loss":0.0,"gold_gain":77.0,"event_name":"Golden Wing","player_choice":"Gained Gold","floor":2.0,"gold_loss":0.0,"damage_taken":0.0},{"damage_healed":0.0,"max_hp_gain":0.0,"max_hp_loss":0.0,"gold_gain":0.0,"event_name":"Cursed Tome","player_choice":"Stopped","floor":21.0,"gold_loss":0.0,"damage_taken":9.0},{"damage_healed":0.0,"max_hp_gain":0.0,"max_hp_loss":0.0,"gold_gain":0.0,"event_name":"Beggar","player_choice":"Ignored","floor":22.0,"gold_loss":0.0,"damage_taken":0.0},{"damage_healed":76.0,"max_hp_gain":0.0,"max_hp_loss":0.0,"gold_gain":0.0,"event_name":"The Library","player_choice":"Heal","floor":31.0,"gold_loss":0.0,"damage_taken":0.0},{"cards_removed":["TheCursedMod:NeowsMight"],"damage_healed":0.0,"max_hp_gain":0.0,"max_hp_loss":0.0,"gold_gain":0.0,"event_name":"Falling","player_choice":"Removed Skill","floor":39.0,"gold_loss":0.0,"damage_taken":0.0},{"damage_healed":0.0,"max_hp_gain":0.0,"max_hp_loss":0.0,"gold_gain":30.0,"event_name":"Dead Adventurer","player_choice":"Searched \u00272\u0027 times","floor":54.0,"gold_loss":0.0,"damage_taken":0.0},{"damage_healed":0.0,"max_hp_gain":0.0,"max_hp_loss":0.0,"gold_gain":0.0,"event_name":"Living Wall","player_choice":"Grow","floor":65.0,"gold_loss":0.0,"damage_taken":0.0,"cards_upgraded":["infinitespire:Gouge"]},{"damage_healed":0.0,"max_hp_gain":0.0,"max_hp_loss":0.0,"gold_gain":99.0,"event_name":"Nest","player_choice":"Stole From Cult","floor":71.0,"gold_loss":0.0,"damage_taken":0.0},{"damage_healed":0.0,"max_hp_gain":0.0,"max_hp_loss":0.0,"gold_gain":0.0,"event_name":"Drug Dealer","player_choice":"Inject Mutagens","floor":82.0,"gold_loss":0.0,"damage_taken":0.0,"relics_obtained":["MutagenicStrength"]},{"damage_healed":0.0,"max_hp_gain":0.0,"max_hp_loss":0.0,"gold_gain":0.0,"event_name":"Mysterious Sphere","player_choice":"Fight","floor":88.0,"gold_loss":0.0,"damage_taken":0.0}],"is_beta":false,"boss_relics":[{"not_picked":["Empty Cage","Snecko Eye"],"picked":"Sozu"},{"not_picked":["Cursed Key","Runic Cube"],"picked":"infinitespire:Cupcake"},{"not_picked":["Astrolabe","Busted Crown"],"picked":"Runic Pyramid"},{"not_picked":["Mark of Pain","Astrolabe"],"picked":"Calling Bell"},{"not_picked":["Velvet Choker","Snecko Eye"],"picked":"Busted Crown"}],"items_purged_floors":[],"is_endless":true,"potions_floor_spawned":[4,6,8,10,11,16,18,24,27,29,30,33,38,42,44,46,48,50,53,59,63,67,74,75,78,80,84,88,91,92],"killed_by":"Nightmare","ascension_level":0}}