{"host":"ipcfr4ajj2jkxvg7","time":1609241137,"event":{"mods":["BaseMod","Colored Powertips","GifTheSpireLib","Marisa（F雨　魔理沙）","Minty Spire (QoL Compilation)","Quick Restart","Remilia（蕾米莉亚）","Replay The Spire","RumiaBox-露米娅的神秘盒子","StSLib"],"gold_per_floor":[117,36,51,63,76,76,76,76,76,104,115,130,130,143,143,219,219,236,253,265,265,265],"floor_reached":21,"playtime":426,"items_purged":[],"score":389,"play_id":"ae6813bc-ffe4-4ce3-a767-ab83919de9ba","local_time":"20201229192537","is_ascension_mode":true,"campfire_choices":[{"data":"EnergyFlow","floor":6.0,"key":"SMITH"},{"data":"PowerUp","floor":8.0,"key":"SMITH"},{"floor":15.0,"key":"REST"}],"circlet_count":0,"master_deck":["AscendersBane","Strike_MRS","Strike_MRS","Strike_MRS","Strike_MRS","Defend_MRS","Defend_MRS","Defend_MRS","MasterSpark","UpSweep","EnergyFlow+1","PulseMagic","PowerUp+1","AbsoluteMagnitude","PropBag","PowerUp","PowerUp","UltimateShortwave","MachineGunSpark"],"relics":["MiniHakkero","NeowsBlessing","AddBug","SecretRecord","SecretRecord","SecretRecord","SecretRecord"],"acts_visited":["Exordium","TheCity"],"potions_floor_usage":[20,20],"damage_taken":[{"damage":0.0,"enemies":"Cultist","floor":1.0,"turns":1.0},{"damage":0.0,"enemies":"2 Louse","floor":3.0,"turns":1.0},{"damage":0.0,"enemies":"Small Slimes","floor":4.0,"turns":1.0},{"damage":16.0,"enemies":"Blue Slaver","floor":5.0,"turns":3.0},{"damage":25.0,"enemies":"3 Sentries","floor":10.0,"turns":5.0},{"damage":5.0,"enemies":"2 Fungi Beasts","floor":11.0,"turns":4.0},{"damage":9.0,"enemies":"Red Slaver","floor":12.0,"turns":2.0},{"damage":0.0,"enemies":"3 Louse","floor":14.0,"turns":2.0},{"damage":12.0,"enemies":"The Guardian","floor":16.0,"turns":5.0},{"damage":41.0,"enemies":"2 Thieves","floor":18.0,"turns":4.0},{"damage":1.0,"enemies":"Spheric Guardian","floor":19.0,"turns":3.0},{"damage":20,"enemies":"Chosen and Byrds","floor":20,"turns":5},{"damage":0,"enemies":"Shelled Parasite and Fungi","floor":21,"turns":1}],"seed_played":"219384129181592585","potions_obtained":[{"floor":3.0,"key":"Weak Potion"},{"floor":10.0,"key":"Block Potion"},{"floor":11.0,"key":"Swift Potion"},{"floor":12.0,"key":"Cursed Concoction"},{"floor":18.0,"key":"SneckoOil"},{"floor":19.0,"key":"Regen Potion"}],"is_trial":false,"path_per_floor":["M","$","M","M","M","R","?","R","T","E","M","M","?","M","R","B",null,"M","M","M","M"],"character_chosen":"MARISA","items_purchased":["EnergyFlow"],"campfire_rested":1,"item_purchase_floors":[2],"current_hp_per_floor":[63,63,63,63,47,47,47,47,47,22,17,8,8,8,29,17,57,16,15,9,9,9],"gold":265,"neow_bonus":"THREE_ENEMY_KILL","is_daily":false,"chose_seed":false,"campfire_upgraded":2,"win_rate":0.0,"timestamp":1609241137,"path_taken":["M","$","?","M","M","R","?","R","T","E","M","?","?","M","R","BOSS","M","M","M","M"],"items_purchased_type":["Card"],"build_version":"2020-12-22","purchased_purges":0,"victory":false,"max_hp_per_floor":[70,70,70,70,70,70,70,70,70,70,70,70,70,70,70,70,70,70,70,70,70,70],"card_choices":[{"not_picked":["WitchLeyline","ShootingEcho","OortCloud"],"picked":"SKIP","floor":1.0},{"not_picked":["GrandCross","GalacticHalo","UnstableBomb"],"picked":"SKIP","floor":3.0},{"not_picked":["ManaConvection","AsteroidBelt"],"picked":"PulseMagic","floor":4.0},{"not_picked":["NonDirectionalLaser","OortCloud"],"picked":"PowerUp","floor":5.0},{"not_picked":["MysteriousBeam","EscapeVelocity"],"picked":"PropBag","floor":10.0},{"not_picked":["SporeBomb","UnstableBomb"],"picked":"PowerUp","floor":11.0},{"not_picked":["Acceleration","SporeBomb"],"picked":"PowerUp","floor":12.0},{"not_picked":["MysteriousBeam","GrandCross","AsteroidBelt"],"picked":"SKIP","floor":14.0},{"not_picked":["BlazingStar","SuperNova"],"picked":"UltimateShortwave","floor":16.0},{"not_picked":["WitchLeyline+1","UnstableBomb","DarkSpark"],"picked":"SKIP","floor":18.0},{"not_picked":["ShootTheMoon+1","DoubleSpark"],"picked":"MachineGunSpark","floor":19.0},{"not_picked":["ShootingEcho","UnstableBomb","EnergyRecoil"],"picked":"SKIP","floor":20}],"player_experience":417183,"relics_obtained":[{"floor":1.0,"key":"AddBug"},{"floor":5.0,"key":"SecretRecord"},{"floor":9.0,"key":"GodSword6"},{"floor":10.0,"key":"Prayer Wheel"},{"floor":12.0,"key":"SecretRecord"},{"floor":20,"key":"SecretRecord"}],"event_choices":[{"damage_healed":0.0,"max_hp_gain":0.0,"max_hp_loss":0.0,"gold_gain":0.0,"cards_transformed":["Defend_MRS"],"event_name":"Transmorgrifier","player_choice":"Transformed","floor":7.0,"gold_loss":0.0,"damage_taken":0.0,"cards_obtained":["AbsoluteMagnitude"]},{"damage_healed":0.0,"max_hp_gain":0.0,"max_hp_loss":0.0,"gold_gain":0.0,"event_name":"Liars Game","player_choice":"Ignored","floor":13.0,"gold_loss":0.0,"damage_taken":0.0}],"is_beta":false,"boss_relics":[{"not_picked":["Ectoplasm","AddBug"],"picked":"Fusion Hammer"}],"items_purged_floors":[],"is_endless":false,"potions_floor_spawned":[3,10,11,12,18,19],"killed_by":"Shelled Parasite and Fungi","ascension_level":17}}