{"host":"m4gez01cdgxblqzl","time":1609258933,"event":{"mods":["2.2 Compatiblity","AchievementEnabler","Act Like it!","Aspiration","BaseMod","Better Altar","Better Match","Better Note","Better Sensory Stone","Better Skull","Better Third Choice","BetterRewards","CCEM","Challenge The Spire","Clawfect","Colored Powertips","Conspire","Downfall","GifTheSpireLib","Glutton Mod","Halation","Hermit","Hubris","Infinite Spire","Jedi Mod","Minty Spire (QoL Compilation)","Permanent Neow","READ ME - Guardian Mod","RatMod","Replay The Spire","Shade Mod","Shop Mod","Spicy Shops","Spikes Relics","StSLib","Stuff the Spire","The Blue Laboratory","The Construct","The Jungle","The Problem Sleuth","The Runesmith","The Spell Scribe","Trackpad","Unceasing Turn Reminder","Unknown Chances","everything is the same but u backflip on backflip","vexMod"],"gold_per_floor":[113,113,113,131,194,194,233,251,251,37,70,70,105,128,128,256,256,270,270,270,293,143,143,161,182,206,206,237,258,258,271,271,402,402,425,425,58,83,137,211,211,247,247,247,267,267,267],"floor_reached":46,"playtime":5227,"items_purged":[],"score":576,"play_id":"1a5d7dde-1508-43fc-aa61-53c80335bc0f","local_time":"20201229102213","is_ascension_mode":false,"campfire_choices":[{"data":"StuffTheSpire:Injection","floor":6.0,"key":"SMITH"},{"floor":12.0,"key":"REST"},{"floor":15.0,"key":"REST"},{"floor":23.0,"key":"REST"},{"floor":27.0,"key":"REST"},{"floor":32,"key":"REST"},{"floor":41,"key":"REST"},{"data":"hubris:Fate","floor":44,"key":"SMITH"}],"circlet_count":0,"master_deck":["Strike_G","Strike_G","Strike_G","Strike_G","Strike_G","Defend_G","Defend_G","Defend_G","Defend_G","Defend_G","Survivor","Neutralize","StuffTheSpire:Injection+1","Injury","Underhanded Strike","StuffTheSpire:Injection","Bullet Time","Decay","Replay:Poison Smokescreen","Dagger Throw","rat:Lunge","rat:SilveredBlade","Shame","Hidden Blade","conspire:PoisonWeapons","StuffTheSpire:Injection+1","hubris:SlightOfHand","Draining Mist","hubris:Fate+1","StuffTheSpire:Python","Burst","Blade Dance+1","expansioncontent:StudyTheSpire","expansioncontent:PolyBeam","Glutton:Hoard","Glutton:ShareWeakness","Poisoned Stab","Glutton:Treat","rat:SiphonSilver"],"relics":["Ring of the Snake","aspiration:DSix","halation:PinkSoulGem","Golden Idol","StuffTheSpire:HeavyRock","MerchantsRug","jedi:fakemustache","Boot","Odd Mushroom","FossilizedHelix","hubris:HollowSoul","theJungle:SneckoAutograph","halation:PrussianBluePaint","RollingBoulder","Omamori","hubris:DisguiseKit","CCEMRelics:OverlyComfyChair","trackpad:Coffee","trackpad:PocketGalaxy","halation:Jellyphish","CCEMRelics:JestersCrown","Replay:Ringing Soul","Torii","jedi:rubbersling","halation:Toothbrush","Philosopher\u0027s Stone","jedi:firstaidkit"],"acts_visited":["Exordium","Exordium","TheBeyond"],"potions_floor_usage":[28,33,40,46,46,46],"damage_taken":[{"damage":0.0,"enemies":"2 Louse","floor":1.0,"turns":3.0},{"damage":7.0,"enemies":"conspire:RoseBush","floor":4.0,"turns":3.0},{"damage":29.0,"enemies":"Lagavulin","floor":7.0,"turns":8.0},{"damage":0.0,"enemies":"Cultist","floor":8.0,"turns":2.0},{"damage":9.0,"enemies":"Replay:BlueRogue","floor":11.0,"turns":7.0},{"damage":20.0,"enemies":"The Mushroom Lair","floor":13.0,"turns":5.0},{"damage":26.0,"enemies":"The Guardian","floor":16.0,"turns":9.0},{"damage":16.0,"enemies":"theJungle:MUSHROOMGANG","floor":18.0,"turns":7.0},{"damage":32.0,"enemies":"theJungle:GiantWrat","floor":21.0,"turns":9.0},{"damage":35.0,"enemies":"theJungle:2_Flameangoes","floor":24.0,"turns":9.0},{"damage":6.0,"enemies":"theJungle:Snecko_Cultist_And_Trap","floor":25.0,"turns":8.0},{"damage":2,"enemies":"theJungle:2_Phrogs","floor":28,"turns":9},{"damage":15,"enemies":"Snake Plant","floor":29,"turns":9},{"damage":5,"enemies":"theJungle:SlimyTreeVines","floor":31,"turns":7},{"damage":12,"enemies":"theJungle:FunGuy","floor":33,"turns":12},{"damage":27,"enemies":"3 Shapes","floor":35,"turns":8},{"damage":15,"enemies":"3 Darklings","floor":38,"turns":6},{"damage":23,"enemies":"Jaw Worm Horde","floor":39,"turns":7},{"damage":0,"enemies":"R_Hoarder","floor":40,"turns":9},{"damage":14,"enemies":"conspire:MimicChest","floor":42,"turns":11},{"damage":51,"enemies":"Spire Growth","floor":45,"turns":8},{"damage":22,"enemies":"Sphere and 2 Shapes","floor":46,"turns":5}],"seed_played":"4018378408451619733","potions_obtained":[{"floor":1.0,"key":"blueLaboratory:BottledHope"},{"floor":4.0,"key":"blueLaboratory:BottleOfRum"},{"floor":7.0,"key":"blueLaboratory:LouseDecoction"},{"floor":16.0,"key":"Languid Potion"},{"floor":18.0,"key":"Elixir"},{"floor":25.0,"key":"blueLaboratory:LouseDecoction"},{"floor":29,"key":"SteroidPotion"},{"floor":31,"key":"Block Potion"},{"floor":35,"key":"blueLaboratory:CorrosionFlask"},{"floor":38,"key":"Ancient Potion"},{"floor":42,"key":"blueLaboratory:PyrophylliteBrew"}],"is_trial":false,"path_per_floor":["M","?","?","M","?","R","E","M","T","$","E","R","?","T","R","B",null,"M","?","?","M","$","R","M","M","T","R","E","M","AVR","M","R","B",null,"M","?","$","M","M","E","R","?","T","R","M","M"],"character_chosen":"THE_SILENT","items_purchased":["MerchantsRug","jedi:fakemustache","halation:PrussianBluePaint","trackpad:PocketGalaxy","halation:Jellyphish","CCEMRelics:JestersCrown"],"campfire_rested":6,"item_purchase_floors":[10,10,22,37,37,37],"current_hp_per_floor":[70,70,70,63,63,63,34,34,34,44,35,56,36,36,57,31,70,54,54,54,22,27,48,13,7,7,28,35,20,20,22,43,36,70,58,58,70,55,32,38,59,63,63,63,15,0,0],"gold":267,"neow_bonus":"DSIX","is_daily":false,"chose_seed":false,"campfire_upgraded":2,"win_rate":0.0,"timestamp":1609258933,"path_taken":["M","?","?","M","?","R","E","M","T","$","E","R","?","?","R","BOSS","M","?","?","?","$","R","M","M","T","R","E","M","AVR","?","R","BOSS","M","?","$","M","M","E","R","?","T","R","M","?"],"items_purchased_type":["Relic","Relic","Relic","Relic","Relic","Relic"],"build_version":"2020-12-22","purchased_purges":0,"victory":false,"max_hp_per_floor":[70,70,70,70,70,70,70,70,70,70,70,70,70,70,70,70,70,70,70,70,70,70,70,70,70,70,70,70,70,70,70,70,70,70,70,70,70,70,70,73,73,76,76,76,79,79,79],"card_choices":[{"not_picked":["rat:RuptureArtery","conspire:PoisonWeapons"],"picked":"StuffTheSpire:Injection","floor":1.0},{"not_picked":["rat:Garrote","rat:OpeningStrike"],"picked":"Underhanded Strike","floor":4.0},{"not_picked":["Bane","Expertise"],"picked":"StuffTheSpire:Injection","floor":7.0},{"not_picked":["ReplayTheSpireMod:Exploit Weakness","rat:MimicPod"],"picked":"Bullet Time","floor":8.0},{"not_picked":["ShadowRift","rat:ArgentInfusion"],"picked":"Replay:Poison Smokescreen","floor":11.0},{"not_picked":["ReplayTheSpireMod:Tripwire","All Out Attack"],"picked":"Dagger Throw","floor":13.0},{"not_picked":["Corpse Explosion","Replay:Bag of Tricks"],"picked":"rat:Lunge","floor":16.0},{"not_picked":["hubris:TrickCloak","Dodge and Roll"],"picked":"rat:SilveredBlade","floor":18.0},{"not_picked":["Flying Knee","StuffTheSpire:BumpUp"],"picked":"Hidden Blade","floor":21.0},{"not_picked":["rat:FanOfKnives","Escape Plan+1"],"picked":"conspire:PoisonWeapons","floor":24.0},{"not_picked":["StuffTheSpire:FinalStruggle","Sucker Punch"],"picked":"StuffTheSpire:Injection+1","floor":25.0},{"not_picked":["Flying Knee+1","Outmaneuver"],"picked":"hubris:SlightOfHand","floor":28},{"not_picked":["Dagger Spray","rat:ColdBlood","Glutton:KneeJerk"],"picked":"Draining Mist","floor":29},{"not_picked":["StuffTheSpire:Injection","Poisoned Stab","Glutton:Revivification"],"picked":"StuffTheSpire:Python","floor":31},{"not_picked":["Wraith Form v2","ReplayTheSpireMod:From All Sides","Glutton:EatAlive"],"picked":"Burst","floor":33},{"not_picked":["Slice","All Out Attack+1","Glutton:FeverVisions"],"picked":"Blade Dance+1","floor":35},{"not_picked":["expansioncontent:DecasProtection","expansioncontent:Sear"],"picked":"expansioncontent:StudyTheSpire","floor":36},{"not_picked":["ReplayTheSpireMod:Necrogeddon","expansioncontent:CaCaw"],"picked":"expansioncontent:PolyBeam","floor":36},{"not_picked":["ReplayTheSpireMod:Shiv Toss","rat:SilveredBlade","StuffTheSpire:BumpUp"],"picked":"Glutton:Hoard","floor":38},{"not_picked":["ReplayTheSpireMod:Shiv Toss","StuffTheSpire:Sprint","rat:Shadowstep"],"picked":"Glutton:ShareWeakness","floor":39},{"not_picked":["rat:ArgentInfusion","rat:RuptureArtery+1","Glutton:StarvationMode"],"picked":"Poisoned Stab","floor":40},{"not_picked":["StuffTheSpire:DoubleShiv+1","rat:DextrousStrike+1","Dagger Spray"],"picked":"Glutton:Treat","floor":42},{"not_picked":["Calculated Gamble","Doppelganger","Glutton:Tantrum"],"picked":"rat:SiphonSilver","floor":45}],"player_experience":24168,"relics_obtained":[{"floor":7.0,"key":"StuffTheSpire:HeavyRock"},{"floor":11.0,"key":"Boot"},{"floor":13.0,"key":"Odd Mushroom"},{"floor":14.0,"key":"FossilizedHelix"},{"floor":26.0,"key":"Omamori"},{"floor":28,"key":"hubris:DisguiseKit"},{"floor":40,"key":"Torii"},{"floor":42,"key":"jedi:rubbersling"},{"floor":43,"key":"halation:Toothbrush"}],"event_choices":[{"damage_healed":0.0,"max_hp_gain":0.0,"max_hp_loss":0.0,"gold_gain":0.0,"event_name":"Golden Idol","player_choice":"Take Wound","floor":3.0,"gold_loss":0.0,"damage_taken":0.0,"relics_obtained":["Golden Idol"],"cards_obtained":["Injury"]},{"damage_healed":0.0,"max_hp_gain":0.0,"max_hp_loss":0.0,"gold_gain":63.0,"event_name":"Golden Wing","player_choice":"Gained Gold","floor":5.0,"gold_loss":0.0,"damage_taken":0.0},{"damage_healed":0.0,"max_hp_gain":0.0,"max_hp_loss":0.0,"gold_gain":0.0,"event_name":"Mushrooms","player_choice":"Fought Mushrooms","floor":13.0,"gold_loss":0.0,"damage_taken":0.0},{"cards_removed":["Decay"],"damage_healed":0.0,"max_hp_gain":0.0,"max_hp_loss":0.0,"gold_gain":0.0,"event_name":"betterNote:BetterNote","player_choice":"Give","floor":19.0,"gold_loss":0.0,"damage_taken":0.0,"cards_obtained":["infinitespire:Pacifist"]},{"damage_healed":0,"gold_gain":3,"player_choice":"1","damage_taken":0,"max_hp_gain":0,"max_hp_loss":0,"event_name":"betterStone:BetterStone","floor":36,"gold_loss":0}],"is_beta":false,"boss_relics":[{"not_picked":["Ring of Chaos","trackpad:RiggedDice"],"picked":"hubris:HollowSoul"},{"not_picked":["Runesmith:UraniumAnvil","aspiration:RitualDagger"],"picked":"trackpad:Coffee"}],"items_purged_floors":[],"is_endless":false,"potions_floor_spawned":[1,4,7,16,18,25,29,31,35,38,42],"killed_by":"Sphere and 2 Shapes","ascension_level":0}}