{"host":"88q0baq93r2cvn7j","time":1609269915,"event":{"mods":["AchievementEnabler","Act Like it!","Arknights The Spire","BaseMod","Minty Spire (QoL Compilation)","StSLib"],"gold_per_floor":[109,109,129,149,162,189,209,209,209,209,243,243,243,275,275,375,375,361,378,405,405,405,405],"floor_reached":22,"playtime":1479,"items_purged":[],"score":206,"play_id":"c9bf029b-df34-4d54-84a3-92d28861f3d3","local_time":"20201230032515","is_ascension_mode":false,"campfire_choices":[{"floor":8.0,"key":"REST"},{"data":"1","floor":12.0,"key":"LIFT"},{"floor":15.0,"key":"REST"}],"circlet_count":0,"master_deck":["ats:Strike C","ats:Strike S","ats:Armor Crushing Shot","ats:Defend","ats:Defend","ats:Defend","ats:Defend","ats:Emotion Absorption","Finesse","ats:Leaping Hammer","ats:Durian","ats:Hammer On","ats:Closed Bolt Burst Fire","ats:Cat Scratch","ats:Nebulous Foxfire","ats:Ignite","ats:Overload","ats:Apocalypse","ats:Disruption Kick","ats:Part Time Job+1","ats:Soul Absorption"],"relics":["ats:Sanity Plus","ats:Originium","ats:Bonebreaker","Girya","Matryoshka","StoneCalendar","The Courier","Red Mask"],"acts_visited":["Exordium","TheCity"],"potions_floor_usage":[20],"damage_taken":[{"damage":5.0,"enemies":"Small Slimes","floor":1.0,"turns":4.0},{"damage":1.0,"enemies":"Jaw Worm","floor":3.0,"turns":4.0},{"damage":2.0,"enemies":"Cultist","floor":4.0,"turns":4.0},{"damage":11.0,"enemies":"3 Louse","floor":5.0,"turns":4.0},{"damage":26.0,"enemies":"Lagavulin","floor":6.0,"turns":6.0},{"damage":4.0,"enemies":"Blue Slaver","floor":7.0,"turns":3.0},{"damage":21.0,"enemies":"3 Sentries","floor":11.0,"turns":8.0},{"damage":0.0,"enemies":"Exordium Wildlife","floor":13.0,"turns":1.0},{"damage":16.0,"enemies":"Gremlin Nob","floor":14.0,"turns":4.0},{"damage":45.0,"enemies":"The Guardian","floor":16.0,"turns":10.0},{"damage":30.0,"enemies":"2 Thieves","floor":18.0,"turns":4.0},{"damage":2.0,"enemies":"Spheric Guardian","floor":19.0,"turns":3.0},{"damage":52,"enemies":"Masked Bandits","floor":20,"turns":6},{"damage":10,"enemies":"Snake Plant","floor":22,"turns":2}],"seed_played":"-5185360116826073449","potions_obtained":[{"floor":1.0,"key":"SmokeBomb"},{"floor":6.0,"key":"SneckoOil"},{"floor":7.0,"key":"Dexterity Potion"},{"floor":16.0,"key":"BlessingOfTheForge"},{"floor":20,"key":"Ancient Potion"}],"is_trial":false,"path_per_floor":["M","?","M","M","M","E","M","R","T","?","E","R","M","E","R","B",null,"M","M","?","?","M"],"character_chosen":"DOCTOR_CLASS","items_purchased":[],"campfire_rested":2,"item_purchase_floors":[],"current_hp_per_floor":[67,67,66,64,53,27,25,46,46,43,28,28,28,15,36,8,72,42,40,9,9,5,5],"gold":405,"neow_bonus":"RANDOM_COLORLESS","is_daily":false,"chose_seed":false,"campfire_upgraded":0,"win_rate":0.0,"timestamp":1609269915,"path_taken":["M","?","M","M","M","E","M","R","T","?","E","R","M","E","R","BOSS","M","M","?","?","M"],"items_purchased_type":[],"build_version":"2020-12-22","purchased_purges":0,"victory":false,"max_hp_per_floor":[72,72,72,72,72,72,72,72,72,72,72,72,72,72,72,72,72,72,72,72,72,72,72],"card_choices":[{"not_picked":["Forethought","Purity"],"picked":"Finesse","floor":0.0},{"not_picked":["ats:Cat Scratch","ats:Revitalization"],"picked":"ats:Leaping Hammer","floor":1.0},{"not_picked":["ats:Part Time Job","ats:Flexible Camouflage"],"picked":"ats:Hammer On","floor":3.0},{"not_picked":["ats:Demon Strength","ats:Shell Defense"],"picked":"ats:Closed Bolt Burst Fire","floor":4.0},{"not_picked":["ats:Revitalization","ats:Consecutive Shot Auto"],"picked":"ats:Cat Scratch","floor":5.0},{"not_picked":["ats:Soul Absorption","ats:Ignite"],"picked":"ats:Nebulous Foxfire","floor":6.0},{"not_picked":["ats:Beaten Up","ats:Shell Defense"],"picked":"ats:Ignite","floor":7.0},{"not_picked":["ats:Apocalypse","ats:Sunburst"],"picked":"ats:Overload","floor":11.0},{"not_picked":["ats:Collapsing Strike","ats:Revitalization"],"picked":"ats:Apocalypse","floor":14.0},{"not_picked":["ats:True Silver Slash","ats:Ambush"],"picked":"ats:Disruption Kick","floor":16.0},{"not_picked":["ats:Beaten Up","ats:Curse Doll+1","ats:Powerful Strike"],"picked":"SKIP","floor":18.0},{"not_picked":["ats:Curse Doll+1","ats:Hammer On"],"picked":"ats:Part Time Job+1","floor":19.0}],"player_experience":317098,"relics_obtained":[{"floor":6.0,"key":"ats:Originium"},{"floor":6.0,"key":"ats:Bonebreaker"},{"floor":9.0,"key":"Girya"},{"floor":11.0,"key":"ats:Originium"},{"floor":11.0,"key":"StoneCalendar"},{"floor":14.0,"key":"ats:Originium"},{"floor":14.0,"key":"The Courier"},{"floor":20,"key":"Red Mask"}],"event_choices":[{"damage_healed":0.0,"max_hp_gain":0.0,"max_hp_loss":0.0,"gold_gain":0.0,"cards_transformed":["ats:Strike G"],"event_name":"Living Wall","player_choice":"Change","floor":2.0,"gold_loss":0.0,"damage_taken":0.0,"cards_obtained":["ats:Durian"]},{"damage_healed":0.0,"max_hp_gain":0.0,"max_hp_loss":0.0,"gold_gain":0.0,"event_name":"Scrap Ooze","player_choice":"Success","floor":10.0,"gold_loss":0.0,"damage_taken":3.0,"relics_obtained":["Matryoshka"]},{"damage_healed":0,"gold_gain":0,"player_choice":"Fought Bandits","damage_taken":0,"max_hp_gain":0,"max_hp_loss":0,"event_name":"Masked Bandits","floor":20,"gold_loss":0},{"damage_healed":0,"gold_gain":0,"cards_transformed":["ats:Strike V"],"player_choice":"Transformed","damage_taken":0,"max_hp_gain":0,"max_hp_loss":0,"event_name":"Transmorgrifier","floor":21,"gold_loss":0,"cards_obtained":["ats:Soul Absorption"]}],"is_beta":false,"boss_relics":[{"not_picked":["Runic Dome","Philosopher\u0027s Stone"],"picked":"ats:Sanity Plus"}],"items_purged_floors":[],"is_endless":false,"potions_floor_spawned":[1,6,7,16,20],"killed_by":"Snake Plant","ascension_level":0}}