{"host":"phzz6vgtixj4nwio","time":1609246803,"event":{"mods":["BaseMod","GifTheSpireLib","Minty Spire (QoL Compilation)","StSLib","The Wild Card","slay the spire mod where everything is the same but ironclad has a cowboy hat"],"gold_per_floor":[109,126,44,119,134,153,153,173,196,196,208,208,238,248,248,348,348,360,360,370,370,382,414,414,414,414,425,445,445,445,464,464,565,615,631,649,255,270,281,281,299,299,299,317,317,333,333,179,179,179,179],"floor_reached":50,"playtime":4533,"items_purged":[],"score":495,"play_id":"9b210141-fb4f-405b-8fed-519dc99ac73e","local_time":"20201229130003","is_ascension_mode":false,"campfire_choices":[{"floor":7,"key":"RECALL"},{"floor":15,"key":"REST"},{"floor":24,"key":"REST"},{"floor":30,"key":"REST"},{"floor":32,"key":"REST"},{"floor":40,"key":"REST"},{"floor":42,"key":"REST"},{"floor":49,"key":"REST"}],"circlet_count":0,"master_deck":["theWildCard:BasicStrike+1","theWildCard:BasicStrike+1","theWildCard:BasicStrike+1","theWildCard:BasicStrike","theWildCard:BasicDefend","theWildCard:BasicDefend","theWildCard:BasicDefend","theWildCard:BasicDefend+1","theWildCard:CallToAdventure+1","theWildCard:Arsene","theWildCard:PowerOfTheArcana","theWildCard:ArcaneArts","theWildCard:EnergyTheft","theWildCard:SeveringSlash","theWildCard:PowerOfTheArcana","theWildCard:BladeOfGenerations","theWildCard:Providence","theWildCard:SeveringSlash","theWildCard:TheUniverse","theWildCard:MagicMettle+1","theWildCard:StalwartBlade+1","Defend_P+1","theWildCard:Polydeuces","theWildCard:MaskChange","theWildCard:MaskChange","theWildCard:EnergizedStroke","theWildCard:StingingStrike","theWildCard:AllOutAttack","theWildCard:ManOfManyFaces+1","theWildCard:UnendingRitual+1","theWildCard:BladeOfGenerations+1","theWildCard:PaleRider+1","theWildCard:Alice","theWildCard:PaleRider+1"],"relics":["theWildCard:VelvetContract","Oddly Smooth Stone","Bag of Marbles","Sozu","War Paint","Kunai","MutagenicStrength","Tiny House","Mummified Hand","Lee\u0027s Waffle","Nunchaku","Prayer Wheel","Juzu Bracelet"],"acts_visited":["Exordium","TheCity","TheBeyond"],"potions_floor_usage":[5,11,16,20,28],"damage_taken":[{"damage":0,"enemies":"Jaw Worm","floor":1,"turns":5},{"damage":0,"enemies":"Small Slimes","floor":2,"turns":3},{"damage":1,"enemies":"Cultist","floor":5,"turns":3},{"damage":0,"enemies":"Exordium Thugs","floor":6,"turns":3},{"damage":8,"enemies":"Red Slaver","floor":8,"turns":4},{"damage":3,"enemies":"Looter","floor":11,"turns":2},{"damage":18,"enemies":"Lagavulin","floor":13,"turns":4},{"damage":0,"enemies":"3 Louse","floor":14,"turns":3},{"damage":6,"enemies":"Hexaghost","floor":16,"turns":10},{"damage":0,"enemies":"3 Byrds","floor":18,"turns":5},{"damage":29,"enemies":"Spheric Guardian","floor":20,"turns":6},{"damage":22,"enemies":"Centurion and Healer","floor":22,"turns":6},{"damage":18,"enemies":"Gremlin Leader","floor":23,"turns":9},{"damage":3,"enemies":"Snake Plant","floor":27,"turns":3},{"damage":0,"enemies":"3 Cultists","floor":28,"turns":7},{"damage":17,"enemies":"Centurion and Healer","floor":31,"turns":4},{"damage":33,"enemies":"Automaton","floor":33,"turns":17},{"damage":24,"enemies":"3 Darklings","floor":35,"turns":13},{"damage":7,"enemies":"3 Shapes","floor":36,"turns":7},{"damage":22,"enemies":"Jaw Worm Horde","floor":38,"turns":6},{"damage":37,"enemies":"Spire Growth","floor":39,"turns":5},{"damage":4,"enemies":"3 Darklings","floor":41,"turns":6},{"damage":18,"enemies":"4 Shapes","floor":44,"turns":5},{"damage":16,"enemies":"Spire Growth","floor":46,"turns":3},{"damage":40,"enemies":"Awakened One","floor":50,"turns":3}],"seed_played":"-8074447724577049492","potions_obtained":[{"floor":2,"key":"Weak Potion"},{"floor":6,"key":"Fire Potion"},{"floor":13,"key":"Dexterity Potion"},{"floor":14,"key":"BlessingOfTheForge"},{"floor":16,"key":"LiquidMemories"}],"is_trial":false,"path_per_floor":["M","M","$","?","M","M","R","M","T","?","M","?","E","M","R","B",null,"M","?","M","?","M","E","R","T","T","M","M","?","R","M","R","B",null,"M","M","$","M","M","R","M","R","T","M","?","M","T","$","R","B"],"character_chosen":"THE_WILD_CARD","items_purchased":["theWildCard:EnergyTheft","Mummified Hand","Lee\u0027s Waffle","Juzu Bracelet"],"campfire_rested":7,"item_purchase_floors":[3,37,37,48],"current_hp_per_floor":[60,60,60,49,48,48,48,40,40,28,25,40,22,23,41,38,60,60,60,35,35,22,5,22,22,22,20,21,21,38,21,38,14,62,39,34,69,47,12,32,29,49,49,32,32,17,17,17,37,0,0],"gold":179,"neow_bonus":"UPGRADE_CARD","is_daily":false,"chose_seed":false,"campfire_upgraded":0,"win_rate":0.0,"timestamp":1609246803,"path_taken":["M","M","$","?","M","M","R","M","T","?","M","?","E","M","R","BOSS","M","?","M","?","?","E","R","?","T","M","?","?","R","M","R","BOSS","M","M","$","M","M","R","M","R","T","M","?","M","?","?","R","BOSS"],"items_purchased_type":["Card","Relic","Relic","Relic"],"build_version":"2020-12-22","purchased_purges":0,"victory":false,"max_hp_per_floor":[60,60,60,60,60,60,60,60,60,60,60,60,60,60,60,60,60,60,60,60,57,57,57,57,57,57,57,57,57,57,57,57,57,62,62,62,69,69,69,69,69,69,69,69,69,69,69,69,69,69,69],"card_choices":[{"not_picked":["theWildCard:ArcaneArts","theWildCard:Abstinence"],"picked":"theWildCard:PowerOfTheArcana","floor":1},{"not_picked":["theWildCard:Patience","theWildCard:SeveringSlash"],"picked":"theWildCard:ArcaneArts","floor":2},{"not_picked":["theWildCard:Polydeuces","theWildCard:ArcaneArts"],"picked":"theWildCard:SeveringSlash","floor":5},{"not_picked":["theWildCard:MaskChange","theWildCard:Impatience","theWildCard:AllOutAttack"],"picked":"SKIP","floor":6},{"not_picked":["theWildCard:StingingStrike","theWildCard:TheGreatSeal"],"picked":"theWildCard:PowerOfTheArcana","floor":8},{"not_picked":["theWildCard:Michael","theWildCard:Polydeuces"],"picked":"theWildCard:BladeOfGenerations","floor":11},{"not_picked":["theWildCard:UnendingRitual","theWildCard:Caesar"],"picked":"theWildCard:Providence","floor":13},{"not_picked":["theWildCard:ArcaneArts","theWildCard:BladeOfGenerations"],"picked":"theWildCard:SeveringSlash","floor":14},{"not_picked":["theWildCard:AllOutAttack","theWildCard:FinalHour"],"picked":"theWildCard:TheUniverse","floor":16},{"not_picked":["theWildCard:Abstinence","theWildCard:Patience+1"],"picked":"theWildCard:MagicMettle+1","floor":18},{"not_picked":["theWildCard:SacrificialStroke+1","theWildCard:Unburden+1"],"picked":"theWildCard:StalwartBlade+1","floor":20},{"not_picked":["theWildCard:MagicalMight","theWildCard:MasterPlan+1"],"picked":"theWildCard:Polydeuces","floor":22},{"not_picked":["theWildCard:MagicMettle","theWildCard:ArcaneArts"],"picked":"theWildCard:MaskChange","floor":23},{"not_picked":["theWildCard:Patience","theWildCard:ArcanaArtistry+1"],"picked":"theWildCard:MaskChange","floor":27},{"not_picked":["theWildCard:ArcaneArts","theWildCard:Sakuya"],"picked":"theWildCard:EnergizedStroke","floor":28},{"not_picked":["theWildCard:MaskChange","theWildCard:Abstinence"],"picked":"theWildCard:StingingStrike","floor":31},{"not_picked":["theWildCard:Satanael","theWildCard:ChangingDestiny"],"picked":"theWildCard:AllOutAttack","floor":33},{"not_picked":["theWildCard:Metatron","theWildCard:Safeguard+1"],"picked":"theWildCard:ManOfManyFaces+1","floor":34},{"not_picked":["theWildCard:Patience+1","theWildCard:MasterPlan","theWildCard:ManOfManyFaces+1"],"picked":"SKIP","floor":35},{"not_picked":["theWildCard:ArcaneArts","theWildCard:SacrificialStroke+1"],"picked":"theWildCard:UnendingRitual+1","floor":36},{"not_picked":["theWildCard:MagicMettle","theWildCard:Abstinence"],"picked":"theWildCard:BladeOfGenerations+1","floor":38},{"not_picked":["theWildCard:Unburden+1","theWildCard:ArcaneArts"],"picked":"theWildCard:PaleRider+1","floor":39},{"not_picked":["theWildCard:ArcaneArts","theWildCard:BladeOfGenerations"],"picked":"theWildCard:Alice","floor":41},{"not_picked":["theWildCard:StingingStrike+1","theWildCard:BladeOfGenerations"],"picked":"theWildCard:PaleRider+1","floor":44},{"not_picked":["theWildCard:Proficiency","theWildCard:CryOfAgony+1","theWildCard:Patience+1"],"picked":"SKIP","floor":46}],"player_experience":530151,"relics_obtained":[{"floor":9,"key":"Oddly Smooth Stone"},{"floor":13,"key":"Bag of Marbles"},{"floor":23,"key":"War Paint"},{"floor":25,"key":"Kunai"},{"floor":43,"key":"Nunchaku"},{"floor":47,"key":"Prayer Wheel"}],"event_choices":[{"damage_healed":0,"gold_gain":75,"player_choice":"Gather Gold","damage_taken":11,"max_hp_gain":0,"max_hp_loss":0,"event_name":"World of Goop","floor":4,"gold_loss":0},{"damage_healed":0,"gold_gain":0,"player_choice":"Entered Light","damage_taken":12,"max_hp_gain":0,"max_hp_loss":0,"event_name":"Shining Light","floor":10,"gold_loss":0,"cards_upgraded":["theWildCard:BasicStrike","theWildCard:BasicStrike"]},{"damage_healed":15,"gold_gain":0,"player_choice":"Healed and dodged fight","damage_taken":0,"max_hp_gain":0,"max_hp_loss":0,"event_name":"Mushrooms","floor":12,"gold_loss":0,"cards_obtained":["Parasite"]},{"damage_healed":0,"gold_gain":0,"player_choice":"Ignored","damage_taken":0,"max_hp_gain":0,"max_hp_loss":0,"event_name":"Ghosts","floor":19,"gold_loss":0},{"cards_removed":["Parasite"],"damage_healed":0,"gold_gain":0,"player_choice":"Took Card","damage_taken":0,"max_hp_gain":0,"max_hp_loss":0,"event_name":"NoteForYourself","floor":21,"gold_loss":0,"cards_obtained":["Defend_P"]},{"damage_healed":0,"gold_gain":0,"player_choice":"Inject Mutagens","damage_taken":0,"relics_obtained":["MutagenicStrength"],"max_hp_gain":0,"max_hp_loss":0,"event_name":"Drug Dealer","floor":29,"gold_loss":0},{"damage_healed":0,"gold_gain":0,"player_choice":"Ignored","damage_taken":0,"max_hp_gain":0,"max_hp_loss":0,"event_name":"The Moai Head","floor":45,"gold_loss":0}],"is_beta":false,"boss_relics":[{"not_picked":["Ectoplasm","Coffee Dripper"],"picked":"Sozu"},{"not_picked":["Empty Cage","Black Star"],"picked":"Tiny House"}],"items_purged_floors":[],"is_endless":false,"potions_floor_spawned":[2,6,13,14,16,20,22,23,28,31,38,41],"killed_by":"Awakened One","ascension_level":0}}