{"host":"0ydzwspkajt4brzd","time":1609278916,"event":{"mods":["AchievementEnabler","BaseMod","Colored Map","DeckTracker","Googly Eyes","Highlight Path","Minty Spire (QoL Compilation)","Quick Restart","Random Character Button","Rare Cards Sparkle"],"gold_per_floor":[113,126,139,89,101,130,130,162,236,49,61,91,91,43,43,144,144,162,162,261,271,271,271,303,314,314,314,314],"floor_reached":27,"playtime":1467,"items_purged":["Strike_R"],"score":377,"play_id":"3b2d64c1-af49-4bea-af38-0c94d6172df9","local_time":"20201229135516","is_ascension_mode":true,"campfire_choices":[{"data":"Bash","floor":7,"key":"SMITH"},{"data":"Whirlwind","floor":13,"key":"SMITH"},{"data":"True Grit","floor":15,"key":"SMITH"},{"data":"Spot Weakness","floor":23,"key":"SMITH"}],"circlet_count":0,"master_deck":["AscendersBane","Strike_R","Strike_R","Strike_R","Defend_R","Defend_R","Defend_R","Defend_R","Bash+1","Shrug It Off","Wild Strike","Twin Strike","Pommel Strike","Headbutt","Spot Weakness","Spot Weakness+1","Whirlwind+1","Feel No Pain","True Grit+1","Juggernaut","Twin Strike","Anger+1"],"relics":["Burning Blood","Pantograph","Bird Faced Urn","Paper Frog","Omamori","Sozu","Enchiridion","CaptainsWheel","Orichalcum"],"acts_visited":["Exordium","TheCity"],"potions_floor_usage":[8,8,11],"damage_taken":[{"damage":1,"enemies":"Cultist","floor":1,"turns":4},{"damage":2,"enemies":"2 Louse","floor":2,"turns":3},{"damage":12,"enemies":"Jaw Worm","floor":3,"turns":2},{"damage":11,"enemies":"3 Louse","floor":5,"turns":4},{"damage":32,"enemies":"3 Sentries","floor":6,"turns":11},{"damage":38,"enemies":"Lagavulin","floor":8,"turns":7},{"damage":4,"enemies":"2 Fungi Beasts","floor":11,"turns":3},{"damage":10,"enemies":"Gremlin Nob","floor":12,"turns":3},{"damage":28,"enemies":"The Guardian","floor":16,"turns":13},{"damage":12,"enemies":"3 Byrds","floor":18,"turns":4},{"damage":11,"enemies":"Shell Parasite","floor":21,"turns":5},{"damage":52,"enemies":"Gremlin Leader","floor":24,"turns":7},{"damage":12,"enemies":"Centurion and Healer","floor":25,"turns":5},{"damage":36,"enemies":"Slavers","floor":27,"turns":2}],"seed_played":"1902156381988887159","potions_obtained":[{"floor":2,"key":"SneckoOil"},{"floor":5,"key":"HeartOfIron"},{"floor":6,"key":"BloodPotion"}],"is_trial":false,"path_per_floor":["M","M","M","?","M","E","R","E","T","$","M","E","R","$","R","B",null,"M","?","?","M","?","R","E","M","T","E"],"character_chosen":"IRONCLAD","items_purchased":["Spot Weakness","Whirlwind","True Grit"],"campfire_rested":0,"item_purchase_floors":[10,10,14],"current_hp_per_floor":[77,80,74,74,69,43,43,27,27,27,29,25,25,25,25,30,68,62,46,46,47,73,73,31,31,31,0,0],"gold":314,"neow_bonus":"THREE_CARDS","is_daily":false,"chose_seed":false,"campfire_upgraded":4,"win_rate":0.0,"timestamp":1609278916,"path_taken":["M","M","?","?","M","E","R","E","T","$","M","E","R","$","R","BOSS","M","?","?","M","?","R","E","M","T","E"],"items_purchased_type":["Card","Card","Card"],"build_version":"2020-12-22","purchased_purges":1,"victory":false,"max_hp_per_floor":[80,80,80,80,80,80,80,80,80,80,80,80,80,80,80,80,80,80,80,80,80,80,80,80,80,80,80,80],"card_choices":[{"not_picked":["Armaments","Ghostly Armor"],"picked":"Shrug It Off","floor":0},{"not_picked":["Heavy Blade","Perfected Strike"],"picked":"Wild Strike","floor":1},{"not_picked":["Heavy Blade","Carnage"],"picked":"Twin Strike","floor":2},{"not_picked":["Clash","Havoc"],"picked":"Pommel Strike","floor":3},{"not_picked":["Clash","Fire Breathing"],"picked":"Headbutt","floor":5},{"not_picked":["Clash","Juggernaut"],"picked":"Spot Weakness","floor":6},{"not_picked":["Power Through","Thunderclap","Clothesline"],"picked":"SKIP","floor":8},{"not_picked":["Cleave","Anger","Burning Pact"],"picked":"SKIP","floor":11},{"not_picked":["Cleave","Twin Strike"],"picked":"Feel No Pain","floor":12},{"not_picked":["Bludgeon","Offering"],"picked":"Juggernaut","floor":16},{"not_picked":["Cleave","Warcry","Perfected Strike"],"picked":"SKIP","floor":18},{"not_picked":["True Grit","Wild Strike"],"picked":"Twin Strike","floor":21},{"not_picked":["Brutality","Disarm"],"picked":"Anger+1","floor":24},{"not_picked":["True Grit","Havoc","Infernal Blade"],"picked":"SKIP","floor":25}],"player_experience":378142,"relics_obtained":[{"floor":6,"key":"Pantograph"},{"floor":8,"key":"Bird Faced Urn"},{"floor":9,"key":"Paper Frog"},{"floor":12,"key":"Omamori"},{"floor":19,"key":"Enchiridion"},{"floor":24,"key":"CaptainsWheel"},{"floor":26,"key":"Orichalcum"}],"event_choices":[{"cards_removed":["Strike_R"],"damage_healed":0,"gold_gain":0,"player_choice":"Card Removal","damage_taken":0,"max_hp_gain":0,"max_hp_loss":0,"event_name":"The Cleric","floor":4,"gold_loss":50},{"damage_healed":0,"gold_gain":0,"player_choice":"Obtained Book","damage_taken":16,"max_hp_gain":0,"max_hp_loss":0,"event_name":"Cursed Tome","floor":19,"gold_loss":0},{"damage_healed":0,"gold_gain":99,"player_choice":"Stole From Cult","damage_taken":0,"max_hp_gain":0,"max_hp_loss":0,"event_name":"Nest","floor":20,"gold_loss":0},{"damage_healed":26,"gold_gain":0,"player_choice":"Heal","damage_taken":0,"max_hp_gain":0,"max_hp_loss":0,"event_name":"The Library","floor":22,"gold_loss":0}],"is_beta":false,"boss_relics":[{"not_picked":["Mark of Pain","Busted Crown"],"picked":"Sozu"}],"items_purged_floors":[10],"is_endless":false,"potions_floor_spawned":[2,5,6,21,25],"killed_by":"Slavers","ascension_level":10}}