{"host":"6pgtslebjnyv5xmi","time":1609255778,"event":{"mods":["AchievementEnabler","BaseMod","Colored Map","Marisa£¨Ùöéë¡¡Øª×âÞÞ£©","Minty Spire (QoL Compilation)","Rare Cards Sparkle","StSLib","SuperFastMode","everything is the same but u backflip on backflip"],"gold_per_floor":[114,64,64,87,102,127,127,127,153,171,96,96,96,171,171,171,171],"floor_reached":16,"playtime":550,"items_purged":["Strike_B"],"score":113,"play_id":"5f48c34f-6754-4c3d-82cb-e2aed715c56a","local_time":"20201230002938","is_ascension_mode":true,"campfire_choices":[{"data":"Buffer","floor":7,"key":"SMITH"},{"data":"Turbo","floor":13,"key":"SMITH"},{"data":"Capacitor","floor":15,"key":"SMITH"}],"circlet_count":0,"master_deck":["Strike_B+1","Strike_B","Strike_B+1","Defend_B","Defend_B","Defend_B","Zap","Dualcast+1","Buffer+1","Capacitor+1","Seek","Turbo+1"],"relics":["Cracked Core","Golden Idol","Whetstone"],"acts_visited":["Exordium"],"potions_floor_usage":[16,16],"damage_taken":[{"damage":12,"enemies":"Small Slimes","floor":1,"turns":4},{"damage":3,"enemies":"Jaw Worm","floor":4,"turns":5},{"damage":0,"enemies":"Cultist","floor":5,"turns":4},{"damage":17,"enemies":"Exordium Thugs","floor":6,"turns":6},{"damage":0,"enemies":"Large Slime","floor":10,"turns":6},{"damage":50,"enemies":"Hexaghost","floor":16,"turns":10}],"seed_played":"-8998316317566093553","potions_obtained":[{"floor":5,"key":"LiquidMemories"},{"floor":10,"key":"Dexterity Potion"}],"is_trial":false,"path_per_floor":["M","?","?","M","M","M","R","?","T","M","$","?","R","?","R","B"],"character_chosen":"DEFECT","items_purchased":[],"campfire_rested":0,"item_purchase_floors":[],"current_hp_per_floor":[56,56,56,53,53,36,36,36,36,36,36,57,57,46,46,0,0],"gold":171,"neow_bonus":"THREE_RARE_CARDS","is_daily":false,"chose_seed":false,"campfire_upgraded":3,"win_rate":0.0,"timestamp":1609255778,"path_taken":["M","?","?","?","M","M","R","?","T","?","?","?","R","?","R","BOSS"],"items_purchased_type":[],"build_version":"2020-12-22","purchased_purges":1,"victory":false,"max_hp_per_floor":[68,68,63,63,63,63,63,63,63,63,63,63,63,63,63,63,63],"card_choices":[{"not_picked":["Amplify","Seek"],"picked":"Buffer","floor":0},{"not_picked":["Conserve Battery","Coolheaded","Barrage"],"picked":"SKIP","floor":1},{"not_picked":["Chaos","Go for the Eyes","Stack"],"picked":"SKIP","floor":4},{"not_picked":["Hologram","Redo"],"picked":"Capacitor","floor":5},{"not_picked":["Steam","Turbo"],"picked":"Seek","floor":6},{"not_picked":["Auto Shields","Gash"],"picked":"Turbo","floor":10}],"player_experience":595013,"relics_obtained":[{"floor":9,"key":"Whetstone"}],"event_choices":[{"cards_removed":["Defend_B"],"damage_healed":0,"gold_gain":0,"player_choice":"Card Removal","damage_taken":0,"max_hp_gain":0,"max_hp_loss":0,"event_name":"The Cleric","floor":2,"gold_loss":50},{"damage_healed":0,"gold_gain":0,"player_choice":"Lose Max HP","damage_taken":0,"relics_obtained":["Golden Idol"],"max_hp_gain":0,"max_hp_loss":5,"event_name":"Golden Idol","floor":3,"gold_loss":0},{"damage_healed":0,"gold_gain":0,"player_choice":"Forge","damage_taken":0,"max_hp_gain":0,"max_hp_loss":0,"event_name":"Accursed Blacksmith","floor":8,"gold_loss":0,"cards_upgraded":["Dualcast"]},{"damage_healed":21,"gold_gain":0,"player_choice":"Banana","damage_taken":0,"max_hp_gain":0,"max_hp_loss":0,"event_name":"Big Fish","floor":12,"gold_loss":0},{"damage_healed":0,"gold_gain":75,"player_choice":"Gather Gold","damage_taken":11,"max_hp_gain":0,"max_hp_loss":0,"event_name":"World of Goop","floor":14,"gold_loss":0}],"is_beta":false,"boss_relics":[],"items_purged_floors":[11],"is_endless":false,"potions_floor_spawned":[5,10],"killed_by":"Hexaghost","ascension_level":5}}