{"host":"q387i5o1hp66091u","time":1609221502,"event":{"mods":["2.2 Compatiblity","BaseMod","Minty Spire (QoL Compilation)","Rare Cards Sparkle"],"gold_per_floor":[117,130,149,165,135,135,160,160,184,213,229,148,148,160,160,258,258,275,288,300,300,300],"floor_reached":21,"playtime":1031,"items_purged":[],"score":241,"play_id":"638fe2b3-ff60-44ab-bf45-012b6f6b1d99","local_time":"20201229145822","is_ascension_mode":true,"campfire_choices":[{"floor":8.0,"key":"REST"},{"data":"True Grit","floor":13.0,"key":"SMITH"},{"floor":15.0,"key":"REST"}],"circlet_count":0,"master_deck":["Strike_R","Strike_R","Strike_R","Defend_R","Defend_R","Defend_R","Defend_R","Bash","Fire Breathing","Hemokinesis","Power Through","True Grit+1","Wild Strike","Infernal Blade","Rupture","Armaments","Metallicize","Sword Boomerang","Brutality","Bloodletting","Disarm+1","True Grit"],"relics":["Empty Cage","Pen Nib","Red Skull","Anchor","Black Star"],"acts_visited":["Exordium","TheCity"],"potions_floor_usage":[],"damage_taken":[{"damage":4.0,"enemies":"2 Louse","floor":1.0,"turns":5.0},{"damage":1.0,"enemies":"Cultist","floor":2.0,"turns":4.0},{"damage":21.0,"enemies":"Small Slimes","floor":3.0,"turns":5.0},{"damage":2.0,"enemies":"Exordium Wildlife","floor":4.0,"turns":4.0},{"damage":3.0,"enemies":"Looter","floor":5.0,"turns":4.0},{"damage":41.0,"enemies":"Gremlin Nob","floor":7.0,"turns":6.0},{"damage":8.0,"enemies":"Lagavulin","floor":10.0,"turns":6.0},{"damage":1.0,"enemies":"Blue Slaver","floor":11.0,"turns":3.0},{"damage":0.0,"enemies":"Lots of Slimes","floor":14.0,"turns":4.0},{"damage":33.0,"enemies":"Hexaghost","floor":16.0,"turns":11.0},{"damage":15.0,"enemies":"Spheric Guardian","floor":18.0,"turns":5.0},{"damage":12,"enemies":"Shell Parasite","floor":19,"turns":4},{"damage":35,"enemies":"Shelled Parasite and Fungi","floor":20,"turns":5},{"damage":0,"enemies":"Cultist and Chosen","floor":21,"turns":4}],"seed_played":"2820985504265470841","potions_obtained":[{"floor":2.0,"key":"SpeedPotion"},{"floor":3.0,"key":"Dexterity Potion"},{"floor":10.0,"key":"Block Potion"},{"floor":11.0,"key":"FearPotion"},{"floor":14.0,"key":"Regen Potion"},{"floor":18.0,"key":"CultistPotion"}],"is_trial":false,"path_per_floor":["M","M","M","M","M","?","E","R","T","E","M","$","R","M","R","B",null,"M","M","M","M"],"character_chosen":"IRONCLAD","items_purchased":["Metallicize"],"campfire_rested":2,"item_purchase_floors":[12],"current_hp_per_floor":[76,75,54,52,49,54,13,38,38,30,29,29,29,29,54,36,73,58,46,11,11,11],"gold":300,"neow_bonus":"BOSS_RELIC","is_daily":false,"chose_seed":false,"campfire_upgraded":1,"win_rate":0.0,"timestamp":1609221502,"path_taken":["M","M","M","M","M","?","E","R","T","E","M","$","R","M","R","BOSS","M","M","M","M"],"items_purchased_type":["Card"],"build_version":"2020-12-22","purchased_purges":0,"victory":false,"max_hp_per_floor":[80,80,80,80,80,85,85,85,85,85,85,85,85,85,85,85,85,85,85,85,85,85],"card_choices":[{"not_picked":["Flex","Pommel Strike"],"picked":"Fire Breathing","floor":1.0},{"not_picked":["Heavy Blade","Infernal Blade"],"picked":"Hemokinesis","floor":2.0},{"not_picked":["Disarm","Flame Barrier"],"picked":"Power Through","floor":3.0},{"not_picked":["Clash","Twin Strike"],"picked":"True Grit","floor":4.0},{"not_picked":["Inflame","Evolve"],"picked":"Wild Strike","floor":5.0},{"not_picked":["Anger","Havoc"],"picked":"Infernal Blade","floor":7.0},{"not_picked":["Whirlwind","Disarm"],"picked":"Rupture","floor":10.0},{"not_picked":["True Grit","Clothesline"],"picked":"Armaments","floor":11.0},{"not_picked":["Pummel","Heavy Blade"],"picked":"Sword Boomerang","floor":14.0},{"not_picked":["Barricade","Juggernaut"],"picked":"Brutality","floor":16.0},{"not_picked":["Havoc","Clothesline"],"picked":"Bloodletting","floor":18.0},{"not_picked":["Perfected Strike","Rampage"],"picked":"Disarm+1","floor":19},{"not_picked":["Body Slam+1","Clothesline+1"],"picked":"True Grit","floor":20}],"player_experience":569676,"relics_obtained":[{"floor":7.0,"key":"Pen Nib"},{"floor":9.0,"key":"Red Skull"},{"floor":10.0,"key":"Anchor"}],"event_choices":[{"damage_healed":0.0,"max_hp_gain":5.0,"max_hp_loss":0.0,"gold_gain":0.0,"event_name":"Big Fish","player_choice":"Donut","floor":6.0,"gold_loss":0.0,"damage_taken":0.0}],"is_beta":false,"boss_relics":[{"not_picked":["Fusion Hammer","Sozu"],"picked":"Black Star"}],"items_purged_floors":[],"is_endless":false,"potions_floor_spawned":[2,3,10,11,14,18,19],"killed_by":"Cultist and Chosen","ascension_level":5}}