{"host":"h0xw20cia6ppa69g","time":1609235825,"event":{"mods":["AchievementEnabler","BaseMod","Colored Map","Filter the Spire","Googly Eyes","Minty Spire (QoL Compilation)","Relic Stats","StSLib","The Awakened One except there are too many feathers","everything is the same but u backflip on backflip"],"gold_per_floor":[118,134,150,170,170,170,190,216,268,302,320,320,351,369,369,470,470,490,415,214,214,232,232,232,277,304,330,343,369,369,379,379,474,474,485,332,350,362,407,407,407],"floor_reached":40,"playtime":1885,"items_purged":[],"score":520,"play_id":"e316d057-4b1f-4e90-ad1b-6dc22ab0c0f6","local_time":"20201229035705","is_ascension_mode":true,"campfire_choices":[{"data":"Feed","floor":6.0,"key":"SMITH"},{"data":"Evolve","floor":12.0,"key":"SMITH"},{"data":"Armaments","floor":15.0,"key":"SMITH"},{"floor":23.0,"key":"RECALL"},{"floor":32.0,"key":"REST"}],"circlet_count":0,"master_deck":["Bash","Rupture","Feed+1","Hemokinesis","Rampage","Inflame","Shockwave","Reckless Charge","Power Through","Whirlwind","Disarm","Evolve+1","Inflame","Armaments+1","Sword Boomerang","Power Through","Flame Barrier","True Grit","Limit Break","Armaments+1","Feed+1","Thunderclap","Heavy Blade","Exhume","Dual Wield","Second Wind","Dual Wield+1","Entrench+1","Barricade","True Grit+1","Parasite","Shockwave+1","True Grit+1"],"relics":["Pandora\u0027s Box","WarpedTongs","Pantograph","Vajra","Mummified Hand","Lantern","Fusion Hammer","DollysMirror","Tiny Chest","Turnip","Orichalcum","Philosopher\u0027s Stone","Medical Kit","Girya"],"acts_visited":["Exordium","TheCity","TheBeyond"],"potions_floor_usage":[40],"damage_taken":[{"damage":4.0,"enemies":"Cultist","floor":1.0,"turns":3.0},{"damage":0.0,"enemies":"2 Louse","floor":2.0,"turns":3.0},{"damage":18.0,"enemies":"Jaw Worm","floor":3.0,"turns":4.0},{"damage":11.0,"enemies":"Blue Slaver","floor":4.0,"turns":3.0},{"damage":5.0,"enemies":"Large Slime","floor":7.0,"turns":6.0},{"damage":16.0,"enemies":"Lagavulin","floor":8.0,"turns":6.0},{"damage":18.0,"enemies":"Gremlin Nob","floor":10.0,"turns":5.0},{"damage":1.0,"enemies":"Lots of Slimes","floor":11.0,"turns":4.0},{"damage":10.0,"enemies":"Lagavulin","floor":13.0,"turns":6.0},{"damage":8.0,"enemies":"Exordium Wildlife","floor":14.0,"turns":4.0},{"damage":30.0,"enemies":"Slime Boss","floor":16.0,"turns":5.0},{"damage":4.0,"enemies":"Chosen","floor":18.0,"turns":4.0},{"damage":17.0,"enemies":"Spheric Guardian","floor":22.0,"turns":6.0},{"damage":4.0,"enemies":"Gremlin Leader","floor":27.0,"turns":4.0},{"damage":10.0,"enemies":"Snake Plant","floor":28.0,"turns":2.0},{"damage":22.0,"enemies":"Book of Stabbing","floor":29.0,"turns":5.0},{"damage":9.0,"enemies":"Cultist and Chosen","floor":31.0,"turns":5.0},{"damage":7.0,"enemies":"Collector","floor":33.0,"turns":7.0},{"damage":27.0,"enemies":"Orb Walker","floor":35.0,"turns":6.0},{"damage":15.0,"enemies":"3 Shapes","floor":37.0,"turns":7.0},{"damage":39.0,"enemies":"Writhing Mass","floor":38.0,"turns":12.0},{"damage":40.0,"enemies":"2 Orb Walkers","floor":39.0,"turns":4.0},{"damage":64,"enemies":"Reptomancer","floor":40,"turns":2}],"seed_played":"1247131390625353826","potions_obtained":[{"floor":2.0,"key":"Weak Potion"},{"floor":7.0,"key":"Ancient Potion"},{"floor":10.0,"key":"Regen Potion"},{"floor":13.0,"key":"AttackPotion"},{"floor":22.0,"key":"Weak Potion"},{"floor":27.0,"key":"Energy Potion"},{"floor":39.0,"key":"SpeedPotion"}],"is_trial":false,"path_per_floor":["M","M","M","M","?","R","M","E","T","E","M","R","E","M","R","B",null,"M","?","$","?","M","R","?","T","T","E","M","E","?","M","R","B",null,"M","$","M","M","?","E"],"character_chosen":"IRONCLAD","items_purchased":["DollysMirror","Thunderclap","Medical Kit"],"campfire_rested":1,"item_purchase_floors":[20,20,36],"current_hp_per_floor":[79,82,67,59,59,59,58,46,46,32,35,35,44,40,40,39,120,120,120,120,120,107,107,107,107,107,107,101,83,83,78,121,141,148,125,125,122,87,55,0,0],"gold":407,"neow_bonus":"BOSS_RELIC","is_daily":false,"chose_seed":false,"campfire_upgraded":3,"win_rate":0.0,"timestamp":1609235825,"path_taken":["M","?","M","M","?","R","M","E","T","E","?","R","E","M","R","BOSS","M","?","$","?","?","R","?","?","T","E","M","E","?","M","R","BOSS","M","?","M","M","?","E"],"items_purchased_type":["Relic","Card","Relic"],"build_version":"2020-12-22","purchased_purges":0,"victory":false,"max_hp_per_floor":[83,86,89,92,92,92,96,100,100,104,108,108,112,116,116,120,120,124,124,124,124,128,128,128,128,128,132,136,140,140,144,144,148,148,152,152,164,168,176,176,176],"relic_stats":{"counters":[23,113],"Mummified Hand":[65],"Pantograph":48,"Pandora\u0027s Box":["Rupture","Feed","Fire Breathing","Combust","Hemokinesis","Rampage","Inflame","Shockwave","Reckless Charge"],"Tiny Chest":0,"Turnip":[3],"Orichalcum":[36],"Medical Kit":[19],"obtain_stats":[{"Girya":39,"Lantern":13,"Vajra":9,"Orichalcum":29,"Medical Kit":36,"Burning Blood":0,"WarpedTongs":5,"Mummified Hand":10,"DollysMirror":20,"Pantograph":8,"Pandora\u0027s Box":0,"Tiny Chest":26,"Philosopher\u0027s Stone":34,"Fusion Hammer":17,"Turnip":27},{"Girya":22,"Lantern":9,"Vajra":6,"Orichalcum":16,"Medical Kit":19,"Burning Blood":0,"WarpedTongs":4,"Mummified Hand":7,"DollysMirror":12,"Pantograph":6,"Pandora\u0027s Box":0,"Tiny Chest":13,"Philosopher\u0027s Stone":18,"Fusion Hammer":11,"Turnip":14},{"Girya":111,"Lantern":40,"Vajra":25,"Orichalcum":70,"Medical Kit":88,"Burning Blood":0,"WarpedTongs":13,"Mummified Hand":30,"DollysMirror":53,"Pantograph":25,"Pandora\u0027s Box":0,"Tiny Chest":59,"Philosopher\u0027s Stone":82,"Fusion Hammer":49,"Turnip":63}],"WarpedTongs":[99]},"card_choices":[{"not_picked":["Perfected Strike","Reckless Charge"],"picked":"Power Through","floor":1.0},{"not_picked":["Bloodletting","Clash"],"picked":"Whirlwind","floor":2.0},{"not_picked":["Twin Strike","Body Slam"],"picked":"Disarm","floor":3.0},{"not_picked":["Hemokinesis","Pommel Strike"],"picked":"Evolve","floor":4.0},{"not_picked":["Warcry","Hemokinesis"],"picked":"Inflame","floor":7.0},{"not_picked":["Headbutt","Inflame"],"picked":"Armaments","floor":8.0},{"not_picked":["Infernal Blade","Spot Weakness"],"picked":"Sword Boomerang","floor":10.0},{"not_picked":["Armaments","Anger"],"picked":"Power Through","floor":11.0},{"not_picked":["Fire Breathing","Havoc"],"picked":"Flame Barrier","floor":13.0},{"not_picked":["Shrug It Off","Warcry"],"picked":"True Grit","floor":14.0},{"not_picked":["Impervious","Demon Form"],"picked":"Limit Break","floor":16.0},{"not_picked":["Whirlwind+1","Wild Strike"],"picked":"Armaments+1","floor":18.0},{"not_picked":["Battle Trance","Sever Soul"],"picked":"Dual Wield","floor":22.0},{"not_picked":["Reckless Charge+1","Bludgeon"],"picked":"Dual Wield+1","floor":27.0},{"not_picked":["Heavy Blade","Twin Strike+1","Fire Breathing"],"picked":"SKIP","floor":28.0},{"not_picked":["Dark Embrace","Headbutt","Havoc+1"],"picked":"SKIP","floor":29.0},{"not_picked":["Wild Strike","Hemokinesis"],"picked":"Entrench+1","floor":31.0},{"not_picked":["Corruption","Exhume"],"picked":"Barricade","floor":33.0},{"not_picked":["Fire Breathing+1","Armaments+1"],"picked":"True Grit+1","floor":35.0},{"not_picked":["Flex","Anger","Combust+1"],"picked":"SKIP","floor":37.0},{"not_picked":["Clothesline","Headbutt"],"picked":"Shockwave+1","floor":38.0},{"not_picked":["Warcry+1","Rampage+1"],"picked":"True Grit+1","floor":39.0}],"player_experience":3564149,"relics_obtained":[{"floor":8.0,"key":"Pantograph"},{"floor":9.0,"key":"Vajra"},{"floor":10.0,"key":"Mummified Hand"},{"floor":13.0,"key":"Lantern"},{"floor":26.0,"key":"Tiny Chest"},{"floor":27.0,"key":"Turnip"},{"floor":29.0,"key":"Orichalcum"},{"floor":39.0,"key":"Girya"}],"event_choices":[{"damage_healed":0.0,"max_hp_gain":0.0,"max_hp_loss":0.0,"gold_gain":0.0,"event_name":"Accursed Blacksmith","player_choice":"Rummage","floor":5.0,"gold_loss":0.0,"damage_taken":0.0,"relics_obtained":["WarpedTongs"],"cards_obtained":["Pain"]},{"cards_removed":["Pain"],"damage_healed":0.0,"max_hp_gain":0.0,"max_hp_loss":0.0,"gold_gain":0.0,"event_name":"Beggar","player_choice":"Gave Gold","floor":19.0,"gold_loss":75.0,"damage_taken":0.0},{"damage_healed":0.0,"max_hp_gain":0.0,"max_hp_loss":0.0,"gold_gain":0.0,"cards_transformed":["Fire Breathing","Combust"],"event_name":"Drug Dealer","player_choice":"Became Test Subject","floor":21.0,"gold_loss":0.0,"damage_taken":0.0,"cards_obtained":["Heavy Blade","Exhume"]},{"damage_healed":0.0,"max_hp_gain":0.0,"max_hp_loss":0.0,"gold_gain":0.0,"event_name":"The Library","player_choice":"Read","floor":24.0,"gold_loss":0.0,"damage_taken":0.0,"cards_obtained":["Second Wind"]},{"damage_healed":0.0,"max_hp_gain":0.0,"max_hp_loss":0.0,"gold_gain":0.0,"event_name":"Lab","player_choice":"Got Potions","floor":30.0,"gold_loss":0.0,"damage_taken":0.0},{"damage_healed":0.0,"max_hp_gain":0.0,"max_hp_loss":0.0,"gold_gain":0.0,"event_name":"Mysterious Sphere","player_choice":"Fight","floor":39.0,"gold_loss":0.0,"damage_taken":0.0}],"is_beta":false,"boss_relics":[{"not_picked":["Calling Bell","SacredBark"],"picked":"Fusion Hammer"},{"not_picked":["Runic Dome","Runic Cube"],"picked":"Philosopher\u0027s Stone"}],"items_purged_floors":[],"is_endless":false,"potions_floor_spawned":[2,7,10,13,22,27,33,39],"killed_by":"Reptomancer","ascension_level":1}}