{"host":"n7mxhpjy89lltbhc","time":1609257396,"event":{"mods":["2.2 Compatiblity","Act Like it!","Bard","BaseMod","Better Match","Better Sensory Stone","Better Synergies","Better Third Choice","Better Vampires","BetterRewards","Challenge The Spire","Colored Map","Colored Powertips","Downfall","Gensokyo","Hubris","Infinite Spire","Jedi Mod","Marisa????????","Marked Mod","Minty Spire (QoL Compilation)","Permanent Neow","Rare Cards Sparkle","Relic Sorter","Relic Stats","Replay The Spire","Shop Mod","Small Relic Pack","Spicy Shops","StSLib","Strawberry Spire","The Blue Laboratory","The Disciple","The Servant 0.9.4","Uncapped","Waifu the Spire","Wandering Minibosses","vexMod"],"gold_per_floor":[18,18,0,0,0,0,0,17,17,30,64,82,98,131,131,205,205,224,242,242,67,79,109,109,109,109],"floor_reached":25,"playtime":787,"items_purged":["Strike_S","Strike_S"],"score":443,"play_id":"98ac9572-a409-4d7b-b85f-312b6f49616c","local_time":"25631229225636","is_ascension_mode":true,"campfire_choices":[{"floor":7,"key":"REST"},{"floor":15,"key":"REST"}],"circlet_count":0,"master_deck":["AscendersBane","Defend_S","Defend_S","Defend_S","Defend_S","Exchange","FlawlessForm","Unruled","Desolation","Unruled","Deadline","Spin","FastForward","SilverMatrix","Unruled","Unruled","Reset+1","Ricochet+1","MoonPhase","Unruled"],"relics":["Uniform","Gensokyo:Justice","Happy Flower","relicPack:DSword","infinitespire:Bottled Soul","Potion Belt","vexMod:CardConverter","Velvet Choker"],"acts_visited":["Gensokyo:Gensokyo","Gensokyo:Gensokyoer"],"potions_floor_usage":[16,25,25,25],"damage_taken":[{"damage":2,"enemies":"Gensokyo:Gryphon","floor":1,"turns":5},{"damage":6,"enemies":"Gensokyo:3_Fairies","floor":8,"turns":3},{"damage":0,"enemies":"Gensokyo:Python","floor":10,"turns":4},{"damage":7,"enemies":"Gensokyo:Aya","floor":11,"turns":6},{"damage":7,"enemies":"Gensokyo:3_Kodama","floor":12,"turns":3},{"damage":9,"enemies":"Gensokyo:Gryphon_and_Rabbit","floor":13,"turns":5},{"damage":0,"enemies":"Gensokyo:Cirno","floor":14,"turns":4},{"damage":24,"enemies":"Gensokyo:Yukari","floor":16,"turns":9},{"damage":13,"enemies":"Gensokyo:CosmicMonolith","floor":18,"turns":7},{"damage":0,"enemies":"Gensokyo:2_Gloops","floor":19,"turns":4},{"damage":13,"enemies":"Gensokyo:Monolith_and_Dog","floor":22,"turns":4},{"damage":17,"enemies":"Gensokyo:Reisen","floor":23,"turns":5},{"damage":18,"enemies":"Gensokyo:Tenshi","floor":25,"turns":3}],"seed_played":"9166572604179595008","potions_obtained":[{"floor":1,"key":"blueLaboratory:BottleOfVodka"},{"floor":8,"key":"champ:CounterPotion"},{"floor":13,"key":"blueLaboratory:PhilterOfMotion"},{"floor":16,"key":"champ:CounterPotion"},{"floor":18,"key":"Fire Potion"}],"is_trial":false,"path_per_floor":["M","?","?","?","?","$","R","M","T","M","E","M","M","E","R","B",null,"M","M","?","$","M","E","?","E"],"character_chosen":"THE_SERVANT","items_purchased":[],"campfire_rested":2,"item_purchase_floors":[],"current_hp_per_floor":[52,52,52,52,17,17,35,29,29,29,22,15,6,8,26,4,49,38,40,44,44,33,18,18,0,0],"gold":109,"neow_bonus":"THREE_RARE_CARDS","is_daily":false,"chose_seed":false,"campfire_upgraded":0,"win_rate":0.0,"timestamp":1609257396,"path_taken":["M","?","?","?","?","?","R","M","T","?","E","M","M","E","R","BOSS","M","M","?","$","M","E","?","E"],"items_purchased_type":[],"build_version":"2020-12-22","purchased_purges":2,"victory":false,"max_hp_per_floor":[60,60,60,60,60,60,60,60,60,60,60,60,60,62,62,64,64,66,68,72,72,74,76,76,76,76],"relic_stats":{"Happy Flower":[19],"counters":[13,62],"obtain_stats":[{"Potion Belt":11,"relicPack:DSword":5,"KneeBrace":23,"Happy Flower":4,"vexMod:CardConverter":14,"infinitespire:Bottled Soul":9,"Velvet Choker":17,"Uniform":0,"Gensokyo:Justice":2},{"Potion Belt":4,"relicPack:DSword":1,"KneeBrace":12,"Happy Flower":1,"vexMod:CardConverter":7,"infinitespire:Bottled Soul":2,"Velvet Choker":8,"Uniform":0,"Gensokyo:Justice":1},{"Potion Belt":18,"relicPack:DSword":5,"KneeBrace":59,"Happy Flower":5,"vexMod:CardConverter":30,"infinitespire:Bottled Soul":8,"Velvet Choker":39,"Uniform":0,"Gensokyo:Justice":5}]},"card_choices":[{"not_picked":["TrueSight","SoulSculpture"],"picked":"FlawlessForm","floor":0},{"not_picked":["Orbit","Shuttle"],"picked":"ShiftingGears","floor":1},{"not_picked":["TimeWarp","Rearm"],"picked":"Unruled","floor":8},{"not_picked":["SilverBlades","DualDimension"],"picked":"Desolation","floor":10},{"not_picked":["Starlight","Moondial"],"picked":"Unruled","floor":11},{"not_picked":["TimeTheft","BottledTime"],"picked":"Deadline","floor":12},{"not_picked":["Dilation","Misdirection"],"picked":"Spin","floor":13},{"not_picked":["Starlight","Replace"],"picked":"FastForward","floor":14},{"not_picked":["KillingDoll","PendulumOfEternity"],"picked":"SilverMatrix","floor":16},{"not_picked":["Starlight","Defy"],"picked":"Unruled","floor":18},{"not_picked":["Ricochet","Potential"],"picked":"Unruled","floor":19},{"not_picked":["GearUp+1","Misdirection+1"],"picked":"Reset+1","floor":20},{"not_picked":["FastForward+1","Rewind+1"],"picked":"Ricochet+1","floor":20},{"not_picked":["TimeWarp","GearUp+1"],"picked":"MoonPhase","floor":22},{"not_picked":["Hightail","SilverBlades"],"picked":"Unruled","floor":23}],"player_experience":1020598,"relics_obtained":[{"floor":9,"key":"infinitespire:Bottled Soul"},{"floor":11,"key":"Potion Belt"},{"floor":14,"key":"vexMod:CardConverter"},{"floor":23,"key":"KneeBrace"}],"event_choices":[{"damage_healed":0,"gold_gain":0,"player_choice":"2","damage_taken":0,"max_hp_gain":0,"max_hp_loss":0,"event_name":"betterMatch:BetterMatch","floor":20,"gold_loss":0,"cards_obtained":["betterMatch:CommonCard","betterMatch:UncommonCard"]}],"is_beta":false,"boss_relics":[{"not_picked":["infinitespire:Cupcake","vexMod:EndlessSickness"],"picked":"Velvet Choker"}],"items_purged_floors":[21,21],"is_endless":false,"potions_floor_spawned":[1,8,13,16,18,19],"killed_by":"Gensokyo:Tenshi","ascension_level":15}}