{"host":"appz8zkad29u9482","time":1609277732,"event":{"mods":["2.2 Compatiblity","Act Like it!","Aspiration","BaseMod","Better Altar","Better Match","Better Note","Better Skull","Better Third Choice","BetterRewards","CapriCore","Chen","Conspire","Disable Question Mark Monsters","Energized Spire","Gensokyo","GifTheSpireLib","Gold Saver","Halation","Hermit","Hubris","Infinite Spire","Jedi Mod","Marisa????????","Minty Spire (QoL Compilation)","Permanent Neow","Reimu??????","Replay The Spire","Spicy Shops","StSLib","Strawberry Spire","Stuff the Spire","The Immortal","The Servant 0.9.4","Yakumo Yukari mod","yUi"],"gold_per_floor":[113,113,38,61,80,80,80,211,234,234,250,250,250,250,250],"floor_reached":13,"playtime":633,"items_purged":["Parasite"],"score":87,"play_id":"93fac2e5-c364-45e2-91be-1eb2301f4186","local_time":"20201229113532","is_ascension_mode":true,"campfire_choices":[{"data":"MokouMod:SpontaneousHumanCombustion","floor":6,"key":"SMITH"},{"data":"MokouMod:ResonatingAura","floor":10,"key":"SMITH"}],"circlet_count":0,"master_deck":["MokouMod:Strike","MokouMod:Strike","MokouMod:Strike","MokouMod:Strike","MokouMod:Strike","MokouMod:Defend+1","MokouMod:Defend","MokouMod:HeatSpark+1","MokouMod:IllusoryBattlefield","MokouMod:SpontaneousHumanCombustion+1","MokouMod:Scorch+1","MokouMod:RoaringFlare","MokouMod:Meltdown+1","Regret","MokouMod:ResonatingAura+1","MokouMod:BlazingComet"],"relics":["MokouMod:PhoenixFeather","Golden Idol","MealTicket","strawberrySpire:StillNotAdequateHouse","Blood Vial"],"acts_visited":["Exordium"],"potions_floor_usage":[8,11,13],"damage_taken":[{"damage":0,"enemies":"2 Louse","floor":1,"turns":2},{"damage":3,"enemies":"Jaw Worm","floor":4,"turns":3},{"damage":5,"enemies":"Small Slimes","floor":5,"turns":3},{"damage":43,"enemies":"3 Sentries","floor":8,"turns":8},{"damage":40,"enemies":"Gremlin Gang","floor":11,"turns":5},{"damage":56,"enemies":"Lagavulin","floor":13,"turns":6}],"seed_played":"-1493028297614405265","potions_obtained":[{"floor":1,"key":"Fire Potion"},{"floor":4,"key":"Adrenaline Potion"},{"floor":11,"key":"Cursed Concoction"}],"is_trial":false,"path_per_floor":["M","?","$","M","M","R","?","E","T","R","M","?","E"],"character_chosen":"MKU","items_purchased":[],"campfire_rested":0,"item_purchase_floors":[],"current_hp_per_floor":[75,57,57,54,49,49,49,12,12,12,16,16,0,0,0],"gold":250,"neow_bonus":"TRANSFORM_TWO_CARDS","is_daily":false,"chose_seed":false,"campfire_upgraded":2,"win_rate":0.0,"timestamp":1609277732,"path_taken":["M","?","?","?","M","R","?","E","T","R","M","?","E"],"items_purchased_type":[],"build_version":"2020-12-22","purchased_purges":1,"victory":false,"max_hp_per_floor":[75,75,72,72,72,72,72,78,78,78,78,78,78,78,78],"card_choices":[{"not_picked":["MokouMod:HeatCyclone","MokouMod:Wildfire"],"picked":"MokouMod:Scorch","floor":1},{"not_picked":["MokouMod:IgneousBlow","MokouMod:BurningDraft"],"picked":"MokouMod:RoaringFlare","floor":4},{"not_picked":["MokouMod:UncontrollableSolarReaction","MokouMod:AdaptivePyromancy"],"picked":"MokouMod:Meltdown","floor":5},{"not_picked":["MokouMod:Ember","MokouMod:FlareStarter"],"picked":"MokouMod:ResonatingAura","floor":8},{"not_picked":["MokouMod:EternalBurstReactor","MokouMod:UncontrollableSolarReaction"],"picked":"MokouMod:BlazingComet","floor":11}],"player_experience":377023,"relics_obtained":[{"floor":8,"key":"strawberrySpire:StillNotAdequateHouse"},{"floor":9,"key":"Blood Vial"}],"event_choices":[{"damage_healed":0,"gold_gain":0,"player_choice":"Take Damage","damage_taken":18,"relics_obtained":["Golden Idol"],"max_hp_gain":0,"max_hp_loss":0,"event_name":"Golden Idol","floor":2,"gold_loss":0},{"damage_healed":0,"gold_gain":0,"player_choice":"Box","damage_taken":0,"relics_obtained":["MealTicket"],"max_hp_gain":0,"max_hp_loss":0,"event_name":"Big Fish","floor":7,"gold_loss":0,"cards_obtained":["Regret"]},{"damage_healed":0,"gold_gain":0,"player_choice":"Upgraded","damage_taken":0,"max_hp_gain":0,"max_hp_loss":0,"event_name":"Upgrade Shrine","floor":12,"gold_loss":0,"cards_upgraded":["MokouMod:Scorch"]}],"is_beta":false,"boss_relics":[],"items_purged_floors":[3],"is_endless":false,"potions_floor_spawned":[1,4,11],"killed_by":"Lagavulin","ascension_level":1}}