{"host":"bjzqjr1ycgj8gt55","time":1609278546,"event":{"mods":["BaseMod","Block Reminder","Colored Map","Colored Powertips","Downfall","GifTheSpireLib","Minty Spire (QoL Compilation)","Rare Cards Sparkle","Spicy Shops","StSLib","Waifu the Spire"],"gold_per_floor":[99,99,99,249,249,282,308,308,483,498,511,611,627,234,254,254,254,254],"floor_reached":16,"playtime":845,"items_purged":["Slimebound:Icky"],"score":123,"play_id":"263c5f82-62a7-4dcf-bcc6-21363548bd17","local_time":"20201229154906","is_ascension_mode":false,"campfire_choices":[{"data":"champ:Execute","floor":1,"key":"SMITH"},{"data":"champ:Taunt","floor":8,"key":"SMITH"}],"circlet_count":0,"master_deck":["champ:Strike","champ:Strike","champ:Strike","champ:Strike","champ:Defend","champ:Defend","champ:Defend","champ:Defend","champ:Execute+1","champ:Taunt+1","champ:FanOfKnives","champ:FlashCut","champ:Backstep","Doubt","champ:IgnorePain","champ:SkillfulDodge","champ:BerserkerStyle","champ:FanOfKnives","champ:DefensiveStyle","champ:FocusedGladiator","champ:PreciseThrust","champ:IgnorePain","champ:AdrenalArmor"],"relics":["champ:ChampionCrown","downfall:HeartsMalice","champ:LiftRelic","PreservedInsect","Strawberry","CloakClasp","DollysMirror"],"acts_visited":["Exordium"],"potions_floor_usage":[15,16,16],"damage_taken":[{"damage":0,"enemies":"2 Louse","floor":2,"turns":1},{"damage":0,"enemies":"Small Slimes","floor":3,"turns":1},{"damage":0,"enemies":"3 Sentries","floor":6,"turns":1},{"damage":15,"enemies":"Jaw Worm","floor":10,"turns":3},{"damage":12,"enemies":"Blue Slaver","floor":11,"turns":5},{"damage":39,"enemies":"Blue Slaver","floor":12,"turns":6},{"damage":12,"enemies":"Exordium Thugs","floor":13,"turns":6},{"damage":13,"enemies":"downfall:FleeingMerchant","floor":14,"turns":4},{"damage":22,"enemies":"Large Slime","floor":15,"turns":8},{"damage":24,"enemies":"downfall:Silent","floor":16,"turns":6}],"seed_played":"8173850833226259448","potions_obtained":[{"floor":6,"key":"FearPotion"},{"floor":11,"key":"Explosive Potion"},{"floor":12,"key":"champ:CounterPotion"}],"is_trial":false,"path_per_floor":["R","M","M","?","?","E","T","R","?","M","M","?","M","$","M","B"],"character_chosen":"THE_CHAMP","items_purchased":["champ:FocusedGladiator","champ:PreciseThrust","DollysMirror"],"campfire_rested":0,"item_purchase_floors":[14,14,14],"current_hp_per_floor":[90,90,90,90,90,90,97,97,97,87,78,44,39,36,23,0,0,0],"gold":254,"neow_bonus":"THREE_ENEMY_KILL","is_daily":false,"chose_seed":false,"campfire_upgraded":2,"win_rate":0.0,"timestamp":1609278546,"path_taken":["R","M","M","?","?","E","T","R","?","M","M","?","M","$","M","BOSS"],"items_purchased_type":["Card","Card","Relic"],"build_version":"2020-12-22","purchased_purges":1,"victory":false,"max_hp_per_floor":[90,90,90,90,90,90,97,97,97,97,97,97,97,97,97,97,97,97],"card_choices":[{"not_picked":["champ:HeartStrike","champ:RapidStrikes"],"picked":"champ:FanOfKnives","floor":2},{"not_picked":["champ:FaceSlap","champ:CrookedStrike"],"picked":"champ:FlashCut","floor":3},{"not_picked":["champ:RisingSlash","champ:BerserkersShout"],"picked":"champ:Backstep","floor":6},{"not_picked":["champ:ShieldWall","champ:Haymaker"],"picked":"champ:IgnorePain","floor":10},{"not_picked":["champ:RapidStrikes","champ:StanceDance"],"picked":"champ:SkillfulDodge","floor":11},{"not_picked":["champ:FightOn","champ:Haymaker"],"picked":"champ:BerserkerStyle","floor":12},{"not_picked":["champ:BladeFlurry","champ:HeartStrike"],"picked":"champ:FanOfKnives","floor":13},{"not_picked":["champ:PerfectedStrike","champ:FocusedDefense"],"picked":"champ:DefensiveStyle","floor":14},{"not_picked":["champ:DefensiveShout","champ:DefensiveStyle"],"picked":"champ:AdrenalArmor","floor":15}],"player_experience":116246,"relics_obtained":[{"floor":6,"key":"PreservedInsect"},{"floor":7,"key":"Strawberry"},{"floor":12,"key":"CloakClasp"}],"event_choices":[],"is_beta":false,"boss_relics":[],"items_purged_floors":[14],"is_endless":false,"potions_floor_spawned":[6,11,12],"killed_by":"downfall:Silent","ascension_level":0}}