{"host":"2461dio7vetlq1z3","time":1609241989,"event":{"mods":["2.2 Compatiblity","AchievementEnabler","Aspiration","BaseMod","Better Third Choice","Downfall","Friendly Minions","Hermit","Marisa????????","Minty Spire (QoL Compilation)","Relic Stats","Spicy Shops","StSLib","Waifu the Spire"],"gold_per_floor":[16,27,27,39,39,39,74,93,117,151,165,184,184,203,203,277,277,296,15,25,25,25,25,25,25,25],"floor_reached":25,"playtime":739,"items_purged":[],"score":426,"play_id":"ca2b5358-24e5-4b16-b116-768b591aaf23","local_time":"20201229123949","is_ascension_mode":true,"campfire_choices":[{"data":"Bash","floor":6,"key":"SMITH"},{"floor":13,"key":"REST"},{"data":"Sever Soul","floor":15,"key":"SMITH"},{"floor":23,"key":"REST"}],"circlet_count":0,"master_deck":["AscendersBane","Strike_R","Strike_R","Strike_R","Strike_R","Defend_R","Defend_R","Defend_R","Defend_R","Bash+1","Pummel","Iron Wave","Infernal Blade","Shrug It Off","Limit Break","Cleave","Sever Soul+1","Anger","Demon Form","Metallicize","Apotheosis","Inflame","Necronomicurse"],"relics":["Burning Blood","aspiration:HatOfInfinitePower","Self Forming Clay","Bag of Marbles","Mercury Hourglass","Velvet Choker","Necronomicon"],"acts_visited":["Exordium","TheCity"],"potions_floor_usage":[10,16,16,25],"damage_taken":[{"damage":2,"enemies":"2 Louse","floor":1,"turns":3},{"damage":1,"enemies":"Cultist","floor":2,"turns":3},{"damage":2,"enemies":"Jaw Worm","floor":4,"turns":3},{"damage":41,"enemies":"Gremlin Nob","floor":7,"turns":4},{"damage":3,"enemies":"2 Fungi Beasts","floor":8,"turns":4},{"damage":21,"enemies":"3 Sentries","floor":10,"turns":9},{"damage":8,"enemies":"Large Slime","floor":11,"turns":3},{"damage":16,"enemies":"Exordium Wildlife","floor":12,"turns":4},{"damage":4,"enemies":"Red Slaver","floor":14,"turns":2},{"damage":14,"enemies":"Hexaghost","floor":16,"turns":6},{"damage":20,"enemies":"Chosen","floor":18,"turns":5},{"damage":11,"enemies":"Shell Parasite","floor":20,"turns":4},{"damage":27,"enemies":"Gremlin Leader","floor":25,"turns":4}],"seed_played":"-2497469266425553448","potions_obtained":[{"floor":2,"key":"FearPotion"},{"floor":8,"key":"ElixirPotion"},{"floor":10,"key":"SkillPotion"},{"floor":12,"key":"EssenceOfSteel"},{"floor":14,"key":"Strength Potion"},{"floor":18,"key":"ColorlessPotion"}],"is_trial":false,"path_per_floor":["M","M","?","M","$","R","E","M","T","E","M","M","R","M","R","B",null,"M","$","M","?","?","R","?","E"],"character_chosen":"IRONCLAD","items_purchased":["Apotheosis"],"campfire_rested":2,"item_purchase_floors":[19],"current_hp_per_floor":[72,75,75,75,75,75,40,43,43,28,26,16,38,40,40,32,64,50,50,45,24,24,48,27,0,0],"gold":25,"neow_bonus":"ONE_RARE_RELIC","is_daily":false,"chose_seed":false,"campfire_upgraded":2,"win_rate":0.0,"timestamp":1609241989,"path_taken":["M","M","?","?","?","R","E","M","T","E","M","M","R","M","R","BOSS","M","$","M","?","?","R","?","E"],"items_purchased_type":["Card"],"build_version":"2020-12-22","purchased_purges":0,"victory":false,"max_hp_per_floor":[75,75,75,75,75,75,75,75,75,75,75,75,75,75,75,75,75,75,75,75,80,80,80,80,80,80],"relic_stats":{"counters":[13,53],"Self Forming Clay":[66],"Necronomicon":[2],"obtain_stats":[{"Self Forming Clay":7,"Velvet Choker":17,"Bag of Marbles":9,"Necronomicon":24,"aspiration:HatOfInfinitePower":0,"Burning Blood":0,"Mercury Hourglass":10},{"Self Forming Clay":4,"Velvet Choker":10,"Bag of Marbles":5,"Necronomicon":12,"aspiration:HatOfInfinitePower":0,"Burning Blood":0,"Mercury Hourglass":6},{"Self Forming Clay":13,"Velvet Choker":41,"Bag of Marbles":17,"Necronomicon":49,"aspiration:HatOfInfinitePower":0,"Burning Blood":0,"Mercury Hourglass":26}],"Burning Blood":66,"Mercury Hourglass":[90]},"card_choices":[{"not_picked":["Armaments","Evolve"],"picked":"Pummel","floor":1},{"not_picked":["Thunderclap","Havoc"],"picked":"Iron Wave","floor":2},{"not_picked":["Iron Wave","Wild Strike"],"picked":"Shrug It Off","floor":4},{"not_picked":["Bloodletting","Rampage"],"picked":"Limit Break","floor":7},{"not_picked":["Warcry","Sword Boomerang"],"picked":"Cleave","floor":8},{"not_picked":["Cleave","Body Slam","Warcry"],"picked":"SKIP","floor":10},{"not_picked":["Thunderclap","Cleave"],"picked":"Sever Soul","floor":11},{"not_picked":["Pommel Strike","Thunderclap"],"picked":"Anger","floor":12},{"not_picked":["Reckless Charge","Warcry","Body Slam"],"picked":"SKIP","floor":14},{"not_picked":["Impervious","Double Tap"],"picked":"Demon Form","floor":16},{"not_picked":["Sword Boomerang","Pommel Strike"],"picked":"Metallicize","floor":18},{"not_picked":["Perfected Strike","Clash"],"picked":"Inflame","floor":20}],"player_experience":1206518,"relics_obtained":[{"floor":7,"key":"Self Forming Clay"},{"floor":9,"key":"Bag of Marbles"},{"floor":10,"key":"Mercury Hourglass"},{"floor":24,"key":"Necronomicon"}],"event_choices":[{"damage_healed":0,"gold_gain":0,"cards_transformed":["Strike_R"],"player_choice":"Transformed","damage_taken":0,"max_hp_gain":0,"max_hp_loss":0,"event_name":"Transmorgrifier","floor":3,"gold_loss":0,"cards_obtained":["Infernal Blade"]},{"damage_healed":0,"gold_gain":0,"player_choice":"Shed Blood","damage_taken":26,"max_hp_gain":5,"max_hp_loss":0,"event_name":"Forgotten Altar","floor":21,"gold_loss":0},{"damage_healed":0,"gold_gain":0,"player_choice":"Obtained Book","damage_taken":21,"max_hp_gain":0,"max_hp_loss":0,"event_name":"Cursed Tome","floor":24,"gold_loss":0}],"is_beta":false,"boss_relics":[{"not_picked":["Runic Cube","SlaversCollar"],"picked":"Velvet Choker"}],"items_purged_floors":[],"is_endless":false,"potions_floor_spawned":[2,8,10,12,14,18],"killed_by":"Gremlin Leader","ascension_level":20}}