{"host":"wh4j7ne8ji3b7qqv","time":1609250151,"event":{"mods":["AchievementEnabler","BaseMod","Colored Map","Downfall","Minty Spire (QoL Compilation)","StSLib"],"gold_per_floor":[114,131,406,68,78,109,128,128,128],"floor_reached":8,"playtime":560,"items_purged":["Strike_P"],"score":58,"play_id":"bd22f4e2-6ec4-4947-a18e-e5b7159f81f5","local_time":"20201229145551","is_ascension_mode":false,"campfire_choices":[],"circlet_count":0,"master_deck":["Strike_P","Strike_P","Strike_P","Defend_P","Defend_P","Defend_P","Defend_P","Eruption","Vigilance","JustLucky","Weave","Regret","Nirvana","Worship","Prostrate","Brilliance","CrushJoints"],"relics":["PureWater","Du-Vu Doll","TheAbacus","Toxic Egg 2"],"acts_visited":["Exordium"],"potions_floor_usage":[],"damage_taken":[{"damage":0,"enemies":"Small Slimes","floor":1,"turns":3},{"damage":0,"enemies":"Cultist","floor":2,"turns":3},{"damage":1,"enemies":"Jaw Worm","floor":5,"turns":4},{"damage":45,"enemies":"Lagavulin","floor":6,"turns":13},{"damage":4,"enemies":"3 Louse","floor":7,"turns":3},{"damage":70,"enemies":"Gremlin Nob","floor":8,"turns":3}],"seed_played":"1838710461035675958","potions_obtained":[{"floor":6,"key":"Explosive Potion"},{"floor":7,"key":"FairyPotion"}],"is_trial":false,"path_per_floor":["M","M","?","$","M","E","M","E"],"character_chosen":"WATCHER","items_purchased":["Nirvana","TheAbacus","Worship"],"campfire_rested":0,"item_purchase_floors":[4,4,4],"current_hp_per_floor":[65,65,65,65,64,19,15,0,0],"gold":128,"neow_bonus":"ONE_RARE_RELIC","is_daily":false,"chose_seed":false,"campfire_upgraded":0,"win_rate":0.0,"timestamp":1609250151,"path_taken":["M","M","?","$","M","E","?","E"],"items_purchased_type":["Card","Relic","Card"],"build_version":"2020-12-22","purchased_purges":1,"victory":false,"max_hp_per_floor":[65,65,65,65,65,65,65,65,65],"card_choices":[{"not_picked":["Fasting2","EmptyMind"],"picked":"JustLucky","floor":1},{"not_picked":["EmptyBody","Study"],"picked":"Weave","floor":2},{"not_picked":["ThirdEye","JustLucky"],"picked":"Prostrate","floor":5},{"not_picked":["MasterReality","PathToVictory+1"],"picked":"Brilliance","floor":6},{"not_picked":["FlyingSleeves","Protect+1"],"picked":"CrushJoints","floor":7}],"player_experience":38808,"relics_obtained":[{"floor":6,"key":"Toxic Egg 2"}],"event_choices":[{"damage_healed":0,"gold_gain":275,"player_choice":"Desecrate","damage_taken":0,"max_hp_gain":0,"max_hp_loss":0,"event_name":"Golden Shrine","floor":3,"gold_loss":0,"cards_obtained":["Regret"]}],"is_beta":false,"boss_relics":[],"items_purged_floors":[4],"is_endless":false,"potions_floor_spawned":[6,7],"killed_by":"Gremlin Nob","ascension_level":0}}