{"host":"6za4ayowsop7ft3x","time":1609254617,"event":{"mods":["AchievementEnabler","BaseMod","Bestiary","Colored Map","Colored Powertips","Curses Come First","Downfall","Highlight Path","Minty Spire (QoL Compilation)","Quick Restart","StSLib"],"gold_per_floor":[99,99,99,99,99,7,85,113,113,124,149,1,27,47,57,57,57],"floor_reached":16,"playtime":623,"items_purged":[],"score":122,"play_id":"c13a9f5a-0f84-4c82-8310-ae691a29ac39","local_time":"20201229231017","is_ascension_mode":true,"campfire_choices":[{"floor":1,"key":"RECALL"},{"data":"Noxious Fumes","floor":9,"key":"SMITH"}],"circlet_count":0,"master_deck":["Strike_G","Strike_G","Strike_G","Strike_G","Strike_G","Defend_G","Defend_G","Defend_G","Defend_G","Defend_G","Survivor","Neutralize","Bouncing Flask","Footwork","Noxious Fumes+1","Crippling Poison","Poisoned Stab","Slice","Deflect","Deflect","Well Laid Plans","Poisoned Stab","Bullet Time","Bouncing Flask","Poisoned Stab"],"relics":["Ring of the Snake","downfall:HeartsMalice","Bottled Flame","Lizard Tail","Lantern","Letter Opener"],"acts_visited":["Exordium"],"potions_floor_usage":[16,16,16],"damage_taken":[{"damage":0,"enemies":"Cultist","floor":2,"turns":1},{"damage":0,"enemies":"Small Slimes","floor":4,"turns":1},{"damage":0,"enemies":"downfall:FleeingMerchant","floor":6,"turns":1},{"damage":7,"enemies":"Gremlin Nob","floor":8,"turns":4},{"damage":3,"enemies":"2 Louse","floor":10,"turns":4},{"damage":21,"enemies":"Lagavulin","floor":11,"turns":5},{"damage":5,"enemies":"downfall:FleeingMerchant","floor":12,"turns":4},{"damage":16,"enemies":"Gremlin Nob","floor":13,"turns":4},{"damage":8,"enemies":"Exordium Thugs","floor":14,"turns":4},{"damage":8,"enemies":"Red Slaver","floor":15,"turns":3},{"damage":46,"enemies":"downfall:Defect","floor":16,"turns":5}],"seed_played":"7648435773297811556","potions_obtained":[{"floor":10,"key":"BlessingOfTheForge"},{"floor":13,"key":"SkillPotion"},{"floor":14,"key":"ColorlessPotion"},{"floor":15,"key":"ColorlessPotion"}],"is_trial":false,"path_per_floor":["R","M","?","M","?","$","T","E","R","M","E","$","E","M","M","B"],"character_chosen":"THE_SILENT","items_purchased":["Crippling Poison","Poisoned Stab","Well Laid Plans","Poisoned Stab"],"campfire_rested":0,"item_purchase_floors":[6,6,12,12],"current_hp_per_floor":[70,70,70,70,75,75,75,68,68,65,44,39,23,15,7,0,0],"gold":57,"neow_bonus":"THREE_ENEMY_KILL","is_daily":false,"chose_seed":false,"campfire_upgraded":1,"win_rate":0.0,"timestamp":1609254617,"path_taken":["R","M","?","M","?","$","T","E","R","M","E","$","E","M","M","BOSS"],"items_purchased_type":["Card","Card","Card","Card"],"build_version":"2020-12-22","purchased_purges":0,"victory":false,"max_hp_per_floor":[70,70,70,70,75,75,75,75,75,75,75,75,75,75,75,75,75],"card_choices":[{"not_picked":["Bane","Backstab"],"picked":"Bouncing Flask","floor":2},{"not_picked":["Catalyst","Quick Slash"],"picked":"Footwork","floor":4},{"not_picked":["Bane","Distraction"],"picked":"Noxious Fumes","floor":6},{"not_picked":["Heel Hook","Riddle With Holes","Caltrops"],"picked":"SKIP","floor":8},{"not_picked":["Blur","All Out Attack"],"picked":"Slice","floor":10},{"not_picked":["Deadly Poison","Dagger Throw"],"picked":"Deflect","floor":11},{"not_picked":["Predator","Heel Hook"],"picked":"Deflect","floor":12},{"not_picked":["Well Laid Plans","Slice"],"picked":"Bullet Time","floor":13},{"not_picked":["Bane","Backstab"],"picked":"Bouncing Flask","floor":14},{"not_picked":["Deadly Poison","Backstab"],"picked":"Poisoned Stab","floor":15}],"player_experience":26120,"relics_obtained":[{"floor":7,"key":"Bottled Flame"},{"floor":8,"key":"Lizard Tail"},{"floor":11,"key":"Lantern"},{"floor":13,"key":"Letter Opener"}],"event_choices":[{"damage_healed":0,"gold_gain":0,"player_choice":"Donut","damage_taken":0,"max_hp_gain":5,"max_hp_loss":0,"event_name":"Big Fish","floor":5,"gold_loss":0}],"is_beta":false,"boss_relics":[],"items_purged_floors":[],"is_endless":false,"potions_floor_spawned":[10,13,14,15],"killed_by":"downfall:Defect","ascension_level":1}}