{"host":"bq4pt811tk9yrmjl","time":1609254169,"event":{"mods":["AchievementEnabler","BaseMod","Colored Map","Colored Powertips","Defuse TimeMaze Blight","Hermit","Minty Spire (QoL Compilation)","StSLib","SuperFastMode"],"gold_per_floor":[114,36,36,36,61,95,95,111,138,138,158,233,233,248,248,374,374,357,456,371,390,411,411,436,436,436,474,474,493,532,93,93,213,213,228,228,7,31,51,51,64,88,158,2,2,17,17,30,30,30,30,30,30,30,30],"floor_reached":54,"playtime":2100,"items_purged":[],"score":692,"play_id":"f427779e-5607-43d4-9758-f6c32fa9e364","local_time":"20201229130249","is_ascension_mode":true,"campfire_choices":[{"data":"hermit:Brawl","floor":7.0,"key":"SMITH"},{"data":"hermit:GhostlyPresence","floor":13.0,"key":"SMITH"},{"data":"hermit:Dive","floor":15.0,"key":"SMITH"},{"floor":23.0,"key":"REST"},{"floor":32,"key":"RECALL"},{"data":"hermit:GoldenBullet","floor":40,"key":"SMITH"},{"floor":45,"key":"REST"},{"floor":49,"key":"REST"},{"data":"hermit:Snapshot","floor":52,"key":"SMITH"}],"circlet_count":0,"master_deck":["hermit:Strike_Hermit","hermit:Strike_Hermit","hermit:Strike_Hermit","hermit:Strike_Hermit","hermit:Defend_Hermit","hermit:Defend_Hermit","hermit:Defend_Hermit","hermit:Defend_Hermit","hermit:Snapshot+1","hermit:Covet","hermit:GhostlyPresence+1","hermit:Brawl+1","hermit:Dive+1","hermit:Vantage","hermit:Manifest+1","hermit:Reprieve+1","hermit:FlashPowder+1","hermit:GhostlyPresence+1","hermit:Glare+1","hermit:TakeCover+1","hermit:Feint+1","Apotheosis+1","hermit:Determination+1","hermit:GoldenBullet+1","hermit:Shortfuse+1","Parasite","hermit:Maintenance+1","hermit:FullyLoaded+1"],"relics":["hermit:Momento","NeowsBlessing","Golden Idol","Darkstone Periapt","Vajra","Toxic Egg 2","Sozu","MealTicket","Sundial","Red Mask","hermit:RyeStalk","Orichalcum","Bottled Lightning","Empty Cage","Pen Nib","StrikeDummy","Lantern"],"acts_visited":["Exordium","TheCity","TheBeyond","TheEnding"],"potions_floor_usage":[27],"damage_taken":[{"damage":0.0,"enemies":"Cultist","floor":1.0,"turns":1.0},{"damage":0.0,"enemies":"2 Louse","floor":5.0,"turns":1.0},{"damage":0.0,"enemies":"Lagavulin","floor":6.0,"turns":2.0},{"damage":1.0,"enemies":"Jaw Worm","floor":8.0,"turns":5.0},{"damage":0.0,"enemies":"Red Slaver","floor":11.0,"turns":5.0},{"damage":0.0,"enemies":"Large Slime","floor":14.0,"turns":4.0},{"damage":10.0,"enemies":"Slime Boss","floor":16.0,"turns":14.0},{"damage":10.0,"enemies":"2 Thieves","floor":18.0,"turns":4.0},{"damage":24.0,"enemies":"3 Byrds","floor":21.0,"turns":8.0},{"damage":7.0,"enemies":"Centurion and Healer","floor":22.0,"turns":10.0},{"damage":0.0,"enemies":"Snecko","floor":24.0,"turns":11.0},{"damage":5,"enemies":"Masked Bandits","floor":27,"turns":5},{"damage":0,"enemies":"Chosen and Byrds","floor":29,"turns":10},{"damage":11,"enemies":"Book of Stabbing","floor":30,"turns":9},{"damage":42,"enemies":"Champ","floor":33,"turns":19},{"damage":5,"enemies":"3 Shapes","floor":35,"turns":7},{"damage":6,"enemies":"Orb Walker","floor":38,"turns":7},{"damage":2,"enemies":"3 Darklings","floor":39,"turns":20},{"damage":7,"enemies":"Writhing Mass","floor":41,"turns":12},{"damage":16,"enemies":"4 Shapes","floor":42,"turns":12},{"damage":28,"enemies":"Maw","floor":46,"turns":12},{"damage":12,"enemies":"3 Darklings","floor":48,"turns":10},{"damage":28,"enemies":"Awakened One","floor":50,"turns":19},{"damage":30,"enemies":"Shield and Spear","floor":54,"turns":6}],"seed_played":"-1123851667570017717","potions_obtained":[{"floor":1.0,"key":"SteroidPotion"},{"floor":6.0,"key":"hermit:Tonic"},{"floor":14.0,"key":"EssenceOfSteel"}],"is_trial":false,"path_per_floor":["M","$","T","?","M","E","R","M","T","T","M","?","R","M","R","B",null,"M","?","?","M","M","R","M","?","T","?","T","M","E","$","R","B",null,"M","?","$","M","M","R","M","M","T","$","R","M","?","M","R","B",null,"R","$","E"],"character_chosen":"HERMIT","items_purchased":["hermit:Brawl","Apotheosis+1","Bottled Lightning","hermit:GoldenBullet","Pen Nib","Lantern"],"campfire_rested":3,"item_purchase_floors":[2,31,31,37,37,44],"current_hp_per_floor":[75,75,75,75,75,75,75,74,74,74,74,63,63,63,63,53,75,69,69,69,49,50,72,75,75,75,70,70,75,68,75,75,33,75,74,74,75,70,72,72,74,58,58,73,81,53,53,49,73,53,81,81,81,59,59],"gold":30,"neow_bonus":"THREE_ENEMY_KILL","is_daily":false,"chose_seed":false,"campfire_upgraded":5,"win_rate":0.0,"timestamp":1609254169,"path_taken":["M","$","?","?","M","E","R","M","T","?","?","?","R","M","R","BOSS","M","?","?","M","M","R","M","?","T","?","?","?","E","$","R","BOSS","M","?","$","M","?","R","M","M","T","$","R","M","?","M","R","BOSS","R","$","E"],"items_purchased_type":["Card","Card","Relic","Card","Relic","Relic"],"build_version":"2020-12-22","purchased_purges":0,"victory":false,"max_hp_per_floor":[75,75,75,75,75,75,75,75,75,75,75,75,75,75,75,75,75,75,75,75,75,75,75,75,75,75,75,75,75,75,75,75,75,75,75,75,75,75,75,75,81,81,81,81,81,81,81,81,81,81,81,81,81,81,81],"card_choices":[{"not_picked":["hermit:TrackingShot","hermit:Coalescence"],"picked":"hermit:GhostlyPresence","floor":1.0},{"not_picked":["hermit:Dive","hermit:Snipe","hermit:Manifest"],"picked":"SKIP","floor":5.0},{"not_picked":["hermit:Snipe","hermit:Manifest"],"picked":"hermit:Dive","floor":5.0},{"not_picked":["hermit:LuckOfTheDraw","hermit:Desperado"],"picked":"hermit:Vantage","floor":6.0},{"not_picked":["hermit:Feint","hermit:SprayPray","hermit:Gestalt"],"picked":"SKIP","floor":8.0},{"not_picked":["hermit:SprayPray","hermit:Desperado"],"picked":"hermit:Manifest+1","floor":11.0},{"not_picked":["hermit:CalledShot","hermit:Grudge","hermit:Quickdraw"],"picked":"SKIP","floor":14.0},{"not_picked":["hermit:RoundhouseKick","hermit:FinalCanter"],"picked":"hermit:Reprieve+1","floor":16.0},{"not_picked":["hermit:Ricochet","hermit:Feint+1"],"picked":"hermit:FlashPowder+1","floor":18.0},{"not_picked":["hermit:LowProfile+1","hermit:Desperado"],"picked":"hermit:GhostlyPresence+1","floor":21.0},{"not_picked":["hermit:ItchyTrigger","hermit:LuckOfTheDraw+1"],"picked":"hermit:Glare+1","floor":22.0},{"not_picked":["hermit:Misfire+1","hermit:CalledShot+1"],"picked":"hermit:Shortfuse","floor":24.0},{"not_picked":["hermit:Virtue+1","hermit:Feint+1"],"picked":"hermit:TakeCover+1","floor":29},{"not_picked":["hermit:Dive+1","hermit:HighNoon"],"picked":"hermit:Feint+1","floor":30},{"not_picked":["hermit:LoneWolf+1","hermit:CalledShot"],"picked":"hermit:Determination+1","floor":35},{"not_picked":["hermit:BodyArmor+1","hermit:Misfire"],"picked":"hermit:Shortfuse","floor":38},{"not_picked":["hermit:Snipe+1","hermit:WideOpen","hermit:Shortfuse"],"picked":"SKIP","floor":39},{"not_picked":["hermit:Cheat+1","hermit:CalledShot"],"picked":"hermit:Maintenance+1","floor":41},{"not_picked":["hermit:Desperado","hermit:LoneWolf+1"],"picked":"hermit:FullyLoaded+1","floor":42},{"not_picked":["hermit:Quickdraw","hermit:Manifest+1","hermit:Misfire+1"],"picked":"SKIP","floor":46},{"not_picked":["hermit:Snipe+1","hermit:Glare+1","hermit:Roulette+1"],"picked":"SKIP","floor":48}],"player_experience":136185,"relics_obtained":[{"floor":6.0,"key":"Darkstone Periapt"},{"floor":9.0,"key":"Vajra"},{"floor":10.0,"key":"Toxic Egg 2"},{"floor":26.0,"key":"Sundial"},{"floor":27,"key":"Red Mask"},{"floor":28,"key":"hermit:RyeStalk"},{"floor":30,"key":"Orichalcum"},{"floor":43,"key":"StrikeDummy"}],"event_choices":[{"damage_healed":0.0,"max_hp_gain":0.0,"max_hp_loss":0.0,"gold_gain":0.0,"event_name":"Golden Idol","player_choice":"Take Wound","floor":4.0,"gold_loss":0.0,"damage_taken":0.0,"relics_obtained":["Golden Idol"],"cards_obtained":["Injury"]},{"damage_healed":0.0,"max_hp_gain":0.0,"max_hp_loss":0.0,"gold_gain":75.0,"event_name":"World of Goop","player_choice":"Gather Gold","floor":12.0,"gold_loss":0.0,"damage_taken":11.0},{"damage_healed":0.0,"max_hp_gain":0.0,"max_hp_loss":0.0,"gold_gain":99.0,"event_name":"Nest","player_choice":"Stole From Cult","floor":19.0,"gold_loss":0.0,"damage_taken":0.0},{"damage_healed":0.0,"max_hp_gain":0.0,"max_hp_loss":0.0,"gold_gain":0.0,"event_name":"Addict","player_choice":"Obtained Relic","floor":20.0,"gold_loss":85.0,"damage_taken":0.0,"relics_obtained":["MealTicket"]},{"damage_healed":0.0,"max_hp_gain":0.0,"max_hp_loss":0.0,"gold_gain":0.0,"event_name":"Vampires","player_choice":"Ignored","floor":25.0,"gold_loss":0.0,"damage_taken":0.0},{"damage_healed":0,"gold_gain":0,"player_choice":"Fought Bandits","damage_taken":0,"max_hp_gain":0,"max_hp_loss":0,"event_name":"Masked Bandits","floor":27,"gold_loss":0},{"damage_healed":0,"gold_gain":0,"player_choice":"Bought 0 Potions","damage_taken":0,"max_hp_gain":0,"max_hp_loss":0,"event_name":"The Woman in Blue","floor":36,"gold_loss":0},{"damage_healed":0,"gold_gain":0,"player_choice":"Forge","damage_taken":0,"max_hp_gain":0,"max_hp_loss":0,"event_name":"Accursed Blacksmith","floor":47,"gold_loss":0,"cards_upgraded":["hermit:Shortfuse"]}],"is_beta":false,"boss_relics":[{"not_picked":["Runic Dome","Ectoplasm"],"picked":"Sozu"},{"not_picked":["Astrolabe","Pandora\u0027s Box"],"picked":"Empty Cage"}],"items_purged_floors":[],"is_endless":false,"potions_floor_spawned":[1,6,14,18,24,30,33,35,42,46,48],"killed_by":"Shield and Spear","ascension_level":1}}