{"host":"j3h0p3l2xgzxhnx7","time":1609267928,"event":{"mods":["BaseMod","Luminous","Marisa????????","Minty Spire (QoL Compilation)","Remilia??????","StSLib","The Bug Knight","The Cursed","The Servant 0.9.4"],"gold_per_floor":[115,115,129,129,146,180,180,194,194,227,227,70,70,82,82,183,183,194,293,311,329,329,329,343,361,437,12,12,12,0,18,18,114,114,126,126,0,11,11,11,11,11,11,11,11,23,40,66,66,66,66],"floor_reached":50,"playtime":2260,"items_purged":[],"score":480,"play_id":"ab190f5e-b8bd-4b01-a9ed-e58443f55bd0","local_time":"20201230025208","is_ascension_mode":false,"campfire_choices":[{"data":"HollowMod:CycloneSlash","floor":7,"key":"SMITH"},{"floor":11,"key":"REST"},{"floor":15,"key":"REST"},{"floor":23,"key":"REST"},{"floor":32,"key":"REST"},{"floor":40,"key":"REST"},{"data":"HollowMod:DungDefenderAura","floor":42,"key":"SMITH"},{"data":"Forethought","floor":44,"key":"SMITH"},{"floor":49,"key":"REST"}],"circlet_count":0,"master_deck":["HollowMod:NailStrikeStart+1","HollowMod:NailStrikeStart","HollowMod:NailStrikeStart","HollowMod:NailStrikeStart+1","HollowMod:QuickDashStart","HollowMod:QuickDashStart","HollowMod:FocusHealStart","HollowMod:PogoStrike","HollowMod:DashSlash","HollowMod:CornifersMapStart","HollowMod:CloakDash","HollowMod:CycloneSlash+1","HollowMod:SoulSplash","HollowMod:DungDefenderAura+1","HollowMod:CycloneSlash","HollowMod:SlysStrikes+1","HollowMod:SharpenedNail+1","HollowMod:CornifersMapStart+1","HollowMod:GrimmsGift+1","HollowMod:MonomonsArchive","HollowMod:SoulSplash+1","Flash of Steel","HollowMod:HornetsHelp","Lust_TH","HollowMod:Weaversong","HollowMod:NewLittleFool","Writhe","HollowMod:DashSlash+1","Forethought+1","Wraith","HollowMod:FallenFury+1","HollowMod:SoulStrike+1"],"relics":["HollowMod:KingsSoulRelic","Centennial Puzzle","Pantograph","Kunai","Bronze Scales","Happy Flower","Philosopher\u0027s Stone","HollowMod:VesselMask","Matryoshka","HollowMod:StagPassRelic","HollowMod:LifeEnderRelic","Bottled Flame","Red Mask","HollowMod:MillibellesNoteRelic","Unceasing Top","Torii"],"acts_visited":["Exordium","TheCity","TheBeyond"],"potions_floor_usage":[10,16,16,20,25,33,46,48],"damage_taken":[{"damage":1,"enemies":"Jaw Worm","floor":1,"turns":4},{"damage":0,"enemies":"Cultist","floor":3,"turns":3},{"damage":0,"enemies":"Small Slimes","floor":5,"turns":2},{"damage":13,"enemies":"3 Sentries","floor":6,"turns":8},{"damage":6,"enemies":"Blue Slaver","floor":8,"turns":3},{"damage":16,"enemies":"Gremlin Nob","floor":10,"turns":3},{"damage":1,"enemies":"Exordium Wildlife","floor":14,"turns":3},{"damage":25,"enemies":"The Guardian","floor":16,"turns":10},{"damage":6,"enemies":"3 Byrds","floor":18,"turns":3},{"damage":12,"enemies":"Spheric Guardian","floor":20,"turns":4},{"damage":16,"enemies":"Chosen and Byrds","floor":21,"turns":5},{"damage":40,"enemies":"Shelled Parasite and Fungi","floor":24,"turns":5},{"damage":16,"enemies":"Snake Plant","floor":25,"turns":4},{"damage":11,"enemies":"Chosen and Byrds","floor":31,"turns":7},{"damage":40,"enemies":"HollowMod:NKGrimm","floor":33,"turns":9},{"damage":16,"enemies":"Orb Walker","floor":35,"turns":3},{"damage":25,"enemies":"3 Darklings","floor":38,"turns":4},{"damage":0,"enemies":"Jaw Worm Horde","floor":46,"turns":2},{"damage":20,"enemies":"4 Shapes","floor":47,"turns":5},{"damage":13,"enemies":"Reptomancer","floor":48,"turns":5},{"damage":119,"enemies":"Time Eater","floor":50,"turns":8}],"seed_played":"-8826984314868327588","potions_obtained":[{"floor":8,"key":"BlessingOfTheForge"},{"floor":10,"key":"ColorlessPotion"},{"floor":14,"key":"Block Potion"},{"floor":16,"key":"EssenceOfSteel"},{"floor":21,"key":"FairyPotion"},{"floor":24,"key":"Fire Potion"},{"floor":25,"key":"AttackPotion"},{"floor":35,"key":"BlessingOfTheForge"},{"floor":38,"key":"LiquidBronze"}],"is_trial":false,"path_per_floor":["M","?","M","$","M","E","R","M","T","E","R","$","?","M","R","B",null,"M","?","M","M","?","R","M","M","T","$","T","?","?","M","R","B",null,"M","?","?","M","?","R","?","R","T","R","?","M","M","E","R","B"],"character_chosen":"THE_BUGKNIGHT","items_purchased":["Happy Flower","Flash of Steel","HollowMod:StagPassRelic","HollowMod:HornetsHelp"],"campfire_rested":6,"item_purchase_floors":[12,27,27,27],"current_hp_per_floor":[75,75,75,75,75,68,68,62,62,46,68,68,53,52,74,60,75,69,69,57,47,47,69,35,25,25,25,25,25,25,20,42,37,75,59,75,75,50,50,72,72,72,72,72,72,72,52,39,61,0,0],"gold":66,"neow_bonus":"RANDOM_COMMON_RELIC","is_daily":false,"chose_seed":false,"campfire_upgraded":3,"win_rate":0.0,"timestamp":1609267928,"path_taken":["M","?","M","?","M","E","R","M","T","E","R","$","?","M","R","BOSS","M","?","M","M","?","R","M","M","T","?","?","?","?","M","R","BOSS","M","?","?","M","?","R","?","R","T","R","?","M","M","E","R","BOSS"],"items_purchased_type":["Relic","Card","Relic","Card"],"build_version":"2020-12-22","purchased_purges":0,"victory":false,"max_hp_per_floor":[75,75,75,75,75,75,75,75,75,75,75,75,75,75,75,75,75,75,75,75,75,75,75,75,75,75,75,75,75,75,75,75,75,75,75,75,75,75,75,75,75,75,75,75,75,75,75,75,75,75,75],"card_choices":[{"not_picked":["HollowMod:TaintedHusks","HollowMod:InfectedCysts"],"picked":"HollowMod:DashSlash","floor":1},{"not_picked":["HollowMod:InfectedCysts","HollowMod:GoodIntentions"],"picked":"HollowMod:CornifersMapStart","floor":3},{"not_picked":["HollowMod:Grubsong","HollowMod:SoulVessel"],"picked":"HollowMod:CloakDash","floor":5},{"not_picked":["HollowMod:BaldurShell","HollowMod:VengefulVoid"],"picked":"HollowMod:CycloneSlash","floor":6},{"not_picked":["HollowMod:VengefulVoid","HollowMod:AwokenDreamNail"],"picked":"HollowMod:SoulSplash","floor":8},{"not_picked":["HollowMod:InfectionAssault","HollowMod:SiblingsShadow"],"picked":"HollowMod:DungDefenderAura","floor":10},{"not_picked":["HollowMod:CoiledNail","HollowMod:NewGlowingWomb"],"picked":"HollowMod:CycloneSlash","floor":14},{"not_picked":["HollowMod:Hiveblood","HollowMod:LordofShades"],"picked":"HollowMod:SlysStrikes","floor":16},{"not_picked":["HollowMod:SiblingsSouls","HollowMod:CrystalDash"],"picked":"HollowMod:SharpenedNail+1","floor":18},{"not_picked":["HollowMod:InfectedAttack+1","HollowMod:HowlingWraiths"],"picked":"HollowMod:CornifersMapStart+1","floor":20},{"not_picked":["HollowMod:DoubleDash","HollowMod:HowlingWraiths"],"picked":"HollowMod:GrimmsGift","floor":21},{"not_picked":["HollowMod:InfectionAssault","HollowMod:LuriensSpire"],"picked":"HollowMod:MonomonsArchive","floor":24},{"not_picked":["HollowMod:CycloneSlash","HollowMod:DescendingDark"],"picked":"HollowMod:SoulSplash+1","floor":25},{"not_picked":["HollowMod:LifebloodCocoon","HollowMod:CycloneSlash","HollowMod:HeavyBlow"],"picked":"SKIP","floor":31},{"not_picked":["HollowMod:ElderbugsWisdom","HollowMod:LifebloodCore"],"picked":"HollowMod:Weaversong","floor":33},{"not_picked":["HollowMod:VengefulVoid","HollowMod:ShadowDash"],"picked":"HollowMod:NewLittleFool","floor":35},{"not_picked":["HollowMod:BrokenVessel+1","HollowMod:DoubleDash"],"picked":"HollowMod:DashSlash+1","floor":38},{"not_picked":["Madness","Impatience"],"picked":"Forethought","floor":39},{"not_picked":["HollowMod:DungDefenderAura+1","HollowMod:SharpenedNail"],"picked":"HollowMod:FallenFury+1","floor":46},{"not_picked":["HollowMod:theNailsmith","HollowMod:DungDefenderAura+1"],"picked":"HollowMod:SoulStrike+1","floor":47},{"not_picked":["HollowMod:ShadowDash","HollowMod:HeavyBlow","HollowMod:GoodIntentions"],"picked":"SKIP","floor":48}],"player_experience":57526,"relics_obtained":[{"floor":6,"key":"Pantograph"},{"floor":9,"key":"Kunai"},{"floor":10,"key":"Bronze Scales"},{"floor":26,"key":"Matryoshka"},{"floor":28,"key":"HollowMod:LifeEnderRelic"},{"floor":28,"key":"Bottled Flame"},{"floor":43,"key":"HollowMod:MillibellesNoteRelic"},{"floor":43,"key":"Unceasing Top"},{"floor":48,"key":"Torii"}],"event_choices":[{"cards_removed":["HollowMod:QuickDashStart"],"damage_healed":0,"gold_gain":0,"player_choice":"Purged","damage_taken":0,"max_hp_gain":0,"max_hp_loss":0,"event_name":"Purifier","floor":2,"gold_loss":0},{"damage_healed":0,"gold_gain":0,"player_choice":"Entered Light","damage_taken":15,"max_hp_gain":0,"max_hp_loss":0,"event_name":"Shining Light","floor":13,"gold_loss":0,"cards_upgraded":["HollowMod:NailStrikeStart","HollowMod:NailStrikeStart"]},{"damage_healed":0,"gold_gain":99,"player_choice":"Stole From Cult","damage_taken":0,"max_hp_gain":0,"max_hp_loss":0,"event_name":"Nest","floor":19,"gold_loss":0},{"damage_healed":0,"gold_gain":0,"player_choice":"Paid Fearfully","damage_taken":0,"max_hp_gain":0,"max_hp_loss":0,"event_name":"Masked Bandits","floor":30,"gold_loss":12},{"damage_healed":19,"gold_gain":0,"player_choice":"Writhe","damage_taken":0,"max_hp_gain":0,"max_hp_loss":0,"event_name":"Winding Halls","floor":36,"gold_loss":0,"cards_obtained":["Writhe"]},{"damage_healed":0,"gold_gain":0,"player_choice":"Paid","damage_taken":0,"relics_obtained":["Red Mask"],"max_hp_gain":0,"max_hp_loss":0,"event_name":"Tomb of Lord Red Mask","floor":37,"gold_loss":126},{"damage_healed":0,"gold_gain":0,"player_choice":"Memory 1","damage_taken":0,"max_hp_gain":0,"max_hp_loss":0,"event_name":"SensoryStone","floor":39,"gold_loss":0},{"cards_removed":["HollowMod:QuickDashStart"],"damage_healed":0,"gold_gain":0,"player_choice":"Removed Skill","damage_taken":0,"max_hp_gain":0,"max_hp_loss":0,"event_name":"Falling","floor":41,"gold_loss":0},{"damage_healed":0,"gold_gain":0,"player_choice":"Ignored","damage_taken":0,"max_hp_gain":0,"max_hp_loss":0,"event_name":"OrinTheCat","floor":45,"gold_loss":0}],"is_beta":false,"boss_relics":[{"not_picked":["Ectoplasm","Empty Cage"],"picked":"Philosopher\u0027s Stone"},{"not_picked":["Sozu","Tiny House"],"picked":"HollowMod:KingsSoulRelic"}],"items_purged_floors":[],"is_endless":false,"potions_floor_spawned":[8,10,14,16,21,24,25,35,38],"killed_by":"Time Eater","ascension_level":0}}