{"host":"mi0eibewekhugwl1","time":1609243868,"event":{"mods":["AchievementEnabler","BaseMod","Colored Map","Colored Powertips","DeckTracker","Keyboard Shortcuts","Minty Spire (QoL Compilation)","Quick Restart","Rare Cards Sparkle","Relic Stats","StSLib","SuperFastMode","everything is the same but u backflip on backflip"],"gold_per_floor":[118,131,131,148,160,160,6,23,78,78,88,113,148,167,167,253,325,351,376,196,209,84,84,84,84,108,108,23,42,58,58,58],"floor_reached":31,"playtime":569,"items_purged":["Strike_R","Perfected Strike","Demon Form"],"score":462,"play_id":"69a7b278-f2b0-4f59-a8fb-172541734478","local_time":"20201229211108","is_ascension_mode":true,"campfire_choices":[{"data":"Wild Strike","floor":6.0,"key":"SMITH"},{"data":"Fire Breathing","floor":15.0,"key":"SMITH"},{"data":"Power Through","floor":23,"key":"SMITH"},{"data":"Purity","floor":25,"key":"SMITH"},{"floor":27,"key":"REST"}],"circlet_count":0,"master_deck":["AscendersBane","Bash+1","Power Through+1","Pommel Strike","Wild Strike+1","Fire Breathing+1","Twin Strike","Reckless Charge","Body Slam","Ghostly Armor","Corruption","Cleave","Fiend Fire","Reckless Charge","Pommel Strike","Rampage","Rage","Body Slam+1","Purity+1","Battle Trance"],"relics":["Burning Blood","CeramicFish","Odd Mushroom","Pandora\u0027s Box","Bag of Preparation","White Beast Statue"],"acts_visited":["Exordium","TheCity"],"potions_floor_usage":[21,29,31],"damage_taken":[{"damage":11.0,"enemies":"Jaw Worm","floor":1.0,"turns":4.0},{"damage":0.0,"enemies":"2 Louse","floor":2.0,"turns":3.0},{"damage":0.0,"enemies":"Small Slimes","floor":4.0,"turns":3.0},{"damage":1.0,"enemies":"Looter","floor":5.0,"turns":4.0},{"damage":14.0,"enemies":"Exordium Thugs","floor":8.0,"turns":5.0},{"damage":13.0,"enemies":"Red Slaver","floor":11.0,"turns":5.0},{"damage":16.0,"enemies":"3 Louse","floor":12.0,"turns":4.0},{"damage":13.0,"enemies":"The Mushroom Lair","floor":13.0,"turns":3.0},{"damage":0.0,"enemies":"Blue Slaver","floor":14.0,"turns":3.0},{"damage":34.0,"enemies":"Hexaghost","floor":16.0,"turns":9.0},{"damage":19.0,"enemies":"2 Thieves","floor":18.0,"turns":4.0},{"damage":0.0,"enemies":"Spheric Guardian","floor":19.0,"turns":3.0},{"damage":24,"enemies":"Snake Plant","floor":21,"turns":3},{"damage":6,"enemies":"Snecko","floor":29,"turns":4},{"damage":30,"enemies":"3 Cultists","floor":30,"turns":4},{"damage":34,"enemies":"Slavers","floor":31,"turns":2}],"seed_played":"-4516461053442650367","potions_obtained":[{"floor":1.0,"key":"SneckoOil"},{"floor":12.0,"key":"BloodPotion"},{"floor":13.0,"key":"Swift Potion"},{"floor":14.0,"key":"Fruit Juice"},{"floor":16.0,"key":"Strength Potion"},{"floor":21,"key":"Block Potion"},{"floor":29,"key":"SpeedPotion"},{"floor":30,"key":"Swift Potion"}],"is_trial":false,"path_per_floor":["M","M","?","M","M","R","$","M","T","$","M","M","?","M","R","B",null,"M","M","$","M","$","R","?","R","T","R","?","M","M","E"],"character_chosen":"IRONCLAD","items_purchased":["Fire Breathing","Purity"],"campfire_rested":1,"item_purchase_floors":[7,20],"current_hp_per_floor":[63,69,46,52,57,57,57,49,49,49,42,32,40,51,51,23,66,53,59,59,41,41,41,41,41,41,65,65,65,41,7,7],"gold":58,"neow_bonus":"UPGRADE_CARD","is_daily":false,"chose_seed":false,"campfire_upgraded":4,"win_rate":0.0,"timestamp":1609243868,"path_taken":["M","M","?","M","M","R","$","M","T","?","M","M","?","M","R","BOSS","M","M","$","M","$","R","?","R","T","R","?","M","M","E"],"items_purchased_type":["Card","Card"],"build_version":"2020-12-22","purchased_purges":3,"victory":false,"max_hp_per_floor":[75,75,75,75,75,75,75,75,75,75,75,75,75,80,80,80,80,80,80,80,80,80,80,80,80,80,80,80,80,80,80,80],"relic_stats":{"counters":[16,63],"CeramicFish":144,"Pandora\u0027s Box":["Cleave","Fiend Fire","Infernal Blade","Reckless Charge","Perfected Strike","Pommel Strike","Rampage","Demon Form"],"Bag of Preparation":[6],"obtain_stats":[{"CeramicFish":9,"Pandora\u0027s Box":17,"Bag of Preparation":26,"Odd Mushroom":13,"Burning Blood":0,"White Beast Statue":28},{"CeramicFish":5,"Pandora\u0027s Box":10,"Bag of Preparation":13,"Odd Mushroom":8,"Burning Blood":0,"White Beast Statue":13},{"CeramicFish":19,"Pandora\u0027s Box":43,"Bag of Preparation":53,"Odd Mushroom":31,"Burning Blood":0,"White Beast Statue":53}],"Burning Blood":90},"card_choices":[{"not_picked":["Perfected Strike","Armaments"],"picked":"Power Through","floor":1.0},{"not_picked":["Twin Strike","True Grit"],"picked":"Pommel Strike","floor":2.0},{"not_picked":["Havoc","Infernal Blade","Corruption"],"picked":"SKIP","floor":4.0},{"not_picked":["Iron Wave","Havoc"],"picked":"Wild Strike","floor":5.0},{"not_picked":["Clothesline","Thunderclap"],"picked":"Twin Strike","floor":8.0},{"not_picked":["Uppercut","Double Tap","Armaments"],"picked":"SKIP","floor":11.0},{"not_picked":["Heavy Blade","Shrug It Off"],"picked":"Reckless Charge","floor":12.0},{"not_picked":["Hemokinesis","Thunderclap"],"picked":"Body Slam","floor":13.0},{"not_picked":["Anger","Twin Strike"],"picked":"Ghostly Armor","floor":14.0},{"not_picked":["Limit Break","Brutality"],"picked":"Corruption","floor":16.0},{"not_picked":["Cleave","Thunderclap+1"],"picked":"Rage","floor":18.0},{"not_picked":["Burning Pact","Shockwave"],"picked":"Body Slam+1","floor":19.0},{"not_picked":["Perfected Strike","Warcry","Searing Blow"],"picked":"SKIP","floor":21},{"not_picked":["Anger","Entrench"],"picked":"Battle Trance","floor":29},{"not_picked":["Battle Trance","Clash","Flex"],"picked":"SKIP","floor":30}],"player_experience":1724469,"relics_obtained":[{"floor":9.0,"key":"CeramicFish"},{"floor":13.0,"key":"Odd Mushroom"},{"floor":26,"key":"Bag of Preparation"}],"event_choices":[{"damage_healed":0.0,"max_hp_gain":0.0,"max_hp_loss":0.0,"gold_gain":0.0,"event_name":"Shining Light","player_choice":"Entered Light","floor":3.0,"gold_loss":0.0,"damage_taken":23.0,"cards_upgraded":["Strike_R","Strike_R"]},{"damage_healed":0.0,"max_hp_gain":0.0,"max_hp_loss":0.0,"gold_gain":0.0,"event_name":"Mushrooms","player_choice":"Fought Mushrooms","floor":13.0,"gold_loss":0.0,"damage_taken":0.0},{"cards_removed":["Infernal Blade"],"damage_healed":0,"gold_gain":0,"player_choice":"Elegance","damage_taken":0,"max_hp_gain":0,"max_hp_loss":0,"event_name":"Back to Basics","floor":24,"gold_loss":0},{"damage_healed":0,"gold_gain":0,"player_choice":"Obtained Relic","damage_taken":0,"relics_obtained":["White Beast Statue"],"max_hp_gain":0,"max_hp_loss":0,"event_name":"Addict","floor":28,"gold_loss":85}],"is_beta":false,"boss_relics":[{"not_picked":["Runic Pyramid","Tiny House"],"picked":"Pandora\u0027s Box"}],"items_purged_floors":[7,20,22],"is_endless":false,"potions_floor_spawned":[1,12,13,14,16,21,29,30],"killed_by":"Slavers","ascension_level":20}}