{"host":"71akxjf7cjo3bhmj","time":1609279560,"event":{"mods":["AchievementEnabler","BaseMod","Colored Powertips","Minty Spire (QoL Compilation)"],"gold_per_floor":[114,134,209,219,219,244,244,259,309,309,309,221,237,249,249,348,348,360,360,373,389,401,401,421,421,494,505,505,605,617,617,617,617,617],"floor_reached":33,"playtime":2804,"items_purged":[],"score":251,"play_id":"3ae08c8e-08cb-4453-babc-e5bca257adb4","local_time":"20201229230600","is_ascension_mode":false,"campfire_choices":[{"data":"Armaments","floor":7,"key":"SMITH"},{"floor":10,"key":"RECALL"},{"floor":15,"key":"REST"},{"data":"Entrench","floor":23,"key":"SMITH"},{"data":"Rupture","floor":25,"key":"SMITH"},{"floor":32,"key":"REST"}],"circlet_count":0,"master_deck":["Strike_R","Strike_R","Strike_R+1","Strike_R+1","Defend_R","Defend_R","Defend_R+1","Defend_R","Bash","Iron Wave+1","Fire Breathing","Regret","Armaments+1","Shrug It Off","Spot Weakness","Iron Wave","Impervious","Entrench+1","Shrug It Off","Iron Wave","Rupture+1","Body Slam+1"],"relics":["Burning Blood","NeowsBlessing","Matryoshka","Oddly Smooth Stone","Whetstone","Vajra","Velvet Choker","Sundial","Bottled Flame","Unceasing Top","Darkstone Periapt","Blood Vial"],"acts_visited":["Exordium","TheCity"],"potions_floor_usage":[14,16,29,29,29,30,33],"damage_taken":[{"damage":0,"enemies":"Cultist","floor":1,"turns":1},{"damage":0,"enemies":"2 Louse","floor":2,"turns":1},{"damage":0,"enemies":"Small Slimes","floor":4,"turns":1},{"damage":38,"enemies":"Gremlin Nob","floor":6,"turns":5},{"damage":14,"enemies":"Exordium Thugs","floor":8,"turns":6},{"damage":2,"enemies":"Blue Slaver","floor":13,"turns":5},{"damage":3,"enemies":"2 Fungi Beasts","floor":14,"turns":4},{"damage":35,"enemies":"Hexaghost","floor":16,"turns":10},{"damage":0,"enemies":"Chosen","floor":18,"turns":4},{"damage":12,"enemies":"Shell Parasite","floor":20,"turns":5},{"damage":17,"enemies":"Cultist and Chosen","floor":21,"turns":7},{"damage":3,"enemies":"Snecko","floor":22,"turns":6},{"damage":13,"enemies":"Sentry and Sphere","floor":24,"turns":8},{"damage":8,"enemies":"Shelled Parasite and Fungi","floor":27,"turns":8},{"damage":11,"enemies":"Colosseum Slavers","floor":29,"turns":5},{"damage":53,"enemies":"Colosseum Nobs","floor":29,"turns":6},{"damage":6,"enemies":"Centurion and Healer","floor":30,"turns":6},{"damage":38,"enemies":"Champ","floor":33,"turns":12}],"seed_played":"-7468645874829611915","potions_obtained":[{"floor":6,"key":"HeartOfIron"},{"floor":8,"key":"Explosive Potion"},{"floor":14,"key":"Fruit Juice"},{"floor":18,"key":"HeartOfIron"},{"floor":21,"key":"DuplicationPotion"},{"floor":29,"key":"EssenceOfSteel"},{"floor":30,"key":"Ancient Potion"}],"is_trial":false,"path_per_floor":["M","M","?","M","?","E","R","M","T","R","?","?","M","M","R","B",null,"M","?","M","M","M","R","M","R","T","M","?","?","M","?","R","B"],"character_chosen":"IRONCLAD","items_purchased":[],"campfire_rested":2,"item_purchase_floors":[],"current_hp_per_floor":[80,80,69,75,75,43,43,35,35,35,19,19,23,31,56,27,85,85,85,79,68,71,71,64,64,64,62,62,10,10,10,35,0,0],"gold":617,"neow_bonus":"THREE_ENEMY_KILL","is_daily":false,"chose_seed":false,"campfire_upgraded":3,"win_rate":0.0,"timestamp":1609279560,"path_taken":["M","?","?","M","?","E","R","M","T","R","?","?","M","?","R","BOSS","M","?","M","M","M","R","M","R","T","M","?","?","M","?","R","BOSS"],"items_purchased_type":[],"build_version":"2020-12-22","purchased_purges":0,"victory":false,"max_hp_per_floor":[80,80,80,80,80,80,80,80,80,80,80,80,80,85,85,85,85,85,85,85,85,85,85,85,85,85,85,85,85,85,85,85,85,85],"card_choices":[{"not_picked":["Havoc","Cleave","Thunderclap"],"picked":"SKIP","floor":1},{"not_picked":["Twin Strike","Anger"],"picked":"Iron Wave","floor":2},{"not_picked":["Seeing Red","Iron Wave"],"picked":"Fire Breathing","floor":4},{"not_picked":["Shrug It Off","Wild Strike"],"picked":"Armaments","floor":6},{"not_picked":["Twin Strike","Ghostly Armor"],"picked":"Shrug It Off","floor":8},{"not_picked":["Havoc","Headbutt"],"picked":"Spot Weakness","floor":13},{"not_picked":["Dark Embrace","Combust"],"picked":"Iron Wave","floor":14},{"not_picked":["Reaper","Exhume"],"picked":"Impervious","floor":16},{"not_picked":["Battle Trance","Combust","Perfected Strike"],"picked":"SKIP","floor":18},{"not_picked":["Sentinel","Warcry"],"picked":"Shrug It Off","floor":20},{"not_picked":["Dropkick+1","Carnage","Sword Boomerang"],"picked":"SKIP","floor":21},{"not_picked":["Thunderclap+1","Twin Strike"],"picked":"Iron Wave","floor":22},{"not_picked":["Body Slam","Intimidate"],"picked":"Rupture","floor":24},{"not_picked":["Combust","Clash","Perfected Strike"],"picked":"SKIP","floor":27},{"not_picked":["Dual Wield+1","Cleave"],"picked":"Body Slam+1","floor":29},{"not_picked":["Hemokinesis","Warcry","Thunderclap"],"picked":"SKIP","floor":30}],"player_experience":110053,"relics_obtained":[{"floor":6,"key":"Oddly Smooth Stone"},{"floor":9,"key":"Whetstone"},{"floor":26,"key":"Sundial"},{"floor":26,"key":"Bottled Flame"},{"floor":29,"key":"Unceasing Top"},{"floor":29,"key":"Darkstone Periapt"}],"event_choices":[{"damage_healed":0,"gold_gain":75,"player_choice":"Gather Gold","damage_taken":11,"max_hp_gain":0,"max_hp_loss":0,"event_name":"World of Goop","floor":3,"gold_loss":0},{"damage_healed":0,"gold_gain":0,"player_choice":"Box","damage_taken":0,"relics_obtained":["Matryoshka"],"max_hp_gain":0,"max_hp_loss":0,"event_name":"Big Fish","floor":5,"gold_loss":0,"cards_obtained":["Regret"]},{"damage_healed":0,"gold_gain":0,"player_choice":"Entered Light","damage_taken":16,"max_hp_gain":0,"max_hp_loss":0,"event_name":"Shining Light","floor":11,"gold_loss":0,"cards_upgraded":["Defend_R","Strike_R"]},{"damage_healed":0,"gold_gain":0,"player_choice":"Paid Gold","damage_taken":0,"relics_obtained":["Vajra"],"max_hp_gain":0,"max_hp_loss":0,"event_name":"WeMeetAgain","floor":12,"gold_loss":88},{"damage_healed":0,"gold_gain":0,"player_choice":"Read","damage_taken":0,"max_hp_gain":0,"max_hp_loss":0,"event_name":"The Library","floor":19,"gold_loss":0,"cards_obtained":["Entrench"]},{"cards_removed":["Strike_R"],"damage_healed":0,"gold_gain":0,"player_choice":"Elegance","damage_taken":0,"max_hp_gain":0,"max_hp_loss":0,"event_name":"Back to Basics","floor":28,"gold_loss":0},{"damage_healed":0,"gold_gain":0,"player_choice":"Fight","damage_taken":0,"max_hp_gain":0,"max_hp_loss":0,"event_name":"Colosseum","floor":29,"gold_loss":0},{"damage_healed":0,"gold_gain":0,"player_choice":"Fought Nobs","damage_taken":0,"max_hp_gain":0,"max_hp_loss":0,"event_name":"Colosseum","floor":29,"gold_loss":0},{"damage_healed":0,"gold_gain":0,"player_choice":"Opened","damage_taken":0,"relics_obtained":["Blood Vial"],"max_hp_gain":0,"max_hp_loss":0,"event_name":"The Mausoleum","floor":31,"gold_loss":0}],"is_beta":false,"boss_relics":[{"not_picked":["Tiny House","Philosopher\u0027s Stone"],"picked":"Velvet Choker"}],"items_purged_floors":[],"is_endless":false,"potions_floor_spawned":[6,8,14,18,21,29,30],"killed_by":"Champ","ascension_level":0}}