{"host":"m77rrhbqzv44va4v","time":1609213071,"event":{"mods":["AchievementEnabler","BaseMod","Colored Map","DeckTracker","Keyboard Shortcuts","Minty Spire (QoL Compilation)","StSLib","SuperFastMode","everything is the same but u backflip on backflip"],"gold_per_floor":[117,7,26,26,76,116,136,156,156,169,169,182,182,218,218,307,307,332,348,49,74,94,128,128,128,152,186,199,217,237,255,255,346,346,371,385,139,170,195,238,238,251,251,276,294,329,350,350,350],"floor_reached":50,"playtime":1731,"items_purged":["Strike_R","Strike_R"],"score":1558,"play_id":"f62fa831-d8f1-4fd8-93c2-f1a657cd1a93","local_time":"20201229123751","is_ascension_mode":true,"campfire_choices":[{"data":"1","floor":13.0,"key":"LIFT"},{"data":"2","floor":15.0,"key":"LIFT"},{"data":"3","floor":25.0,"key":"LIFT"},{"floor":32,"key":"REST"}],"circlet_count":0,"master_deck":["AscendersBane","Strike_R","Strike_R","Defend_R","Defend_R","Defend_R","Defend_R","Bash","Body Slam","Shockwave","Shrug It Off","Blood for Blood","Shrug It Off","Impervious+1","Wild Strike","Uppercut","Barricade","Evolve","Immolate","Disarm","Body Slam","Fire Breathing","Ghostly Armor","Master of Strategy","Entrench","Parasite","Impervious","Entrench+1","Second Wind","Exhume"],"relics":["Burning Blood","NeowsBlessing","Golden Idol","Nunchaku","Red Skull","Girya","Unceasing Top","Snecko Eye","Pocketwatch","Smiling Mask","Akabeko","Champion Belt","Mark of Pain","Prayer Wheel","Gambling Chip","Self Forming Clay","StrikeDummy"],"acts_visited":["Exordium","TheCity","TheBeyond"],"potions_floor_usage":[36,47],"damage_taken":[{"damage":0.0,"enemies":"Cultist","floor":1.0,"turns":1.0},{"damage":0.0,"enemies":"Jaw Worm","floor":3.0,"turns":1.0},{"damage":0.0,"enemies":"Gremlin Nob","floor":6.0,"turns":1.0},{"damage":0.0,"enemies":"2 Louse","floor":7.0,"turns":4.0},{"damage":13.0,"enemies":"Lots of Slimes","floor":8.0,"turns":7.0},{"damage":12.0,"enemies":"Blue Slaver","floor":10.0,"turns":4.0},{"damage":9.0,"enemies":"Red Slaver","floor":12.0,"turns":6.0},{"damage":28.0,"enemies":"Lagavulin","floor":14.0,"turns":8.0},{"damage":18.0,"enemies":"Slime Boss","floor":16.0,"turns":8.0},{"damage":19.0,"enemies":"2 Thieves","floor":18.0,"turns":4.0},{"damage":6.0,"enemies":"Spheric Guardian","floor":19.0,"turns":3.0},{"damage":4.0,"enemies":"Cultist and Chosen","floor":21.0,"turns":6.0},{"damage":0.0,"enemies":"3 Cultists","floor":22.0,"turns":4.0},{"damage":21.0,"enemies":"Slavers","floor":23.0,"turns":4.0},{"damage":0.0,"enemies":"Gremlin Leader","floor":27.0,"turns":4.0},{"damage":18,"enemies":"Snake Plant","floor":28,"turns":2},{"damage":0,"enemies":"Centurion and Healer","floor":29,"turns":2},{"damage":0,"enemies":"Shelled Parasite and Fungi","floor":30,"turns":3},{"damage":24,"enemies":"Snake Plant","floor":31,"turns":3},{"damage":0,"enemies":"Champ","floor":33,"turns":9},{"damage":9,"enemies":"Orb Walker","floor":35,"turns":4},{"damage":4,"enemies":"3 Shapes","floor":36,"turns":2},{"damage":0,"enemies":"Mind Bloom Boss Battle","floor":38,"turns":7},{"damage":3,"enemies":"Jaw Worm Horde","floor":39,"turns":4},{"damage":0,"enemies":"Giant Head","floor":40,"turns":7},{"damage":1,"enemies":"Writhing Mass","floor":42,"turns":6},{"damage":0,"enemies":"Transient","floor":44,"turns":5},{"damage":13,"enemies":"Jaw Worm Horde","floor":45,"turns":4},{"damage":0,"enemies":"Nemesis","floor":46,"turns":7},{"damage":0,"enemies":"Writhing Mass","floor":47,"turns":4},{"damage":19,"enemies":"Donu and Deca","floor":49,"turns":7}],"seed_played":"-3446126731902794330","potions_obtained":[{"floor":7.0,"key":"ColorlessPotion"},{"floor":8.0,"key":"Weak Potion"},{"floor":18.0,"key":"AttackPotion"},{"floor":19.0,"key":"FearPotion"},{"floor":27.0,"key":"PowerPotion"},{"floor":36,"key":"Fruit Juice"},{"floor":39,"key":"Fire Potion"},{"floor":40,"key":"Ancient Potion"},{"floor":47,"key":"Fruit Juice"}],"is_trial":false,"path_per_floor":["M","$","M","?","T","E","M","M","T","M","?","M","R","E","R","B",null,"M","M","$","M","M","E","?","R","T","E","M","M","M","M","R","B",null,"M","M","$","?","M","E","?","M","T","M","M","E","M","?","B",null],"character_chosen":"IRONCLAD","items_purchased":["Shockwave","Pocketwatch","Master of Strategy"],"campfire_rested":1,"item_purchase_floors":[2,20,37],"current_hp_per_floor":[74,74,75,57,57,63,69,62,62,56,56,53,53,31,31,19,61,48,48,48,50,56,41,41,41,41,47,35,41,47,29,51,57,71,68,75,75,80,80,80,80,80,80,80,73,79,85,85,72],"gold":350,"neow_bonus":"THREE_ENEMY_KILL","is_daily":false,"chose_seed":false,"campfire_upgraded":0,"win_rate":0.0,"timestamp":1609213071,"path_taken":["M","$","?","?","?","E","M","M","T","?","?","?","R","E","R","BOSS","M","M","$","M","M","E","?","R","T","E","M","M","M","M","R","BOSS","M","M","$","?","M","E","?","M","T","M","M","E","?","?","BOSS"],"items_purchased_type":["Card","Relic","Card"],"build_version":"2020-12-22","purchased_purges":2,"victory":true,"max_hp_per_floor":[75,75,75,75,75,75,75,75,75,75,75,75,75,75,75,75,75,75,75,75,75,75,75,75,75,75,75,75,75,75,75,75,75,75,75,80,80,80,80,80,80,80,80,80,80,80,85,85,85],"card_choices":[{"not_picked":["Armaments","Intimidate"],"picked":"Body Slam","floor":1.0},{"not_picked":["Headbutt","Clothesline","Dual Wield"],"picked":"SKIP","floor":3.0},{"not_picked":["Searing Blow","Warcry"],"picked":"Shrug It Off","floor":6.0},{"not_picked":["Clothesline","True Grit"],"picked":"Blood for Blood","floor":7.0},{"not_picked":["Pummel","Flex"],"picked":"Shrug It Off","floor":8.0},{"not_picked":["Reckless Charge","Headbutt","Exhume"],"picked":"SKIP","floor":10.0},{"not_picked":["Clothesline","Entrench"],"picked":"Wild Strike","floor":12.0},{"not_picked":["Thunderclap","Sword Boomerang"],"picked":"Uppercut","floor":14.0},{"not_picked":["Fiend Fire","Reaper"],"picked":"Barricade","floor":16.0},{"not_picked":["Perfected Strike+1","Anger","Thunderclap"],"picked":"SKIP","floor":18.0},{"not_picked":["Headbutt","Sword Boomerang","Hemokinesis"],"picked":"SKIP","floor":19.0},{"not_picked":["Armaments","Pummel","Sword Boomerang"],"picked":"SKIP","floor":21.0},{"not_picked":["Disarm+1","Clothesline"],"picked":"Evolve","floor":22.0},{"not_picked":["Iron Wave","Thunderclap"],"picked":"Immolate","floor":23.0},{"not_picked":["Inflame+1","Cleave+1","Reckless Charge+1"],"picked":"SKIP","floor":27.0},{"not_picked":["Iron Wave+1","Rampage"],"picked":"Disarm","floor":28},{"not_picked":["Twin Strike","Whirlwind"],"picked":"Body Slam","floor":29},{"not_picked":["Exhume","Warcry"],"picked":"Fire Breathing","floor":30},{"not_picked":["Intimidate","Heavy Blade"],"picked":"Ghostly Armor","floor":31},{"not_picked":["Sword Boomerang+1","Twin Strike","Rupture"],"picked":"SKIP","floor":35},{"not_picked":["Sword Boomerang","Warcry","Pommel Strike"],"picked":"SKIP","floor":36},{"not_picked":["Infernal Blade","Body Slam","Dropkick+1"],"picked":"SKIP","floor":39},{"not_picked":["Headbutt","Shockwave","Body Slam"],"picked":"SKIP","floor":39},{"not_picked":["Rampage","Flex"],"picked":"Entrench","floor":40},{"not_picked":["Infernal Blade","Warcry"],"picked":"Impervious","floor":42},{"not_picked":["Sword Boomerang","Blood for Blood","Heavy Blade"],"picked":"SKIP","floor":42},{"not_picked":["Sword Boomerang","Shrug It Off","Wild Strike"],"picked":"SKIP","floor":44},{"not_picked":["Body Slam","Headbutt+1","Hemokinesis"],"picked":"SKIP","floor":44},{"not_picked":["Battle Trance","Thunderclap"],"picked":"Entrench+1","floor":45},{"not_picked":["Spot Weakness","Pummel+1","Twin Strike"],"picked":"SKIP","floor":45},{"not_picked":["Rage+1","Iron Wave"],"picked":"Second Wind","floor":46},{"not_picked":["Spot Weakness","Armaments"],"picked":"Exhume","floor":47},{"not_picked":["Flex","Heavy Blade","Clash"],"picked":"SKIP","floor":47}],"player_experience":833554,"relics_obtained":[{"floor":5.0,"key":"Nunchaku"},{"floor":6.0,"key":"Red Skull"},{"floor":9.0,"key":"Girya"},{"floor":14.0,"key":"Unceasing Top"},{"floor":23.0,"key":"Smiling Mask"},{"floor":26.0,"key":"Akabeko"},{"floor":27.0,"key":"Champion Belt"},{"floor":38,"key":"Prayer Wheel"},{"floor":40,"key":"Gambling Chip"},{"floor":43,"key":"Self Forming Clay"},{"floor":46,"key":"StrikeDummy"}],"event_choices":[{"damage_healed":0.0,"max_hp_gain":0.0,"max_hp_loss":0.0,"gold_gain":0.0,"event_name":"Golden Idol","player_choice":"Take Damage","floor":4.0,"gold_loss":0.0,"damage_taken":18.0,"relics_obtained":["Golden Idol"]},{"damage_healed":0.0,"max_hp_gain":0.0,"max_hp_loss":0.0,"gold_gain":0.0,"cards_transformed":["Strike_R"],"event_name":"Transmorgrifier","player_choice":"Transformed","floor":11.0,"gold_loss":0.0,"damage_taken":0.0,"cards_obtained":["Impervious"]},{"damage_healed":0.0,"max_hp_gain":0.0,"max_hp_loss":0.0,"gold_gain":0.0,"event_name":"Upgrade Shrine","player_choice":"Upgraded","floor":24.0,"gold_loss":0.0,"damage_taken":0.0,"cards_upgraded":["Impervious"]},{"damage_healed":0,"gold_gain":0,"player_choice":"Fight","damage_taken":0,"max_hp_gain":0,"max_hp_loss":0,"event_name":"MindBloom","floor":38,"gold_loss":0},{"damage_healed":0,"gold_gain":0,"player_choice":"0 cards matched","damage_taken":0,"max_hp_gain":0,"max_hp_loss":0,"event_name":"Match and Keep!","floor":41,"gold_loss":0,"cards_obtained":[]},{"damage_healed":0,"gold_gain":0,"player_choice":"Took Portal","damage_taken":0,"max_hp_gain":0,"max_hp_loss":0,"event_name":"SecretPortal","floor":48,"gold_loss":0}],"is_beta":false,"boss_relics":[{"not_picked":["Black Blood","Fusion Hammer"],"picked":"Snecko Eye"},{"not_picked":["Runic Cube","Tiny House"],"picked":"Mark of Pain"}],"items_purged_floors":[2,37],"is_endless":false,"potions_floor_spawned":[7,8,10,12,18,19,27,28,36,39,40,44,47],"ascension_level":14}}