{"host":"0ydzwspkajt4brzd","time":1609276883,"event":{"mods":["AchievementEnabler","BaseMod","Colored Map","DeckTracker","Googly Eyes","Highlight Path","Minty Spire (QoL Compilation)","Quick Restart","Random Character Button","Rare Cards Sparkle"],"gold_per_floor":[115,115,131,146,164,164,198,214,260,260,274,274,288,288,288,390,390,402,414,430,155,233,261,126,156,181,181,181,191,66,66,66,66,66],"floor_reached":33,"playtime":1714,"items_purged":["Strike_R","Strike_R","Defend_R"],"score":456,"play_id":"20e6dac4-223f-4ca9-8151-50ff4b0de8f9","local_time":"20201229132123","is_ascension_mode":true,"campfire_choices":[{"data":"Pommel Strike","floor":6.0,"key":"SMITH"},{"data":"Clothesline","floor":10.0,"key":"SMITH"},{"data":"Shrug It Off","floor":12.0,"key":"SMITH"},{"data":"Inflame","floor":15.0,"key":"SMITH"},{"data":"Limit Break","floor":28.0,"key":"SMITH"},{"data":"Ghostly","floor":32.0,"key":"SMITH"}],"circlet_count":0,"master_deck":["AscendersBane","Strike_R","Strike_R+1","Defend_R","Defend_R","Bash+1","Inflame+1","Pommel Strike+1","Shrug It Off+1","Wild Strike+1","Clothesline+1","Dark Embrace","Feed+1","Spot Weakness","Pommel Strike","Heavy Blade","True Grit","Limit Break+1","Seeing Red","Ghostly+1","Ghostly","Ghostly","Ghostly","Ghostly","Headbutt","Barricade","Sentinel"],"relics":["Coffee Dripper","Charon\u0027s Ashes","Omamori","Snecko Eye","Whetstone","HornCleat","Darkstone Periapt","Bag of Marbles","Juzu Bracelet"],"acts_visited":["Exordium","TheCity"],"potions_floor_usage":[33],"damage_taken":[{"damage":4.0,"enemies":"Jaw Worm","floor":1.0,"turns":3.0},{"damage":5.0,"enemies":"Small Slimes","floor":3.0,"turns":3.0},{"damage":1.0,"enemies":"Cultist","floor":4.0,"turns":3.0},{"damage":4.0,"enemies":"Looter","floor":5.0,"turns":3.0},{"damage":15.0,"enemies":"3 Sentries","floor":7.0,"turns":7.0},{"damage":2.0,"enemies":"3 Louse","floor":8.0,"turns":3.0},{"damage":8.0,"enemies":"Blue Slaver","floor":11.0,"turns":4.0},{"damage":7.0,"enemies":"Looter","floor":13.0,"turns":3.0},{"damage":7.0,"enemies":"The Guardian","floor":16.0,"turns":8.0},{"damage":4.0,"enemies":"Shell Parasite","floor":18.0,"turns":3.0},{"damage":0.0,"enemies":"Spheric Guardian","floor":19.0,"turns":3.0},{"damage":17.0,"enemies":"Shelled Parasite and Fungi","floor":20.0,"turns":3.0},{"damage":12.0,"enemies":"Gremlin Leader","floor":23.0,"turns":4.0},{"damage":32.0,"enemies":"Slavers","floor":25.0,"turns":5.0},{"damage":0.0,"enemies":"Chosen and Byrds","floor":29.0,"turns":4.0},{"damage":31,"enemies":"Champ","floor":33,"turns":6}],"seed_played":"-3841496980274784599","potions_obtained":[{"floor":4.0,"key":"DuplicationPotion"},{"floor":7.0,"key":"CultistPotion"},{"floor":8.0,"key":"Dexterity Potion"},{"floor":18.0,"key":"BlessingOfTheForge"},{"floor":20.0,"key":"Swift Potion"},{"floor":29.0,"key":"SteroidPotion"}],"is_trial":false,"path_per_floor":["M","?","M","M","M","R","E","M","T","R","M","R","M","?","R","B",null,"M","M","M","$","T","E","$","E","T","?","R","M","$","?","R","B"],"character_chosen":"IRONCLAD","items_purchased":["Whetstone","True Grit","Seeing Red"],"campfire_rested":0,"item_purchase_floors":[21,21,24],"current_hp_per_floor":[68,68,63,62,58,58,43,41,41,41,33,33,26,26,26,19,65,64,67,53,53,53,41,41,13,13,13,13,17,17,17,17,0,0],"gold":66,"neow_bonus":"BOSS_RELIC","is_daily":false,"chose_seed":false,"campfire_upgraded":6,"win_rate":0.0,"timestamp":1609276883,"path_taken":["M","?","M","M","M","R","E","M","T","R","M","R","M","?","R","BOSS","M","M","M","$","?","E","$","E","T","?","R","M","$","?","R","BOSS"],"items_purchased_type":["Relic","Card","Card"],"build_version":"2020-12-22","purchased_purges":3,"victory":false,"max_hp_per_floor":[80,80,80,80,80,80,80,80,80,80,80,80,80,80,80,80,80,83,86,89,89,89,89,89,93,93,46,46,50,50,50,50,50,50],"card_choices":[{"not_picked":["Havoc","Iron Wave"],"picked":"Inflame","floor":1.0},{"not_picked":["Cleave","Iron Wave"],"picked":"Pommel Strike","floor":3.0},{"not_picked":["Rage","Intimidate"],"picked":"Shrug It Off","floor":4.0},{"not_picked":["Berserk","Thunderclap"],"picked":"Wild Strike","floor":5.0},{"not_picked":["Sever Soul","Pommel Strike"],"picked":"Clothesline","floor":7.0},{"not_picked":["Feel No Pain","Pommel Strike"],"picked":"Dark Embrace","floor":8.0},{"not_picked":["Sever Soul","Flex","Armaments"],"picked":"SKIP","floor":11.0},{"not_picked":["Anger","Twin Strike","Wild Strike"],"picked":"SKIP","floor":13.0},{"not_picked":["Barricade","Juggernaut"],"picked":"Feed","floor":16.0},{"not_picked":["Anger+1","Blood for Blood+1"],"picked":"Spot Weakness","floor":18.0},{"not_picked":["Havoc","Clash"],"picked":"Pommel Strike","floor":19.0},{"not_picked":["Flex","Inflame+1"],"picked":"Heavy Blade","floor":20.0},{"not_picked":["Cleave","Shrug It Off"],"picked":"Limit Break","floor":23.0},{"not_picked":["Clothesline","Flex+1","Iron Wave+1"],"picked":"SKIP","floor":25.0},{"not_picked":["Burning Pact","Iron Wave"],"picked":"Headbutt","floor":29.0}],"player_experience":378142,"relics_obtained":[{"floor":7.0,"key":"Charon\u0027s Ashes"},{"floor":9.0,"key":"Omamori"},{"floor":22.0,"key":"HornCleat"},{"floor":23.0,"key":"Darkstone Periapt"},{"floor":25.0,"key":"Bag of Marbles"},{"floor":26.0,"key":"Juzu Bracelet"}],"event_choices":[{"damage_healed":0.0,"max_hp_gain":0.0,"max_hp_loss":0.0,"gold_gain":0.0,"event_name":"Living Wall","player_choice":"Grow","floor":2.0,"gold_loss":0.0,"damage_taken":0.0,"cards_upgraded":["Bash"]},{"damage_healed":0.0,"max_hp_gain":0.0,"max_hp_loss":0.0,"gold_gain":0.0,"event_name":"Upgrade Shrine","player_choice":"Upgraded","floor":14.0,"gold_loss":0.0,"damage_taken":0.0,"cards_upgraded":["Wild Strike"]},{"damage_healed":0.0,"max_hp_gain":0.0,"max_hp_loss":47.0,"gold_gain":0.0,"event_name":"Ghosts","player_choice":"Became a Ghost","floor":27.0,"gold_loss":0.0,"damage_taken":0.0,"cards_obtained":["Ghostly","Ghostly","Ghostly","Ghostly","Ghostly"]},{"damage_healed":0.0,"max_hp_gain":0.0,"max_hp_loss":0.0,"gold_gain":0.0,"cards_transformed":["Strike_R","Defend_R"],"event_name":"Drug Dealer","player_choice":"Became Test Subject","floor":31.0,"gold_loss":0.0,"damage_taken":0.0,"cards_obtained":["Barricade","Sentinel"]}],"is_beta":false,"boss_relics":[{"not_picked":["Runic Pyramid","Runic Cube"],"picked":"Snecko Eye"}],"items_purged_floors":[21,24,30],"is_endless":false,"potions_floor_spawned":[4,7,8,18,20,29],"killed_by":"Champ","ascension_level":10}}