{"host":"pnte43t0hnfhqkei","time":1609280672,"event":{"mods":["Act Like it!","BaseMod","BetterRewards","Colored Powertips","Conspire","Infinite Spire","Luminous","Minty Spire (QoL Compilation)","Robot Space Explorer","StSLib","The Dragon Tamer","The Marked","TheSwordswoman","TheWitcher","Wandering Minibosses"],"gold_per_floor":[110,110,126,138,138,138,157,185,185,219,236,251,268,268,268,364,364,383,403,418,437,450,450,477,492,540,572,572,572,572,584,584,584,584],"floor_reached":33,"playtime":2949,"items_purged":[],"score":328,"play_id":"59beb2c4-c8c5-479e-b262-ba5f9c43a1db","local_time":"20201229232432","is_ascension_mode":false,"campfire_choices":[{"data":"Luminous:Equalize_Luminous","floor":6,"key":"SMITH"},{"floor":15,"key":"REST"},{"data":"Luminous:Dark_Apocalypse","floor":23,"key":"SMITH"},{"data":"Luminous:Lania_Blessing_Luminous","floor":32,"key":"SMITH"}],"circlet_count":0,"master_deck":["Luminous:Light_Flash_Shower","Luminous:Light_Flash_Shower","Luminous:Light_Flash_Shower","Luminous:Dark_Abyssal_Drop","Luminous:Dark_Abyssal_Drop+1","Luminous:Dark_Abyssal_Drop","Luminous:Defend_Luminous+1","Luminous:Defend_Luminous+1","Luminous:Defend_Luminous","Luminous:Defend_Luminous","Luminous:Switch_Luminous","Luminous:Equalize_Luminous+1","Luminous:Lunar_Tide_Luminous","Luminous:Dark_Apocalypse+1","Luminous:Date_of_Light_Luminous+1","Luminous:Flash_Blink_Luminous","Luminous:Lania_Blessing_Luminous+1","Luminous:Date_of_Light_Luminous","Luminous:Lunar_Tide_Luminous","Luminous:Lights_Protection_Luminous","Luminous:Hero_Will_Luminous"],"relics":["Luminous:MirrorRelic","Pen Nib","Letter Opener","Mango","Coffee Dripper","Nunchaku","Bag of Preparation","Bronze Scales","conspire:DeflatedDodgeball","wanderingMiniBosses:CarrionFlame"],"acts_visited":["Exordium","TheCity"],"potions_floor_usage":[10,10,10,24,31,33],"damage_taken":[{"damage":0,"enemies":"conspire:RoseBush","floor":1,"turns":3},{"damage":0,"enemies":"Cultist","floor":3,"turns":4},{"damage":1,"enemies":"Jaw Worm","floor":4,"turns":5},{"damage":2,"enemies":"Blue Slaver","floor":7,"turns":5},{"damage":27,"enemies":"3 Sentries","floor":8,"turns":7},{"damage":13,"enemies":"Lagavulin","floor":10,"turns":8},{"damage":3,"enemies":"2 Fungi Beasts","floor":11,"turns":2},{"damage":7,"enemies":"conspire:2 RoseBushes","floor":12,"turns":6},{"damage":14,"enemies":"Large Slime","floor":13,"turns":5},{"damage":26,"enemies":"Hexaghost","floor":16,"turns":10},{"damage":17,"enemies":"Chosen","floor":18,"turns":6},{"damage":14,"enemies":"2 Thieves","floor":19,"turns":4},{"damage":11,"enemies":"Cultist and Chosen","floor":20,"turns":5},{"damage":14,"enemies":"Centurion and Healer","floor":21,"turns":5},{"damage":12,"enemies":"conspire:HollyBat","floor":22,"turns":8},{"damage":11,"enemies":"Gremlin Leader","floor":24,"turns":7},{"damage":33,"enemies":"Snake Plant","floor":25,"turns":6},{"damage":25,"enemies":"conspire:SneckoGhost","floor":27,"turns":7},{"damage":8,"enemies":"Snecko","floor":31,"turns":5},{"damage":38,"enemies":"Champ","floor":33,"turns":10}],"seed_played":"-8945599389387022039","potions_obtained":[{"floor":3,"key":"SkillPotion"},{"floor":4,"key":"Block Potion"},{"floor":8,"key":"Weak Potion"},{"floor":16,"key":"SmokeBomb"},{"floor":20,"key":"LiquidMemories"},{"floor":22,"key":"Weak Potion"},{"floor":25,"key":"Fire Potion"}],"is_trial":false,"path_per_floor":["M","?","M","M","?","R","M","E","T","E","M","M","M","?","R","B",null,"M","M","M","M","M","R","E","M","T","E","?","?","T","M","R","B"],"character_chosen":"LuminousClass","items_purchased":[],"campfire_rested":1,"item_purchase_floors":[],"current_hp_per_floor":[75,75,75,74,79,79,77,50,50,51,48,41,27,8,36,20,94,84,70,64,50,58,58,52,29,29,4,4,35,35,27,27,0,0],"gold":584,"neow_bonus":"UPGRADE_CARD","is_daily":false,"chose_seed":false,"campfire_upgraded":3,"win_rate":0.0,"timestamp":1609280672,"path_taken":["M","?","M","?","?","R","M","E","T","E","M","M","M","?","R","BOSS","M","M","M","M","M","R","E","M","T","E","?","?","?","?","R","BOSS"],"items_purchased_type":[],"build_version":"2020-12-22","purchased_purges":0,"victory":false,"max_hp_per_floor":[75,75,75,75,80,80,80,80,80,94,94,94,94,94,94,94,94,94,94,94,94,94,94,94,94,94,94,94,94,94,94,94,94,94],"card_choices":[{"not_picked":["Luminous:Accumulation_Luminous","Luminous:Dark_Pressure_Void","Luminous:Blinding_Pillar_Luminous"],"picked":"SKIP","floor":1},{"not_picked":["Luminous:Accumulation_Luminous","Luminous:Light_Gather"],"picked":"Luminous:Equalize_Luminous","floor":3},{"not_picked":["Luminous:Light_Disperse","Luminous:Dark_Dim_Erosion"],"picked":"Luminous:Lunar_Tide_Luminous","floor":4},{"not_picked":["Luminous:Dark_Raid","Luminous:Chase_Spell_Luminous"],"picked":"Luminous:Dark_Apocalypse","floor":7},{"not_picked":["Luminous:Light_Sylvan_Lance","Luminous:Accumulation_Luminous","Luminous:Dark_Apocalypse"],"picked":"SKIP","floor":8},{"not_picked":["Luminous:Dark_Moonlight_Spear","Luminous:Dark_Pressure_Void"],"picked":"Luminous:Date_of_Light_Luminous","floor":10},{"not_picked":["Luminous:Light_Wash_Luminous","Luminous:Blinding_Pillar_Luminous","Luminous:Dark_Dim_Erosion"],"picked":"SKIP","floor":11},{"not_picked":["Luminous:Fast_Spell_Luminous","Luminous:Accumulation_Luminous"],"picked":"Luminous:Flash_Blink_Luminous","floor":12},{"not_picked":["Luminous:Light_Ray_of_Redemption","Luminous:Dark_Extract"],"picked":"Luminous:Lania_Blessing_Luminous","floor":13},{"not_picked":["Luminous:Balance_Aether_Conduit","Luminous:Balance_Baptism"],"picked":"Luminous:Date_of_Light_Luminous","floor":16},{"not_picked":["Luminous:Photic_Meditation_Luminous+1","Luminous:Concentrate_Luminous"],"picked":"Luminous:Lunar_Tide_Luminous","floor":18},{"not_picked":["Luminous:Concentrate_Luminous+1","Luminous:Darks_Surge_Luminous","Luminous:Light_Sylvan_Lance+1"],"picked":"SKIP","floor":19},{"not_picked":["Luminous:Chase_Spell_Luminous","Luminous:Light_Disperse","Luminous:Concentrate_Luminous+1"],"picked":"SKIP","floor":20},{"not_picked":["Luminous:Mana_Overload_Luminous+1","Luminous:Chase_Spell_Luminous+1","Luminous:Light_Reflection+1"],"picked":"SKIP","floor":21},{"not_picked":["Luminous:Accumulation_Luminous","Luminous:Blinding_Pillar_Luminous","Luminous:Dark_Pressure_Void"],"picked":"SKIP","floor":22},{"not_picked":["Luminous:Equalize_Luminous","Luminous:Light_Glare+1","Luminous:Reverse_Spell_Luminous"],"picked":"SKIP","floor":24},{"not_picked":["Luminous:Reverse_Spell_Luminous","Luminous:Light_Gather"],"picked":"Luminous:Lights_Protection_Luminous","floor":25},{"not_picked":["Luminous:Dark_Raid","Luminous:Balance_Aether_Conduit"],"picked":"Luminous:Hero_Will_Luminous","floor":27},{"not_picked":["Luminous:Light_Sylvan_Lance","Luminous:Dark_Raid+1","Luminous:Light_Glare"],"picked":"SKIP","floor":31}],"player_experience":132627,"relics_obtained":[{"floor":8,"key":"Pen Nib"},{"floor":9,"key":"Letter Opener"},{"floor":10,"key":"Mango"},{"floor":24,"key":"Nunchaku"},{"floor":26,"key":"Bag of Preparation"},{"floor":27,"key":"Bronze Scales"},{"floor":30,"key":"conspire:DeflatedDodgeball"},{"floor":31,"key":"wanderingMiniBosses:CarrionFlame"}],"event_choices":[{"damage_healed":0,"gold_gain":0,"player_choice":"Upgraded","damage_taken":0,"max_hp_gain":0,"max_hp_loss":0,"event_name":"Upgrade Shrine","floor":2,"gold_loss":0,"cards_upgraded":["Luminous:Defend_Luminous"]},{"damage_healed":0,"gold_gain":0,"player_choice":"Donut","damage_taken":0,"max_hp_gain":5,"max_hp_loss":0,"event_name":"Big Fish","floor":5,"gold_loss":0},{"damage_healed":0,"gold_gain":0,"player_choice":"Entered Light","damage_taken":19,"max_hp_gain":0,"max_hp_loss":0,"event_name":"Shining Light","floor":14,"gold_loss":0,"cards_upgraded":["Luminous:Date_of_Light_Luminous","Luminous:Dark_Abyssal_Drop"]},{"damage_healed":0,"gold_gain":0,"player_choice":"Ignored","damage_taken":0,"max_hp_gain":0,"max_hp_loss":0,"event_name":"Ghosts","floor":28,"gold_loss":0},{"damage_healed":31,"gold_gain":0,"player_choice":"Heal","damage_taken":0,"max_hp_gain":0,"max_hp_loss":0,"event_name":"The Library","floor":29,"gold_loss":0}],"is_beta":false,"boss_relics":[{"not_picked":["Astrolabe","Calling Bell"],"picked":"Coffee Dripper"}],"items_purged_floors":[],"is_endless":false,"potions_floor_spawned":[3,4,8,16,20,22,25,27],"killed_by":"Champ","ascension_level":0}}