{"host":"2se5dq1do2gp0x9k","time":1609229092,"event":{"mods":["AchievementEnabler","BaseMod","Block Reminder","Colored Map","Colored Powertips","Minty Spire (QoL Compilation)","Relic Stats","StSLib","SuperFastMode"],"gold_per_floor":[110,126,138,138,48,64,64,64,64,64,95,6,38,52,52,128,128,138,63,63,74,74,74],"floor_reached":22,"playtime":666,"items_purged":["Strike_R"],"score":438,"play_id":"d2bc21f9-f717-4401-957c-aeeb40112c86","local_time":"20201229000452","is_ascension_mode":true,"campfire_choices":[{"data":"Uppercut","floor":7,"key":"SMITH"},{"floor":10,"key":"REST"},{"floor":15,"key":"REST"}],"circlet_count":0,"master_deck":["AscendersBane","Defend_R","Defend_R","Defend_R+1","Defend_R","Bash","Combust","Perfected Strike+1","Uppercut+1","Entrench","Carnage","Clothesline","Blood for Blood","Shrug It Off","Demon Form+1","Thunderclap+1","Rupture+1","Sword Boomerang+1","Shrug It Off","Ghostly Armor"],"relics":["Snecko Eye","Tiny Chest","Matryoshka","Molten Egg 2","Astrolabe"],"acts_visited":["Exordium","TheCity"],"potions_floor_usage":[22],"damage_taken":[{"damage":4.0,"enemies":"Small Slimes","floor":1.0,"turns":5.0},{"damage":9.0,"enemies":"Jaw Worm","floor":2.0,"turns":4.0},{"damage":0,"enemies":"Cultist","floor":3,"turns":2},{"damage":10,"enemies":"Exordium Thugs","floor":6,"turns":3},{"damage":24,"enemies":"3 Sentries","floor":11,"turns":5},{"damage":0,"enemies":"Gremlin Nob","floor":13,"turns":2},{"damage":7,"enemies":"Gremlin Gang","floor":14,"turns":3},{"damage":14,"enemies":"The Guardian","floor":16,"turns":9},{"damage":28,"enemies":"Spheric Guardian","floor":18,"turns":5},{"damage":29,"enemies":"3 Byrds","floor":21,"turns":4},{"damage":2,"enemies":"Centurion and Healer","floor":22,"turns":3}],"seed_played":"-6766873161611334557","potions_obtained":[{"floor":1.0,"key":"SpeedPotion"},{"floor":2.0,"key":"EssenceOfSteel"},{"floor":14,"key":"Dexterity Potion"},{"floor":21,"key":"SkillPotion"}],"is_trial":false,"path_per_floor":["M","M","M","?","$","M","R","?","T","R","E","$","E","M","R","B",null,"M","$","?","M","M"],"character_chosen":"IRONCLAD","items_purchased":["Carnage","Blood for Blood"],"campfire_rested":2,"item_purchase_floors":[5,12],"current_hp_per_floor":[64,55,55,55,55,45,45,22,22,44,20,20,20,13,35,21,62,34,34,34,5,3,3],"gold":74,"neow_bonus":"BOSS_RELIC","is_daily":false,"chose_seed":false,"campfire_upgraded":1,"win_rate":0.0,"timestamp":1609229092,"path_taken":["M","M","M","?","$","M","R","?","T","R","E","$","E","M","R","BOSS","M","$","?","M","?"],"items_purchased_type":["Card","Card"],"build_version":"2020-12-22","purchased_purges":1,"victory":false,"max_hp_per_floor":[75,75,75,75,75,75,75,75,75,75,75,75,75,75,75,75,75,75,75,75,75,75,75],"relic_stats":{"counters":[11,45],"Astrolabe":["Thunderclap","Rupture","Sword Boomerang"],"Snecko Eye":[78,86,59,84],"Tiny Chest":0,"obtain_stats":[{"Matryoshka":11,"Astrolabe":17,"Snecko Eye":0,"Tiny Chest":9,"Molten Egg 2":13,"Burning Blood":0},{"Matryoshka":5,"Astrolabe":8,"Snecko Eye":0,"Tiny Chest":4,"Molten Egg 2":6,"Burning Blood":0},{"Matryoshka":19,"Astrolabe":33,"Snecko Eye":0,"Tiny Chest":14,"Molten Egg 2":21,"Burning Blood":0}]},"card_choices":[{"not_picked":["Warcry","Rage"],"picked":"Combust","floor":1.0},{"not_picked":["Reckless Charge","True Grit"],"picked":"Perfected Strike","floor":2.0},{"not_picked":["Body Slam","Power Through"],"picked":"Uppercut","floor":3},{"not_picked":["Rupture","Thunderclap"],"picked":"Clothesline","floor":6},{"not_picked":["Havoc","Headbutt","Anger"],"picked":"SKIP","floor":11},{"not_picked":["Thunderclap+1","Twin Strike+1"],"picked":"Shrug It Off","floor":13},{"not_picked":["Intimidate","Flex","Combust"],"picked":"SKIP","floor":14},{"not_picked":["Reaper+1","Limit Break"],"picked":"Demon Form","floor":16},{"not_picked":["Hemokinesis+1","Pommel Strike+1"],"picked":"Shrug It Off","floor":18},{"not_picked":["Armaments","Anger+1"],"picked":"Ghostly Armor","floor":21}],"player_experience":3652669,"relics_obtained":[{"floor":9,"key":"Tiny Chest"},{"floor":11,"key":"Matryoshka"},{"floor":13,"key":"Molten Egg 2"}],"event_choices":[{"damage_healed":0,"gold_gain":0,"cards_transformed":["Strike_R"],"player_choice":"Change","damage_taken":0,"max_hp_gain":0,"max_hp_loss":0,"event_name":"Living Wall","floor":4,"gold_loss":0,"cards_obtained":["Entrench"]},{"damage_healed":0,"gold_gain":0,"player_choice":"Entered Light","damage_taken":23,"max_hp_gain":0,"max_hp_loss":0,"event_name":"Shining Light","floor":8,"gold_loss":0,"cards_upgraded":["Defend_R","Perfected Strike"]},{"damage_healed":0,"gold_gain":0,"player_choice":"Upgraded","damage_taken":0,"max_hp_gain":0,"max_hp_loss":0,"event_name":"Upgrade Shrine","floor":20,"gold_loss":0,"cards_upgraded":["Demon Form"]}],"is_beta":false,"boss_relics":[{"not_picked":["Runic Cube","Busted Crown"],"picked":"Astrolabe"}],"items_purged_floors":[19],"is_endless":false,"potions_floor_spawned":[1,2,13,14,21],"killed_by":"Centurion and Healer","ascension_level":20}}