{"host":"xspobo6976yah3h4","time":1609237551,"event":{"mods":["BaseMod","Clockwork Mod","Colored Map","Curses Come First","Googly Eyes","Minty Spire (QoL Compilation)","Random Character Button","StSLib","The Cursed","The Servant 0.9.4"],"gold_per_floor":[112,123,142,142,66,96,96,96,174,174,211,236,250,273,273,380,380,399,444,467,495,519,556,556,583,638,676,702,711,725,208,208,322,322,347,408,433,433,453,453,480,502,511,145,154,172,23,57,57,57],"floor_reached":51,"playtime":4012,"items_purged":["TheCursedMod:Defend_TheCursed","Pain"],"score":904,"play_id":"2353298a-8383-4168-a4ee-68ada48a1e35","local_time":"20201229112551","is_ascension_mode":false,"campfire_choices":[{"data":"TheCursedMod:CleanUpWorkshop","floor":7,"key":"SMITH"},{"floor":10,"key":"REST"},{"data":"TheCursedMod:Torture","floor":15,"key":"SMITH"},{"data":"TheCursedMod:SaltUponWound","floor":24,"key":"SMITH"},{"data":"TheCursedMod:DemonicPact","floor":32,"key":"SMITH"},{"data":"TheCursedMod:ManaCirculation","floor":40,"key":"SMITH"},{"data":"TheCursedMod:SpitefulPray","floor":49,"key":"SMITH"}],"circlet_count":0,"master_deck":["TheCursedMod:Strike_TheCursed","TheCursedMod:Strike_TheCursed","TheCursedMod:Strike_TheCursed","TheCursedMod:Strike_TheCursed","TheCursedMod:Defend_TheCursed","TheCursedMod:Defend_TheCursed","TheCursedMod:Defend_TheCursed","TheCursedMod:CursedWand","TheCursedMod:CleanUpWorkshop+1","TheCursedMod:Dregs","TheCursedMod:CircleOfCorruption","TheCursedMod:FleshFromBone","TheCursedMod:SoulReap","TheCursedMod:LuckyCharm","TheCursedMod:Torture+1","TheCursedMod:BloodBarrier","TheCursedMod:RapidMovement","TheCursedMod:Wield","TheCursedMod:DemonSword","Ghostly","Ghostly","Ghostly","Ghostly","Ghostly","TheCursedMod:SaltUponWound+1","TheCursedMod:SpitefulPray+1","TheCursedMod:CursedAmulet","TheCursedMod:SurpriseAttack+1","TheCursedMod:ManaCirculation+1","TheCursedMod:CursedBlade+1","TheCursedMod:SpreadPlague+1","TheCursedMod:DemonicPact+1","TheCursedMod:OutForBlood","TheCursedMod:SpitefulPray+1","TheCursedMod:Wield+1","TheCursedMod:StingEye+1","TheCursedMod:CircleOfWindfury+1","Madness","Blind","Master of Strategy","TheCursedMod:SpitefulPlan+1","Decay","TheCursedMod:CursedShiv+1","TheCursedMod:FleshFromBone+1","TheCursedMod:ReleasedStrength+1","TheCursedMod:LuckyCharm","Doubt","Madness","Madness","TheCursedMod:LuckyCharm+1"],"relics":["TheCursedMod:BlackMagic101","Ice Cream","Mercury Hourglass","FossilizedHelix","CeramicFish","Mummified Hand","Anchor","SlaversCollar","Molten Egg 2","Bag of Preparation","TheCursedMod:BloodyHarpoon","WarpedTongs","ClockworkSouvenir","Tiny Chest","Cursed Key","Girya","Bronze Scales","Orrery","Blood Vial","Unceasing Top","Centennial Puzzle","Toy Ornithopter"],"acts_visited":["Exordium","TheCity","TheBeyond"],"potions_floor_usage":[14,27,33,33,33,50,50],"damage_taken":[{"damage":5,"enemies":"Cultist","floor":1,"turns":5},{"damage":5,"enemies":"Jaw Worm","floor":2,"turns":4},{"damage":0,"enemies":"Small Slimes","floor":3,"turns":3},{"damage":20,"enemies":"Lagavulin","floor":6,"turns":8},{"damage":18,"enemies":"3 Sentries","floor":11,"turns":9},{"damage":0,"enemies":"Exordium Thugs","floor":12,"turns":4},{"damage":0,"enemies":"3 Louse","floor":13,"turns":2},{"damage":0,"enemies":"Large Slime","floor":14,"turns":4},{"damage":12,"enemies":"Hexaghost","floor":16,"turns":9},{"damage":14,"enemies":"Shell Parasite","floor":18,"turns":6},{"damage":0,"enemies":"Chosen","floor":20,"turns":7},{"damage":2,"enemies":"Snake Plant","floor":21,"turns":5},{"damage":1,"enemies":"Centurion and Healer","floor":22,"turns":9},{"damage":3,"enemies":"Book of Stabbing","floor":23,"turns":5},{"damage":0,"enemies":"Snecko","floor":25,"turns":6},{"damage":0,"enemies":"Slavers","floor":27,"turns":8},{"damage":0,"enemies":"Snake Plant","floor":28,"turns":4},{"damage":28,"enemies":"Chosen and Byrds","floor":30,"turns":5},{"damage":37,"enemies":"Collector","floor":33,"turns":9},{"damage":1,"enemies":"3 Shapes","floor":35,"turns":4},{"damage":0,"enemies":"2 Orb Walkers","floor":36,"turns":5},{"damage":1,"enemies":"Orb Walker","floor":37,"turns":3},{"damage":0,"enemies":"4 Shapes","floor":39,"turns":4},{"damage":2,"enemies":"Jaw Worm Horde","floor":42,"turns":6},{"damage":0,"enemies":"Nemesis","floor":48,"turns":5},{"damage":0,"enemies":"Awakened One","floor":50,"turns":6}],"seed_played":"-8028319255653698009","potions_obtained":[{"floor":2,"key":"FairyPotion"},{"floor":6,"key":"AttackPotion"},{"floor":14,"key":"SteroidPotion"},{"floor":16,"key":"LiquidBronze"},{"floor":18,"key":"Energy Potion"},{"floor":28,"key":"EntropicBrew"},{"floor":35,"key":"Strength Potion"},{"floor":36,"key":"Block Potion"},{"floor":42,"key":"DistilledChaos"}],"is_trial":false,"path_per_floor":["M","M","M","?","$","E","R","T","T","R","E","M","M","M","R","B",null,"M","?","M","M","M","E","R","M","T","E","M","?","M","$","R","B",null,"M","?","M","?","M","R","?","M","T","$","T","?","$","E","R","B",null],"character_chosen":"THE_CURSED","items_purchased":["TheCursedMod:LuckyCharm","TheCursedMod:DemonicPact","ClockworkSouvenir","Tiny Chest","Orrery","Blood Vial","Centennial Puzzle"],"campfire_rested":1,"item_purchase_floors":[5,31,31,31,44,44,47],"current_hp_per_floor":[49,44,44,37,37,22,22,22,22,44,31,36,38,43,43,36,75,61,37,37,35,36,33,33,37,37,37,37,37,10,10,10,10,37,36,37,36,36,36,36,26,32,32,32,32,27,27,29,29,37],"gold":57,"neow_bonus":"ONE_RARE_RELIC","is_daily":false,"chose_seed":false,"campfire_upgraded":6,"win_rate":0.0,"timestamp":1609237551,"path_taken":["M","M","M","?","$","E","R","?","T","R","E","M","M","?","R","BOSS","M","?","M","M","M","E","R","M","T","E","M","?","?","$","R","BOSS","M","?","M","?","M","R","?","M","T","$","?","?","?","E","R","BOSS"],"items_purchased_type":["Card","Card","Relic","Relic","Relic","Relic","Relic"],"build_version":"2020-12-22","purchased_purges":2,"victory":true,"max_hp_per_floor":[75,75,75,75,75,75,75,75,75,75,75,75,75,75,75,75,75,75,37,37,37,37,37,37,37,37,37,37,37,37,37,37,37,37,37,37,37,37,37,37,37,37,37,37,37,37,37,37,37,37],"card_choices":[{"not_picked":["TheCursedMod:RapidMovement","TheCursedMod:ReleasedKnowledge"],"picked":"TheCursedMod:CircleOfCorruption","floor":1},{"not_picked":["TheCursedMod:Obscuration","TheCursedMod:StingEye"],"picked":"TheCursedMod:FleshFromBone","floor":2},{"not_picked":["TheCursedMod:Stretching","TheCursedMod:PrepareRite"],"picked":"TheCursedMod:SoulReap","floor":3},{"not_picked":["TheCursedMod:ManaBullet","TheCursedMod:Evocation"],"picked":"TheCursedMod:Torture","floor":6},{"not_picked":["TheCursedMod:SmokeScreen","TheCursedMod:VitalStrike"],"picked":"TheCursedMod:BloodBarrier","floor":11},{"not_picked":["TheCursedMod:CursedBoomerang","TheCursedMod:CursedMace"],"picked":"TheCursedMod:RapidMovement","floor":12},{"not_picked":["TheCursedMod:SmokeScreen","TheCursedMod:ManaBullet","TheCursedMod:VitalStrike"],"picked":"SKIP","floor":13},{"not_picked":["TheCursedMod:WearCloak","TheCursedMod:LuckyCharm"],"picked":"TheCursedMod:Wield","floor":14},{"not_picked":["TheCursedMod:StunningStrike","TheCursedMod:DarkBarrier"],"picked":"TheCursedMod:DemonSword","floor":16},{"not_picked":["TheCursedMod:RavingStaff+1","TheCursedMod:VitalStrike","TheCursedMod:Obscuration"],"picked":"SKIP","floor":18},{"not_picked":["TheCursedMod:CircleOfFocus","TheCursedMod:ManaBullet+1"],"picked":"TheCursedMod:SaltUponWound","floor":20},{"not_picked":["TheCursedMod:SurpriseAttack","TheCursedMod:FleshFromBone+1"],"picked":"TheCursedMod:SpitefulPray+1","floor":21},{"not_picked":["TheCursedMod:ReleasedStrength","TheCursedMod:SaltUponWound"],"picked":"TheCursedMod:CursedAmulet","floor":22},{"not_picked":["TheCursedMod:CircleOfFocus","TheCursedMod:Wield+1"],"picked":"TheCursedMod:SurpriseAttack+1","floor":23},{"not_picked":["TheCursedMod:AbyssShockwave+1","TheCursedMod:SpitefulStrike+1"],"picked":"TheCursedMod:ManaCirculation","floor":25},{"not_picked":["TheCursedMod:PrepareRite","TheCursedMod:SmokeScreen"],"picked":"TheCursedMod:CursedBlade+1","floor":27},{"not_picked":["TheCursedMod:TacticalStrike+1","TheCursedMod:FleshFromBone"],"picked":"TheCursedMod:SpreadPlague+1","floor":28},{"not_picked":["TheCursedMod:Wield+1","TheCursedMod:StingEye+1","TheCursedMod:VitalStrike+1"],"picked":"SKIP","floor":30},{"not_picked":["TheCursedMod:DemonicPact","TheCursedMod:Neurasthenia"],"picked":"TheCursedMod:OutForBlood","floor":33},{"not_picked":["TheCursedMod:TroublousMinions","TheCursedMod:CircleOfCorruption+1"],"picked":"TheCursedMod:SpitefulPray","floor":35},{"not_picked":["TheCursedMod:CursedBlade+1","TheCursedMod:BloodBarrier+1"],"picked":"TheCursedMod:Wield+1","floor":36},{"not_picked":["TheCursedMod:CursedBlade+1","TheCursedMod:VitalStrike+1"],"picked":"TheCursedMod:StingEye+1","floor":37},{"not_picked":["TheCursedMod:SoulReap+1","TheCursedMod:WearCloak"],"picked":"TheCursedMod:CircleOfWindfury+1","floor":39},{"not_picked":["The Bomb","Dramatic Entrance+1"],"picked":"Madness","floor":41},{"not_picked":["Secret Technique","PanicButton"],"picked":"Blind","floor":41},{"not_picked":["Mayhem","Madness"],"picked":"Master of Strategy","floor":41},{"not_picked":["TheCursedMod:EmpowerCircles","TheCursedMod:CircleOfBlood"],"picked":"TheCursedMod:SpitefulPlan+1","floor":42},{"not_picked":["TheCursedMod:WearCloak","TheCursedMod:Stigma+1"],"picked":"TheCursedMod:CursedShiv+1","floor":44},{"not_picked":["TheCursedMod:CursedMace+1","TheCursedMod:Grudge"],"picked":"TheCursedMod:FleshFromBone+1","floor":44},{"not_picked":["TheCursedMod:ManaBullet+1","TheCursedMod:ReleasedKnowledge+1"],"picked":"TheCursedMod:ReleasedStrength+1","floor":44},{"not_picked":["TheCursedMod:CursedAmulet","TheCursedMod:Evocation+1"],"picked":"TheCursedMod:LuckyCharm","floor":44},{"not_picked":["TheCursedMod:BlessingInDisguise+1","TheCursedMod:EmpowerCircles"],"picked":"TheCursedMod:LuckyCharm+1","floor":48}],"player_experience":608190,"relics_obtained":[{"floor":6,"key":"FossilizedHelix"},{"floor":8,"key":"CeramicFish"},{"floor":9,"key":"Mummified Hand"},{"floor":11,"key":"Anchor"},{"floor":23,"key":"Molten Egg 2"},{"floor":26,"key":"Bag of Preparation"},{"floor":27,"key":"TheCursedMod:BloodyHarpoon"},{"floor":36,"key":"Girya"},{"floor":43,"key":"Bronze Scales"},{"floor":45,"key":"Unceasing Top"},{"floor":48,"key":"Toy Ornithopter"}],"event_choices":[{"damage_healed":0,"gold_gain":0,"player_choice":"Success","damage_taken":7,"relics_obtained":["Mercury Hourglass"],"max_hp_gain":0,"max_hp_loss":0,"event_name":"Scrap Ooze","floor":4,"gold_loss":0},{"damage_healed":0,"gold_gain":0,"player_choice":"Became a Ghost","damage_taken":0,"max_hp_gain":0,"max_hp_loss":38,"event_name":"Ghosts","floor":19,"gold_loss":0,"cards_obtained":["Ghostly","Ghostly","Ghostly","Ghostly","Ghostly"]},{"damage_healed":0,"gold_gain":0,"player_choice":"Rummage","damage_taken":0,"relics_obtained":["WarpedTongs"],"max_hp_gain":0,"max_hp_loss":0,"event_name":"Accursed Blacksmith","floor":29,"gold_loss":0,"cards_obtained":["Pain"]},{"damage_healed":0,"gold_gain":0,"player_choice":"Fight","damage_taken":0,"max_hp_gain":0,"max_hp_loss":0,"event_name":"Mysterious Sphere","floor":36,"gold_loss":0},{"damage_healed":0,"gold_gain":0,"player_choice":"Ignored","damage_taken":0,"max_hp_gain":0,"max_hp_loss":0,"event_name":"Tomb of Lord Red Mask","floor":38,"gold_loss":0},{"damage_healed":0,"gold_gain":0,"player_choice":"Memory 3","damage_taken":10,"max_hp_gain":0,"max_hp_loss":0,"event_name":"SensoryStone","floor":41,"gold_loss":0},{"damage_healed":0,"gold_gain":0,"player_choice":"Embrace Madness","damage_taken":5,"max_hp_gain":0,"max_hp_loss":0,"event_name":"Winding Halls","floor":46,"gold_loss":0,"cards_obtained":["Madness","Madness"]}],"is_beta":false,"boss_relics":[{"not_picked":["SacredBark","TheCursedMod:BlackMagicAdvanced"],"picked":"SlaversCollar"},{"not_picked":["Tiny House","Runic Pyramid"],"picked":"Cursed Key"}],"items_purged_floors":[31,44],"is_endless":false,"potions_floor_spawned":[2,6,14,16,18,20,23,25,28,35,36,42],"ascension_level":0}}