{"host":"963ykkbusvcbqwtq","time":1609247692,"event":{"mods":["2.2 Compatiblity","AchievementEnabler","Arknights The Spire","BaseMod","Colored Map","GifTheSpireLib","GungeonMod","Lobotomy","Luminous","Minty Spire (QoL Compilation)","StSLib","SuperFastMode","The Bug Knight"],"gold_per_floor":[110,43,57,70,87,121,121,11,11,25,37,57,73,93,93,93,93],"floor_reached":16,"playtime":848,"items_purged":["HollowMod:NailStrikeStart"],"score":108,"play_id":"433473e1-162d-4d3a-9d9b-296803353229","local_time":"20201229221452","is_ascension_mode":false,"campfire_choices":[{"floor":7,"key":"REST"},{"floor":15,"key":"REST"}],"circlet_count":0,"master_deck":["HollowMod:NailStrikeStart","HollowMod:NailStrikeStart","HollowMod:NailStrikeStart","HollowMod:QuickDashStart","HollowMod:QuickDashStart","HollowMod:QuickDashStart","HollowMod:QuickDashStart","HollowMod:FocusHealStart","HollowMod:PogoStrike","QueenOfHatred","HollowMod:GreatSlash","Wellcheers","HollowMod:SiblingsSouls","SingingMachine","HollowMod:CloakDash","HollowMod:DescendingDark","ShyLook","HollowMod:SlysStrikes","HollowMod:DreamGate","FairyFestival","HollowMod:SoulStrike","LaLuna","HollowMod:HowlingWraiths","CrumblingArmor","HollowMod:CycloneSlash","CherryBlossoms","HollowMod:PerfectDash","HollowMod:HeavyBlow"],"relics":["HollowMod:VesselMask","CogitoBucket","HollowMod:LumaflyLanternRelic","Sundial","HollowMod:LifeEnderRelic","AspirationHeart"],"acts_visited":["Exordium"],"potions_floor_usage":[6,16],"damage_taken":[{"damage":1,"enemies":"2 Louse","floor":1,"turns":3},{"damage":6,"enemies":"Cultist","floor":3,"turns":3},{"damage":60,"enemies":"Jaw Worm","floor":4,"turns":12},{"damage":7,"enemies":"Large Slime","floor":5,"turns":5},{"damage":35,"enemies":"Lagavulin","floor":6,"turns":6},{"damage":22,"enemies":"2 Fungi Beasts","floor":10,"turns":5},{"damage":0,"enemies":"3 Louse","floor":11,"turns":2},{"damage":11,"enemies":"Large Slime","floor":12,"turns":4},{"damage":13,"enemies":"Gremlin Gang","floor":13,"turns":3},{"damage":0,"enemies":"3 Louse","floor":14,"turns":2},{"damage":54,"enemies":"Hexaghost","floor":16,"turns":2}],"seed_played":"-8793777343699175426","potions_obtained":[{"floor":4,"key":"Dexterity Potion"},{"floor":10,"key":"Swift Potion"},{"floor":11,"key":"ColorlessPotion"},{"floor":12,"key":"Ancient Potion"}],"is_trial":false,"path_per_floor":["M","?","M","M","M","E","R","$","T","M","M","M","M","M","R","B"],"character_chosen":"THE_BUGKNIGHT","items_purchased":["HollowMod:DreamGate"],"campfire_rested":2,"item_purchase_floors":[8],"current_hp_per_floor":[74,74,69,25,28,2,24,24,24,27,32,27,23,23,48,0,0],"gold":93,"neow_bonus":"","is_daily":false,"chose_seed":false,"campfire_upgraded":0,"win_rate":0.0,"timestamp":1609247692,"path_taken":["M","?","M","M","M","E","R","$","T","M","M","M","M","M","R","BOSS"],"items_purchased_type":["Card"],"build_version":"2020-12-22","purchased_purges":1,"victory":false,"max_hp_per_floor":[75,75,75,75,75,75,75,75,75,85,85,85,85,85,85,85,85],"card_choices":[{"not_picked":["SpiderBud","Scorched"],"picked":"QueenOfHatred","floor":1},{"not_picked":["HollowMod:ChannelNail","HollowMod:TaintedHusks"],"picked":"HollowMod:GreatSlash","floor":1},{"not_picked":["HeroicMonk","OSAHOGD"],"picked":"Wellcheers","floor":3},{"not_picked":["HollowMod:NewGlowingWomb","HollowMod:SoulShaman"],"picked":"HollowMod:SiblingsSouls","floor":3},{"not_picked":["Bloodbath","SpiderBud"],"picked":"SingingMachine","floor":4},{"not_picked":["HollowMod:RecoilStrike","HollowMod:MawleksShell"],"picked":"HollowMod:CloakDash","floor":4},{"not_picked":["OSAHOGD","GreedKing","QueenBee"],"picked":"Singing Bowl","floor":5},{"not_picked":["HollowMod:DescendingDark","HollowMod:SharpenedShadows","HollowMod:SoulSplash"],"picked":"SKIP","floor":5},{"not_picked":["HollowMod:SharpenedShadows","HollowMod:SoulSplash"],"picked":"HollowMod:DescendingDark","floor":5},{"not_picked":["UniverseFragment","OldLady"],"picked":"ShyLook","floor":6},{"not_picked":["HollowMod:TaintedHusks","HollowMod:MawleksShell"],"picked":"HollowMod:SlysStrikes","floor":6},{"not_picked":["MeatLantern","DreamingCurrent"],"picked":"FairyFestival","floor":10},{"not_picked":["HollowMod:SiblingsSouls","HollowMod:InfectedAttack"],"picked":"HollowMod:SoulStrike","floor":10},{"not_picked":["QueenBee","SpiderBud"],"picked":"LaLuna","floor":11},{"not_picked":["HollowMod:InfectedAttack","HollowMod:TaintedHusks"],"picked":"HollowMod:HowlingWraiths","floor":11},{"not_picked":["WallGazer","GreedKing"],"picked":"CrumblingArmor","floor":12},{"not_picked":["HollowMod:InfectedAttack","HollowMod:AbyssShriek"],"picked":"HollowMod:CycloneSlash","floor":12},{"not_picked":["Scorched","PunishingBird"],"picked":"CherryBlossoms","floor":13},{"not_picked":["HollowMod:AbyssShriek","HollowMod:CoiledNail"],"picked":"HollowMod:PerfectDash","floor":13},{"not_picked":["SpiderBud","UniverseFragment","OSAHOGD"],"picked":"Singing Bowl","floor":14},{"not_picked":["HollowMod:LifebloodCocoon","HollowMod:HeavyBlow","HollowMod:TaintedHusks"],"picked":"SKIP","floor":14},{"not_picked":["HollowMod:LifebloodCocoon","HollowMod:TaintedHusks"],"picked":"HollowMod:HeavyBlow","floor":14}],"player_experience":191779,"relics_obtained":[{"floor":6,"key":"Sundial"},{"floor":9,"key":"HollowMod:LifeEnderRelic"}],"event_choices":[{"damage_healed":0,"gold_gain":0,"player_choice":"Paid Gold","damage_taken":0,"relics_obtained":["HollowMod:LumaflyLanternRelic"],"max_hp_gain":0,"max_hp_loss":0,"event_name":"WeMeetAgain","floor":2,"gold_loss":67}],"is_beta":false,"boss_relics":[],"items_purged_floors":[8],"is_endless":false,"potions_floor_spawned":[4,10,11,12],"killed_by":"Hexaghost","ascension_level":0}}