{"host":"l60rmjjsfi0fipmi","time":1609209073,"event":{"mods":["BaseMod","Colored Map","DeckTracker","Minty Spire (QoL Compilation)"],"gold_per_floor":[117,128,128,53,71,96,96,116,116,116,132,149,61,71,71,174,174,190,190,208,224,124,150,165,185,185,185,185,203,203,213,213,308,358,369,244,258,270,120,120,80,90,90,109,109,109],"floor_reached":45,"playtime":4883,"items_purged":["Pain","Strike_R","Strike_R","Strike_R"],"score":493,"play_id":"c648a760-fb15-4c9a-93bb-de402e7f7486","local_time":"20201228213113","is_ascension_mode":false,"campfire_choices":[{"data":"Metallicize","floor":7,"key":"SMITH"},{"data":"Anger","floor":10,"key":"SMITH"},{"floor":15,"key":"REST"},{"floor":27,"key":"REST"},{"data":"Searing Blow+1","floor":30,"key":"SMITH"},{"floor":32,"key":"REST"},{"floor":40,"key":"REST"}],"circlet_count":0,"master_deck":["Strike_R","Strike_R","Defend_R","Defend_R","Defend_R+1","Defend_R","Bash","Intimidate","Wild Strike","Metallicize+1","Uppercut","Anger+1","Feed","Spot Weakness","Discovery+1","Anger","Demon Form","Dark Shackles","Searing Blow+2","Flex+1","Impervious","Double Tap","Armaments+1","Rampage+1","Heavy Blade","Dual Wield"],"relics":["Black Blood","Blood Vial","Bird Faced Urn","Bottled Lightning","Red Skull","Bottled Flame","Tiny House","Strawberry"],"acts_visited":["Exordium","TheCity","TheBeyond"],"potions_floor_usage":[16,23,24,33,33,42,44],"damage_taken":[{"damage":19,"enemies":"Jaw Worm","floor":1,"turns":5},{"damage":3,"enemies":"2 Louse","floor":2,"turns":4},{"damage":0,"enemies":"Cultist","floor":5,"turns":4},{"damage":37,"enemies":"Lagavulin","floor":6,"turns":11},{"damage":11,"enemies":"3 Louse","floor":8,"turns":4},{"damage":7,"enemies":"Lots of Slimes","floor":11,"turns":5},{"damage":12,"enemies":"Red Slaver","floor":12,"turns":4},{"damage":17,"enemies":"Gremlin Gang","floor":14,"turns":4},{"damage":45,"enemies":"Hexaghost","floor":16,"turns":12},{"damage":16,"enemies":"Shell Parasite","floor":18,"turns":5},{"damage":28,"enemies":"Chosen","floor":20,"turns":7},{"damage":26,"enemies":"Snake Plant","floor":21,"turns":5},{"damage":78,"enemies":"Gremlin Leader","floor":23,"turns":9},{"damage":18,"enemies":"Snecko","floor":24,"turns":4},{"damage":30,"enemies":"Shelled Parasite and Fungi","floor":25,"turns":5},{"damage":30,"enemies":"Centurion and Healer","floor":29,"turns":6},{"damage":28,"enemies":"Snecko","floor":31,"turns":5},{"damage":62,"enemies":"Champ","floor":33,"turns":11},{"damage":22,"enemies":"Orb Walker","floor":35,"turns":3},{"damage":74,"enemies":"3 Shapes","floor":37,"turns":8},{"damage":23,"enemies":"Maw","floor":38,"turns":8},{"damage":45,"enemies":"Jaw Worm Horde","floor":42,"turns":8},{"damage":42,"enemies":"Spire Growth","floor":44,"turns":5},{"damage":86,"enemies":"Nemesis","floor":45,"turns":8}],"seed_played":"680200544370518255","potions_obtained":[{"floor":1,"key":"Regen Potion"},{"floor":6,"key":"BloodPotion"},{"floor":12,"key":"SpeedPotion"},{"floor":25,"key":"DuplicationPotion"},{"floor":29,"key":"PowerPotion"},{"floor":31,"key":"Weak Potion"},{"floor":33,"key":"Energy Potion"},{"floor":34,"key":"BloodPotion"}],"is_trial":false,"path_per_floor":["M","M","?","$","M","E","R","M","T","R","M","M","$","M","R","B",null,"M","?","M","M","$","E","M","M","T","R","?","M","R","M","R","B",null,"M","$","M","M","$","R","$","M","T","M","E"],"character_chosen":"IRONCLAD","items_purchased":["Discovery","Dual Wield"],"campfire_rested":4,"item_purchase_floors":[13,41],"current_hp_per_floor":[83,86,53,53,61,32,32,31,31,31,34,35,35,31,61,28,102,105,93,81,73,73,34,43,29,29,60,60,48,48,36,67,25,110,100,100,46,41,41,74,74,51,58,61,0,0],"gold":109,"neow_bonus":"TWENTY_PERCENT_HP_BONUS","is_daily":false,"chose_seed":false,"campfire_upgraded":3,"win_rate":0.0,"timestamp":1609209073,"path_taken":["M","M","?","$","M","E","R","M","T","R","M","M","$","M","R","BOSS","M","?","M","M","$","E","M","?","T","R","?","M","R","M","R","BOSS","M","?","?","?","$","R","$","M","T","M","E"],"items_purchased_type":["Card","Card"],"build_version":"2020-12-22","purchased_purges":4,"victory":false,"max_hp_per_floor":[96,96,96,96,96,96,96,96,96,96,96,99,99,102,102,102,102,105,105,105,105,105,105,105,105,105,105,105,105,105,105,105,105,110,110,110,110,110,110,110,110,114,121,124,124,124],"card_choices":[{"not_picked":["Cleave","Twin Strike"],"picked":"Intimidate","floor":1},{"not_picked":["Hemokinesis","Headbutt"],"picked":"Wild Strike","floor":2},{"not_picked":["Clash","Pummel"],"picked":"Metallicize","floor":5},{"not_picked":["Thunderclap","Searing Blow"],"picked":"Uppercut","floor":6},{"not_picked":["Rupture","Armaments"],"picked":"Anger","floor":8},{"not_picked":["Thunderclap","Infernal Blade"],"picked":"Feed","floor":11},{"not_picked":["Heavy Blade","Clash"],"picked":"Spot Weakness","floor":12},{"not_picked":["True Grit","Pummel"],"picked":"Anger","floor":14},{"not_picked":["Immolate","Reaper"],"picked":"Demon Form","floor":16},{"not_picked":["Ghostly Armor","Rupture","Perfected Strike"],"picked":"SKIP","floor":18},{"not_picked":["Dark Embrace","Wild Strike","Sword Boomerang"],"picked":"SKIP","floor":20},{"not_picked":["Burning Pact","Flex+1"],"picked":"Searing Blow+1","floor":21},{"not_picked":["Clothesline","Battle Trance"],"picked":"Flex+1","floor":23},{"not_picked":["True Grit","Clothesline","Flex+1"],"picked":"SKIP","floor":24},{"not_picked":["True Grit","Evolve","Shrug It Off"],"picked":"SKIP","floor":25},{"not_picked":["Hemokinesis","Flex","Clothesline"],"picked":"SKIP","floor":29},{"not_picked":["Pommel Strike","Intimidate"],"picked":"Impervious","floor":31},{"not_picked":["Bludgeon","Barricade"],"picked":"Double Tap","floor":33},{"not_picked":["Entrench","Clash"],"picked":"Armaments+1","floor":34},{"not_picked":["Clash","Thunderclap+1"],"picked":"Rampage+1","floor":35},{"not_picked":["Power Through","Fire Breathing","Armaments"],"picked":"SKIP","floor":37},{"not_picked":["Shrug It Off+1","Iron Wave+1"],"picked":"Heavy Blade","floor":38},{"not_picked":["Dual Wield+1","Rampage+1","Clash"],"picked":"SKIP","floor":42},{"not_picked":["Power Through","Thunderclap+1","Rupture+1"],"picked":"SKIP","floor":44}],"player_experience":73030,"relics_obtained":[{"floor":6,"key":"Bird Faced Urn"},{"floor":9,"key":"Bottled Lightning"},{"floor":23,"key":"Red Skull"},{"floor":26,"key":"Bottled Flame"},{"floor":43,"key":"Strawberry"}],"event_choices":[{"damage_healed":0,"gold_gain":0,"player_choice":"Success","damage_taken":33,"relics_obtained":["Blood Vial"],"max_hp_gain":0,"max_hp_loss":0,"event_name":"Scrap Ooze","floor":3,"gold_loss":0},{"damage_healed":0,"gold_gain":0,"player_choice":"CARD ","damage_taken":12,"max_hp_gain":0,"max_hp_loss":0,"event_name":"Knowing Skull","floor":19,"potions_obtained":[],"gold_loss":0,"cards_obtained":["Dark Shackles"]},{"damage_healed":0,"gold_gain":0,"player_choice":"Forge","damage_taken":0,"max_hp_gain":0,"max_hp_loss":0,"event_name":"Accursed Blacksmith","floor":28,"gold_loss":0,"cards_upgraded":["Discovery"]}],"is_beta":false,"boss_relics":[{"not_picked":["Sozu","Empty Cage"],"picked":"Black Blood"},{"not_picked":["Fusion Hammer","Mark of Pain"],"picked":"Tiny House"}],"items_purged_floors":[4,22,36,39],"is_endless":false,"potions_floor_spawned":[1,6,12,25,29,31,33,35,37],"killed_by":"Nemesis","ascension_level":0}}