{"host":"dd2mx3pm3ovi0t1n","time":1609224601,"event":{"mods":["2.2 Compatiblity","AchievementEnabler","Aspiration","BaseMod","Beaked The Cultist","Better Altar","Better Match","Better Note","Better Sensory Stone","Better Skull","Better Third Choice","BetterRewards","Colored Map","Colored Powertips","Conspire","Defuse TimeMaze Blight","Downfall","Energized Spire","Friendly Minions","GifTheSpireLib","Halation","Highlight Path","HololiveMod","Hubris","Infinite Spire","Jedi Mod","Marked Mod","Minty Spire (QoL Compilation)","Permanent Neow","Quick Restart","Replay The Spire","Shop Mod","Spicy Shops","Spikes Relics","StSLib","Stuff the Spire","TestMod","The Construct","The Cursed","The Disciple","The Hierophant","The Necromancer","The Runesmith","The Sage","The Servant 0.9.4","Uncapped","Wandering Minibosses","Yuri Mod","vexMod","????"],"gold_per_floor":[113,113,129,32,51,51,68,88,88,88,88,107,30,57,57,157,157,174,93,18,36,36,36,36],"floor_reached":23,"playtime":1126,"items_purged":[],"score":306,"play_id":"5fa60cf2-2ad5-4f1b-b253-f4c346f4494c","local_time":"20201228225001","is_ascension_mode":true,"campfire_choices":[{"data":"Eruption","floor":6,"key":"SMITH"},{"floor":15,"key":"REST"}],"circlet_count":0,"master_deck":["Defend_P","Eruption+1","Vigilance","FlurryOfBlows","FlurryOfBlows","MarkedMod:FirstStrike","Prostrate","FlurryOfBlows","construct:BatteryCore+1","FearNoEvil","MarkedMod:PinPointDefense","Evaluate","MarkedMod:Acupuncture","StuffTheSpire:BrainWave"],"relics":["PureWater","testmod-TestBox","MerchantsRug","MarkedMod:AcupunctureKit","testmod-FatalChain","Question Card","Juzu Bracelet","halation:PinkSoulGem","Blood Vial","hubris:ScarierMask","testmod-Charity"],"acts_visited":["Exordium","TheCity"],"potions_floor_usage":[8,23],"damage_taken":[{"damage":6,"enemies":"conspire:RoseBush","floor":1,"turns":3},{"damage":0,"enemies":"Cultist","floor":3,"turns":3},{"damage":7,"enemies":"Jaw Worm","floor":5,"turns":2},{"damage":2,"enemies":"2 Fungi Beasts","floor":7,"turns":2},{"damage":0,"enemies":"Blue Slaver","floor":8,"turns":1},{"damage":0,"enemies":"Looter","floor":12,"turns":1},{"damage":45,"enemies":"Lagavulin","floor":14,"turns":4},{"damage":28,"enemies":"The Guardian","floor":16,"turns":9},{"damage":22,"enemies":"2 Thieves","floor":18,"turns":6},{"damage":21,"enemies":"Spheric Guardian","floor":21,"turns":4},{"damage":40,"enemies":"conspire:SneckoGhost","floor":23,"turns":5}],"seed_played":"5160447402299922982","potions_obtained":[{"floor":5,"key":"Dexterity Potion"},{"floor":7,"key":"Fire Potion"},{"floor":12,"key":"Elixir"},{"floor":21,"key":"sneckomod:MuddlingPotion"}],"is_trial":false,"path_per_floor":["M","?","M","$","M","R","M","M","T","$","?","M","R","E","R","B",null,"M","$","?","M","$","E"],"character_chosen":"WATCHER","items_purchased":["MerchantsRug","MarkedMod:AcupunctureKit","FlurryOfBlows","Question Card","MarkedMod:PinPointDefense","testmod-Charity","MarkedMod:Acupuncture"],"campfire_rested":1,"item_purchase_floors":[0,0,0,4,13,19,19],"current_hp_per_floor":[66,66,66,66,59,59,57,57,57,57,57,57,57,12,33,7,72,50,50,50,32,32,0,0],"gold":36,"neow_bonus":"","is_daily":false,"chose_seed":false,"campfire_upgraded":1,"win_rate":0.0,"timestamp":1609224601,"path_taken":["M","?","?","$","?","R","M","M","T","$","?","M","R","E","R","BOSS","M","$","?","M","$","E"],"items_purchased_type":["Relic","Relic","Card","Relic","Card","Relic","Card"],"build_version":"2020-12-22","purchased_purges":0,"victory":false,"max_hp_per_floor":[72,72,72,72,72,72,72,72,72,72,72,72,72,72,72,72,72,72,72,72,73,73,73,73],"card_choices":[{"not_picked":["Evaluate","Prostrate"],"picked":"FlurryOfBlows","floor":1},{"not_picked":["EmptyFist","Study","Collect"],"picked":"SKIP","floor":3},{"not_picked":["FlurryOfBlows","CutThroughFate","Conclude","ThirdEye"],"picked":"SKIP","floor":5},{"not_picked":["Protect","Replay:Cycle","BowlingBash","Scrawl"],"picked":"SKIP","floor":7},{"not_picked":["WreathOfFlame","BattleHymn","FlurryOfBlows"],"picked":"FearNoEvil","floor":8},{"not_picked":["Replay:AtTheReady","BowlingBash","ClearTheMind"],"picked":"ForeignInfluence","floor":12},{"not_picked":["ClearTheMind","SpiritShield","CutThroughFate","Replay:Anticipation"],"picked":"SKIP","floor":14},{"not_picked":["BowlingBash","Replay:Cycle","Sanctity"],"picked":"Evaluate","floor":18},{"not_picked":["MarkedMod:FirstStrike","Vengeance+1","Protect","Perseverance+1"],"picked":"SKIP","floor":21}],"player_experience":476376,"relics_obtained":[{"floor":9,"key":"Juzu Bracelet"},{"floor":14,"key":"Blood Vial"}],"event_choices":[{"cards_removed":["construct:BatteryCore"],"damage_healed":0,"gold_gain":0,"player_choice":"Take \u0026 Give","damage_taken":0,"max_hp_gain":0,"max_hp_loss":0,"event_name":"betterNote:BetterNote","floor":2,"gold_loss":0,"cards_obtained":["construct:BatteryCore"]}],"is_beta":false,"boss_relics":[{"not_picked":["ReplayTheSpireMod:DimensionalGlitch","aspiration:BeakedSkillbook"],"picked":"hubris:ScarierMask"}],"items_purged_floors":[],"is_endless":false,"potions_floor_spawned":[5,7,12,21],"killed_by":"conspire:SneckoGhost","ascension_level":1}}