{"host":"nptej036rrbiurf5","time":1609211510,"event":{"mods":["BaseMod","Colored Map","Colored Powertips","DeckTracker","Minty Spire (QoL Compilation)","StSLib","SuperFastMode"],"gold_per_floor":[111,130,7,7,7,32,32,48,99,24,44,44,77,92,92,171,171,182,182,182,232,245,245,23,55,81,115,115,150,150,150,150,226,226,244,255,271,286,286,286,286,320,320,340,358,377,52,66,66,66,66],"floor_reached":50,"playtime":1338,"items_purged":["Strike_R","Strike_R"],"score":1280,"play_id":"eff99fee-90df-4786-89bd-08ef91c61b4f","local_time":"20201229121150","is_ascension_mode":true,"campfire_choices":[{"data":"Carnage","floor":7.0,"key":"SMITH"},{"data":"Whirlwind","floor":12.0,"key":"SMITH"},{"data":"Entrench","floor":15.0,"key":"SMITH"},{"data":"Dark Embrace","floor":23.0,"key":"SMITH"},{"data":"Dark Embrace","floor":28.0,"key":"SMITH"},{"data":"Feel No Pain","floor":30.0,"key":"SMITH"},{"floor":32.0,"key":"RECALL"},{"data":"Exhume","floor":40.0,"key":"SMITH"},{"data":"Feel No Pain","floor":49.0,"key":"SMITH"}],"circlet_count":0,"master_deck":["AscendersBane","Defend_R","Defend_R","Defend_R+1","Defend_R","Bash","Shockwave+1","Intimidate","Carnage+1","Feel No Pain+1","Infernal Blade+1","Whirlwind+1","Flame Barrier","Entrench+1","Fiend Fire","Disarm+1","True Grit","Ghostly Armor","Dark Embrace+1","Power Through","Dark Embrace+1","Ghostly Armor+1","Impervious","Body Slam+1","Exhume+1","CurseOfTheBell","Feel No Pain+1"],"relics":["Burning Blood","NeowsBlessing","Akabeko","Dream Catcher","Singing Bowl","Runic Dome","Shuriken","War Paint","Gambling Chip","FossilizedHelix","Calling Bell","Anchor","Meat on the Bone","Calipers","Ornamental Fan","White Beast Statue","Charon\u0027s Ashes"],"acts_visited":["Exordium","TheCity","TheBeyond"],"potions_floor_usage":[],"damage_taken":[{"damage":0.0,"enemies":"2 Louse","floor":1.0,"turns":1.0},{"damage":0.0,"enemies":"Jaw Worm","floor":2.0,"turns":1.0},{"damage":0.0,"enemies":"Lagavulin","floor":6.0,"turns":1.0},{"damage":0.0,"enemies":"Small Slimes","floor":8.0,"turns":3.0},{"damage":12.0,"enemies":"3 Louse","floor":11.0,"turns":3.0},{"damage":23.0,"enemies":"Gremlin Nob","floor":13.0,"turns":4.0},{"damage":10.0,"enemies":"Large Slime","floor":14.0,"turns":4.0},{"damage":40.0,"enemies":"Hexaghost","floor":16.0,"turns":11.0},{"damage":6.0,"enemies":"Chosen","floor":18.0,"turns":5.0},{"damage":0.0,"enemies":"2 Thieves","floor":22.0,"turns":2.0},{"damage":0.0,"enemies":"Slavers","floor":25.0,"turns":1.0},{"damage":3.0,"enemies":"Gremlin Leader","floor":27.0,"turns":4.0},{"damage":23.0,"enemies":"Book of Stabbing","floor":29.0,"turns":8.0},{"damage":16.0,"enemies":"Automaton","floor":33.0,"turns":6.0},{"damage":0.0,"enemies":"Orb Walker","floor":35.0,"turns":3.0},{"damage":0.0,"enemies":"3 Shapes","floor":36.0,"turns":1.0},{"damage":0.0,"enemies":"Jaw Worm Horde","floor":37.0,"turns":1.0},{"damage":22.0,"enemies":"4 Shapes","floor":38.0,"turns":10.0},{"damage":0.0,"enemies":"Nemesis","floor":42.0,"turns":11.0},{"damage":0.0,"enemies":"Writhing Mass","floor":44.0,"turns":5.0},{"damage":0.0,"enemies":"Maw","floor":45.0,"turns":4.0},{"damage":0.0,"enemies":"3 Darklings","floor":46.0,"turns":6.0},{"damage":14.0,"enemies":"Jaw Worm Horde","floor":48.0,"turns":6.0},{"damage":44,"enemies":"Awakened One","floor":50,"turns":12}],"seed_played":"5916391352535145177","potions_obtained":[{"floor":1.0,"key":"FearPotion"},{"floor":2.0,"key":"Explosive Potion"},{"floor":8.0,"key":"EssenceOfSteel"},{"floor":11.0,"key":"LiquidBronze"},{"floor":18.0,"key":"Dexterity Potion"},{"floor":25.0,"key":"Fire Potion"},{"floor":27.0,"key":"Dexterity Potion"},{"floor":42.0,"key":"LiquidMemories"},{"floor":46.0,"key":"DuplicationPotion"}],"is_trial":false,"path_per_floor":["M","M","$","?","?","E","R","M","T","$","M","R","E","M","R","B",null,"M","?","?","?","M","R","$","E","T","E","R","E","R","T","R","B",null,"M","M","M","M","?","R","?","E","T","M","M","M","$","M","R","B"],"character_chosen":"IRONCLAD","items_purchased":["Carnage","Feel No Pain","Power Through","Dark Embrace","Charon\u0027s Ashes"],"campfire_rested":0,"item_purchase_floors":[3,3,24,24,47],"current_hp_per_floor":[74,75,75,80,56,62,62,68,68,68,62,62,45,41,41,7,62,62,62,62,62,68,68,68,74,74,77,77,60,60,60,60,50,73,79,82,84,70,70,70,70,78,78,86,88,90,90,84,84,40,40],"gold":66,"neow_bonus":"THREE_ENEMY_KILL","is_daily":false,"chose_seed":false,"campfire_upgraded":8,"win_rate":0.0,"timestamp":1609211510,"path_taken":["M","M","$","?","?","E","R","M","T","?","M","R","E","?","R","BOSS","M","?","?","?","M","R","$","E","T","E","R","E","R","?","R","BOSS","M","?","M","M","?","R","?","E","T","M","?","M","$","?","R","BOSS"],"items_purchased_type":["Card","Card","Card","Card","Relic"],"build_version":"2020-12-22","purchased_purges":2,"victory":false,"max_hp_per_floor":[75,75,75,80,80,80,80,80,80,80,80,80,80,80,80,80,80,80,80,80,80,80,80,80,80,80,80,80,80,80,80,80,80,80,80,82,84,86,82,82,82,84,84,86,88,90,90,92,92,92,92],"card_choices":[{"not_picked":["Cleave","Armaments"],"picked":"Shockwave","floor":1.0},{"not_picked":["Clash","Warcry"],"picked":"Intimidate","floor":2.0},{"not_picked":["Clothesline","Heavy Blade","Havoc"],"picked":"SKIP","floor":6.0},{"not_picked":["Perfected Strike","Heavy Blade"],"picked":"Infernal Blade","floor":8.0},{"not_picked":["Perfected Strike","Headbutt"],"picked":"Whirlwind","floor":11.0},{"not_picked":["Wild Strike","Headbutt"],"picked":"Flame Barrier","floor":13.0},{"not_picked":["Impervious","Clash"],"picked":"Entrench","floor":14.0},{"not_picked":["Bludgeon","Immolate"],"picked":"Fiend Fire","floor":16.0},{"not_picked":["Pommel Strike","Clash"],"picked":"Disarm+1","floor":18.0},{"not_picked":["Reckless Charge","Seeing Red"],"picked":"Dark Embrace","floor":22.0},{"not_picked":["Havoc+1","Searing Blow"],"picked":"Ghostly Armor","floor":25.0},{"not_picked":["Ghostly Armor","Wild Strike"],"picked":"Impervious","floor":27.0},{"not_picked":["Clash","Perfected Strike"],"picked":"Body Slam+1","floor":29.0},{"not_picked":["Reaper","Limit Break"],"picked":"Exhume","floor":33.0},{"not_picked":["Pommel Strike","Clash"],"picked":"Feel No Pain","floor":35.0},{"not_picked":["Dark Embrace","Perfected Strike","Shockwave"],"picked":"Singing Bowl","floor":36.0},{"not_picked":["Infernal Blade+1","Thunderclap","Shockwave"],"picked":"Singing Bowl","floor":37.0},{"not_picked":["Cleave+1","Blood for Blood+1","Heavy Blade"],"picked":"Singing Bowl","floor":38.0},{"not_picked":["Hemokinesis","Spot Weakness","Shockwave"],"picked":"Singing Bowl","floor":42.0},{"not_picked":["Flex+1","Perfected Strike","Cleave+1"],"picked":"Singing Bowl","floor":44.0},{"not_picked":["True Grit","Uppercut","Sword Boomerang+1"],"picked":"Singing Bowl","floor":45.0},{"not_picked":["Battle Trance","Rampage","Shockwave"],"picked":"Singing Bowl","floor":46.0},{"not_picked":["Warcry","Anger+1","Limit Break"],"picked":"Singing Bowl","floor":48.0}],"player_experience":868388,"relics_obtained":[{"floor":6.0,"key":"Akabeko"},{"floor":9.0,"key":"Dream Catcher"},{"floor":13.0,"key":"Singing Bowl"},{"floor":25.0,"key":"Shuriken"},{"floor":26.0,"key":"War Paint"},{"floor":27.0,"key":"Gambling Chip"},{"floor":29.0,"key":"FossilizedHelix"},{"floor":34.0,"key":"Anchor"},{"floor":34.0,"key":"Meat on the Bone"},{"floor":34.0,"key":"Calipers"},{"floor":42.0,"key":"Ornamental Fan"},{"floor":43.0,"key":"White Beast Statue"}],"event_choices":[{"damage_healed":0.0,"max_hp_gain":5.0,"max_hp_loss":0.0,"gold_gain":0.0,"event_name":"Big Fish","player_choice":"Donut","floor":4.0,"gold_loss":0.0,"damage_taken":0.0},{"damage_healed":0.0,"max_hp_gain":0.0,"max_hp_loss":0.0,"gold_gain":0.0,"event_name":"Shining Light","player_choice":"Entered Light","floor":5.0,"gold_loss":0.0,"damage_taken":24.0,"cards_upgraded":["Shockwave","Defend_R"]},{"damage_healed":0.0,"max_hp_gain":0.0,"max_hp_loss":0.0,"gold_gain":0.0,"cards_transformed":["Strike_R","Strike_R"],"event_name":"Drug Dealer","player_choice":"Became Test Subject","floor":19.0,"gold_loss":0.0,"damage_taken":0.0,"cards_obtained":["True Grit","Ghostly Armor"]},{"damage_healed":0.0,"max_hp_gain":0.0,"max_hp_loss":0.0,"gold_gain":0.0,"event_name":"Vampires","player_choice":"Ignored","floor":20.0,"gold_loss":0.0,"damage_taken":0.0},{"damage_healed":0.0,"max_hp_gain":0.0,"max_hp_loss":0.0,"gold_gain":50.0,"event_name":"Nest","player_choice":"Stole From Cult","floor":21.0,"gold_loss":0.0,"damage_taken":0.0},{"damage_healed":0.0,"max_hp_gain":0.0,"max_hp_loss":4.0,"gold_gain":0.0,"event_name":"Winding Halls","player_choice":"Max HP","floor":39.0,"gold_loss":0.0,"damage_taken":0.0},{"cards_removed":["Strike_R"],"damage_healed":0.0,"max_hp_gain":0.0,"max_hp_loss":0.0,"gold_gain":0.0,"event_name":"Purifier","player_choice":"Purged","floor":41.0,"gold_loss":0.0,"damage_taken":0.0}],"is_beta":false,"boss_relics":[{"not_picked":["Runic Cube","Busted Crown"],"picked":"Runic Dome"},{"not_picked":["Velvet Choker","Fusion Hammer"],"picked":"Calling Bell"}],"items_purged_floors":[10,24],"is_endless":false,"potions_floor_spawned":[1,2,8,11,18,25,27,42,44,45,46,48],"killed_by":"Awakened One","ascension_level":20}}