{"host":"c2vrdknshfutmcsq","time":1609245294,"event":{"mods":["BaseMod","Minty Spire (QoL Compilation)"],"gold_per_floor":[113,127,147,158,158,191,191,216,240,260,260,270,270,305,305,376,376,389,389,389,389,389,389,22,38,84,84,117,134,151,181,181,252,302,314,314,328,5,24,56,71,0,53,53,83,83,102,135,135,135],"floor_reached":51,"playtime":3929,"items_purged":["Defend_B"],"score":1280,"play_id":"f684a401-3bc6-4986-8d94-115463cab525","local_time":"20201229133454","is_ascension_mode":true,"campfire_choices":[{"floor":7.0,"key":"REST"},{"floor":11.0,"key":"REST"},{"data":"Zap","floor":13.0,"key":"SMITH"},{"data":"Buffer","floor":15.0,"key":"SMITH"},{"floor":23.0,"key":"REST"},{"floor":27.0,"key":"RECALL"},{"floor":32.0,"key":"REST"},{"floor":44.0,"key":"REST"},{"floor":46.0,"key":"REST"},{"floor":49.0,"key":"REST"}],"circlet_count":0,"master_deck":["AscendersBane","Strike_B","Strike_B","Strike_B+1","Defend_B","Defend_B","Zap+1","Dualcast+1","Conserve Battery","Hologram","Ball Lightning","BootSequence","Leap","Core Surge+1","All For One","Streamline","Buffer+1","Multi-Cast","FTL","Melter","RitualDagger","Ball Lightning","Turbo","Undo","Capacitor","Barrage","Redo","Gash","Doom and Gloom","Stack+1","Leap+1","Biased Cognition","Electrodynamics","Defragment","Hologram","Trip","Melter","Lockon","Go for the Eyes+1","Rebound+1","Parasite","Multi-Cast"],"relics":["Cracked Core","StrikeDummy","Juzu Bracelet","Regal Pillow","Nunchaku","Fusion Hammer","Orichalcum","Boot","Ice Cream","Incense Burner","Tiny House","Emotion Chip","Bag of Preparation","Red Mask","Oddly Smooth Stone","CeramicFish"],"acts_visited":["Exordium","TheCity","TheBeyond"],"potions_floor_usage":[50,50],"damage_taken":[{"damage":0.0,"enemies":"Small Slimes","floor":1.0,"turns":3.0},{"damage":7.0,"enemies":"Jaw Worm","floor":2.0,"turns":4.0},{"damage":0.0,"enemies":"Cultist","floor":3.0,"turns":4.0},{"damage":14.0,"enemies":"Lots of Slimes","floor":4.0,"turns":3.0},{"damage":15.0,"enemies":"Gremlin Nob","floor":6.0,"turns":4.0},{"damage":3.0,"enemies":"Lagavulin","floor":8.0,"turns":5.0},{"damage":0.0,"enemies":"Large Slime","floor":10.0,"turns":3.0},{"damage":1.0,"enemies":"Exordium Wildlife","floor":12.0,"turns":3.0},{"damage":11.0,"enemies":"Gremlin Nob","floor":14.0,"turns":4.0},{"damage":34.0,"enemies":"The Guardian","floor":16.0,"turns":11.0},{"damage":0.0,"enemies":"Spheric Guardian","floor":18.0,"turns":3.0},{"damage":0.0,"enemies":"3 Byrds","floor":25.0,"turns":5.0},{"damage":24.0,"enemies":"Slavers","floor":28.0,"turns":5.0},{"damage":0.0,"enemies":"Cultist and Chosen","floor":29.0,"turns":5.0},{"damage":13.0,"enemies":"Centurion and Healer","floor":30.0,"turns":6.0},{"damage":12.0,"enemies":"Book of Stabbing","floor":31.0,"turns":5.0},{"damage":30.0,"enemies":"Automaton","floor":33.0,"turns":10.0},{"damage":0.0,"enemies":"Orb Walker","floor":35.0,"turns":4.0},{"damage":11.0,"enemies":"3 Shapes","floor":37.0,"turns":3.0},{"damage":0.0,"enemies":"Transient","floor":39.0,"turns":5.0},{"damage":19.0,"enemies":"Reptomancer","floor":40.0,"turns":6.0},{"damage":2.0,"enemies":"Jaw Worm Horde","floor":41.0,"turns":4.0},{"damage":51.0,"enemies":"Giant Head","floor":45.0,"turns":9.0},{"damage":0.0,"enemies":"4 Shapes","floor":47.0,"turns":4.0},{"damage":0.0,"enemies":"Writhing Mass","floor":48.0,"turns":6.0},{"damage":58,"enemies":"Donu and Deca","floor":50,"turns":8}],"seed_played":"-7692870956051140862","potions_obtained":[{"floor":4.0,"key":"Strength Potion"},{"floor":6.0,"key":"CultistPotion"},{"floor":8.0,"key":"Fire Potion"},{"floor":14.0,"key":"Fire Potion"},{"floor":16.0,"key":"Energy Potion"},{"floor":29.0,"key":"Block Potion"},{"floor":30.0,"key":"BlessingOfTheForge"},{"floor":34.0,"key":"SneckoOil"},{"floor":39.0,"key":"FocusPotion"}],"is_trial":false,"path_per_floor":["M","M","M","M","?","E","R","E","T","M","R","M","R","E","R","B",null,"M","?","?","?","?","R","$","M","T","R","E","M","M","E","R","B",null,"M","?","M","$","M","E","M","?","T","R","E","R","M","M","R","B",null],"character_chosen":"DEFECT","items_purchased":["Capacitor","Orichalcum","Barrage","Redo","Emotion Chip","Lockon"],"campfire_rested":7,"item_purchase_floors":[24,24,24,24,38,38],"current_hp_per_floor":[64,57,57,43,22,7,28,25,25,25,61,60,60,49,49,15,57,57,57,51,51,51,71,71,71,71,71,47,47,34,22,58,28,65,65,65,54,54,54,35,33,33,33,70,19,56,56,56,76,18],"gold":135,"neow_bonus":"REMOVE_CARD","is_daily":false,"chose_seed":false,"campfire_upgraded":2,"win_rate":0.0,"timestamp":1609245294,"path_taken":["M","M","M","M","?","E","R","E","T","M","R","M","R","E","R","BOSS","M","?","?","?","?","R","?","M","T","R","E","M","M","E","R","BOSS","M","?","M","$","M","E","M","?","T","R","E","R","M","M","R","BOSS"],"items_purchased_type":["Card","Relic","Card","Card","Relic","Card"],"build_version":"2020-12-22","purchased_purges":1,"victory":true,"max_hp_per_floor":[71,71,71,71,71,71,71,71,71,71,71,71,71,71,71,71,71,71,71,71,71,71,71,71,71,71,71,71,71,71,71,71,71,76,76,76,76,76,76,76,76,76,76,76,76,76,76,76,76,76],"card_choices":[{"not_picked":["Coolheaded","Static Discharge"],"picked":"Conserve Battery","floor":1.0},{"not_picked":["Gash","Coolheaded"],"picked":"Hologram","floor":2.0},{"not_picked":["Rebound","Streamline"],"picked":"Ball Lightning","floor":3.0},{"not_picked":["Self Repair","Cold Snap"],"picked":"BootSequence","floor":4.0},{"not_picked":["Sweeping Beam","Hyperbeam"],"picked":"Leap","floor":6.0},{"not_picked":["Cold Snap","Redo"],"picked":"Core Surge","floor":8.0},{"not_picked":["Gash","Chill"],"picked":"All For One","floor":10.0},{"not_picked":["Redo","Turbo"],"picked":"Streamline","floor":12.0},{"not_picked":["Ball Lightning","Meteor Strike"],"picked":"Buffer","floor":14.0},{"not_picked":["Buffer","Machine Learning"],"picked":"Multi-Cast","floor":16.0},{"not_picked":["Steam Power","Barrage"],"picked":"FTL","floor":18.0},{"not_picked":["Chill","Redo"],"picked":"Gash","floor":25.0},{"not_picked":["Capacitor+1","Ball Lightning"],"picked":"Doom and Gloom","floor":28.0},{"not_picked":["Ball Lightning+1","Hologram"],"picked":"Stack+1","floor":29.0},{"not_picked":["Static Discharge+1","Sweeping Beam"],"picked":"Leap+1","floor":30.0},{"not_picked":["Barrage","Ball Lightning"],"picked":"Biased Cognition","floor":31.0},{"not_picked":["Amplify","Meteor Strike"],"picked":"Electrodynamics","floor":33.0},{"not_picked":["Coolheaded","Darkness"],"picked":"Defragment","floor":34.0},{"not_picked":["Storm","Static Discharge"],"picked":"Hologram","floor":35.0},{"not_picked":["Blind","Chrysalis"],"picked":"Trip","floor":36.0},{"not_picked":["Cold Snap","Skim+1"],"picked":"Melter","floor":37.0},{"not_picked":["Streamline+1","Static Discharge"],"picked":"Go for the Eyes+1","floor":39.0},{"not_picked":["Storm","Barrage"],"picked":"Rebound+1","floor":40.0},{"not_picked":["Rebound","Stack","Redo"],"picked":"SKIP","floor":41.0},{"not_picked":["Streamline","Self Repair","Compile Driver"],"picked":"SKIP","floor":45.0},{"not_picked":["Blizzard+1","Turbo","Genetic Algorithm"],"picked":"SKIP","floor":47.0},{"not_picked":["Rebound","Streamline"],"picked":"Multi-Cast","floor":48.0}],"player_experience":1218920,"relics_obtained":[{"floor":6.0,"key":"StrikeDummy"},{"floor":8.0,"key":"Juzu Bracelet"},{"floor":9.0,"key":"Regal Pillow"},{"floor":14.0,"key":"Nunchaku"},{"floor":26.0,"key":"Boot"},{"floor":28.0,"key":"Ice Cream"},{"floor":31.0,"key":"Incense Burner"},{"floor":40.0,"key":"Bag of Preparation"},{"floor":43.0,"key":"Oddly Smooth Stone"},{"floor":45.0,"key":"CeramicFish"}],"event_choices":[{"damage_healed":0.0,"max_hp_gain":0.0,"max_hp_loss":0.0,"gold_gain":0.0,"event_name":"Shining Light","player_choice":"Entered Light","floor":5.0,"gold_loss":0.0,"damage_taken":21.0,"cards_upgraded":["Dualcast","Strike_B"]},{"damage_healed":0.0,"max_hp_gain":0.0,"max_hp_loss":0.0,"gold_gain":0.0,"event_name":"The Library","player_choice":"Read","floor":19.0,"gold_loss":0.0,"damage_taken":0.0,"cards_obtained":["Melter"]},{"damage_healed":0.0,"max_hp_gain":0.0,"max_hp_loss":0.0,"gold_gain":0.0,"event_name":"Nest","player_choice":"Joined the Cult","floor":20.0,"gold_loss":0.0,"damage_taken":6.0,"cards_obtained":["RitualDagger"]},{"damage_healed":0.0,"max_hp_gain":0.0,"max_hp_loss":0.0,"gold_gain":0.0,"cards_transformed":["Defend_B"],"event_name":"Transmorgrifier","player_choice":"Transformed","floor":21.0,"gold_loss":0.0,"damage_taken":0.0,"cards_obtained":["Ball Lightning"]},{"damage_healed":0.0,"max_hp_gain":0.0,"max_hp_loss":0.0,"gold_gain":0.0,"event_name":"Match and Keep!","player_choice":"2 cards matched","floor":22.0,"gold_loss":0.0,"damage_taken":0.0,"cards_obtained":["Turbo","Undo"]},{"damage_healed":0.0,"max_hp_gain":0.0,"max_hp_loss":0.0,"gold_gain":0.0,"event_name":"SensoryStone","player_choice":"Memory 1","floor":36.0,"gold_loss":0.0,"damage_taken":0.0},{"damage_healed":0.0,"max_hp_gain":0.0,"max_hp_loss":0.0,"gold_gain":0.0,"event_name":"Tomb of Lord Red Mask","player_choice":"Paid","floor":42.0,"gold_loss":71.0,"damage_taken":0.0,"relics_obtained":["Red Mask"]}],"is_beta":false,"boss_relics":[{"not_picked":["Nuclear Battery","Ectoplasm"],"picked":"Fusion Hammer"},{"not_picked":["Snecko Eye","Sozu"],"picked":"Tiny House"}],"items_purged_floors":[24],"is_endless":false,"potions_floor_spawned":[4,6,8,14,16,18,29,30,37,39,45],"ascension_level":15}}