{"host":"f5uumzf5hfexzk8l","time":1609216552,"event":{"mods":["BaseMod","Colored Map","Googly Eyes","Highlight Path","Minty Spire (QoL Compilation)","Permanent Neow","StSLib","SuperFastMode","Unceasing Turn Reminder"],"gold_per_floor":[366,379,175,194,194,228,208,208,208,243,55,55,75,89,89,89,89],"floor_reached":16,"playtime":794,"items_purged":["Strike_G","Strike_G"],"score":220,"play_id":"6a13d418-d554-46e0-ab59-01c1fed5380c","local_time":"20201228203552","is_ascension_mode":true,"campfire_choices":[{"floor":8,"key":"REST"},{"data":"Neutralize","floor":12,"key":"SMITH"},{"floor":15,"key":"REST"}],"circlet_count":0,"master_deck":["AscendersBane","Strike_G","Strike_G","Strike_G","Defend_G","Defend_G","Defend_G","Defend_G","Defend_G","Survivor","Neutralize+1","Noxious Fumes","Dash","Dash","Leg Sweep","Footwork","Backflip"],"relics":["Ring of the Snake","Golden Idol","Gremlin Horn","Letter Opener","StrikeDummy"],"acts_visited":["Exordium"],"potions_floor_usage":[6,6,10,14],"damage_taken":[{"damage":8,"enemies":"Jaw Worm","floor":1,"turns":6},{"damage":2,"enemies":"Small Slimes","floor":2,"turns":5},{"damage":1,"enemies":"Cultist","floor":4,"turns":4},{"damage":25,"enemies":"Gremlin Nob","floor":6,"turns":6},{"damage":28,"enemies":"Lagavulin","floor":10,"turns":10},{"damage":4,"enemies":"Exordium Thugs","floor":13,"turns":5},{"damage":1,"enemies":"Lots of Slimes","floor":14,"turns":7},{"damage":87,"enemies":"Hexaghost","floor":16,"turns":17}],"seed_played":"3048823882852461289","potions_obtained":[{"floor":1,"key":"Block Potion"},{"floor":4,"key":"DistilledChaos"},{"floor":7,"key":"Regen Potion"},{"floor":13,"key":"SpeedPotion"}],"is_trial":false,"path_per_floor":["M","M","$","M","?","E","?","R","T","E","$","R","M","M","R","B"],"character_chosen":"THE_SILENT","items_purchased":["Noxious Fumes","Dash","Footwork"],"campfire_rested":2,"item_purchase_floors":[3,3,11],"current_hp_per_floor":[36,34,34,33,33,8,8,26,26,13,13,13,9,8,26,0,0],"gold":89,"neow_bonus":"TWO_FIFTY_GOLD","is_daily":false,"chose_seed":false,"campfire_upgraded":1,"win_rate":0.0,"timestamp":1609216552,"path_taken":["M","M","$","M","?","E","?","R","T","E","$","R","M","M","R","BOSS"],"items_purchased_type":["Card","Card","Card"],"build_version":"2020-12-22","purchased_purges":2,"victory":false,"max_hp_per_floor":[66,66,66,66,60,60,60,60,60,60,60,60,60,60,60,60,60],"card_choices":[{"not_picked":["Concentrate","Catalyst","Masterful Stab"],"picked":"SKIP","floor":1},{"not_picked":["Crippling Poison","Outmaneuver","Quick Slash"],"picked":"SKIP","floor":2},{"not_picked":["Flechettes","Catalyst"],"picked":"Dash","floor":4},{"not_picked":["Poisoned Stab","Prepared","Predator"],"picked":"SKIP","floor":6},{"not_picked":["Setup","Choke"],"picked":"Leg Sweep","floor":10},{"not_picked":["Deadly Poison","Unload","Underhanded Strike"],"picked":"SKIP","floor":13},{"not_picked":["Expertise","Skewer"],"picked":"Backflip","floor":14}],"player_experience":327165,"relics_obtained":[{"floor":6,"key":"Gremlin Horn"},{"floor":9,"key":"Letter Opener"},{"floor":10,"key":"StrikeDummy"}],"event_choices":[{"damage_healed":0,"gold_gain":0,"player_choice":"Lose Max HP","damage_taken":0,"relics_obtained":["Golden Idol"],"max_hp_gain":0,"max_hp_loss":6,"event_name":"Golden Idol","floor":5,"gold_loss":0},{"damage_healed":0,"gold_gain":0,"player_choice":"Bought 1 Potion","damage_taken":0,"max_hp_gain":0,"max_hp_loss":0,"event_name":"The Woman in Blue","floor":7,"gold_loss":0}],"is_beta":false,"boss_relics":[],"items_purged_floors":[3,11],"is_endless":false,"potions_floor_spawned":[1,4,13],"killed_by":"Hexaghost","ascension_level":20}}