{"host":"wh4j7ne8ji3b7qqv","time":1609251718,"event":{"mods":["AchievementEnabler","BaseMod","Colored Map","Downfall","Minty Spire (QoL Compilation)","StSLib"],"gold_per_floor":[99,99,99,99,99,128,183,198,233,250,250,263,38,48,64,165,165,165,181,192,29,39,66,66,66,66,66,66],"floor_reached":26,"playtime":1514,"items_purged":["Regret"],"score":261,"play_id":"471f155a-6c96-4791-9a88-40340568c3c4","local_time":"20201229152158","is_ascension_mode":false,"campfire_choices":[{"floor":1.0,"key":"RECALL"},{"data":"hexamod:SoulSteal","floor":13.0,"key":"SMITH"},{"data":"hexamod:RadiantFlame","floor":18.0,"key":"SMITH"},{"data":"hexamod:ExtraCrispy","floor":25,"key":"SMITH"}],"circlet_count":0,"master_deck":["hexamod:Strike+1","hexamod:Strike+1","hexamod:Strike+1","hexamod:Defend","hexamod:Defend","hexamod:Defend","hexamod:Defend","hexamod:Sear","hexamod:Float+1","hexamod:HeatMetal+1","hexamod:HauntingEcho","hexamod:FastForward","hexamod:HeatCrush","hexamod:FirstSeal","hexamod:SoulSteal+1","hexamod:RainOfEmbers","hexamod:RadiantFlame+1","hexamod:PowerFromBeyond","hexamod:FifthSeal","hexamod:ShieldOfDarkness+1","hexamod:SixthSeal","hexamod:ShieldOfDarkness+1","hexamod:EmpoweringStance","hexamod:ExtraCrispy+1","hexamod:FourthSeal","hexamod:ChargedBarrage+1","hexamod:FastForward+1"],"relics":["hexamod:SpiritBrand","downfall:HeartsMalice","TungstenRod","Question Card","downfall:HeartBlessingGreen","downfall:HeartBlessingBlue","downfall:HeartBlessingRed","Philosopher\u0027s Stone","Ice Cream","Meat on the Bone"],"acts_visited":["Exordium","TheCity"],"potions_floor_usage":[22,23,26],"damage_taken":[{"damage":0.0,"enemies":"Jaw Worm","floor":2.0,"turns":1.0},{"damage":0.0,"enemies":"Small Slimes","floor":4.0,"turns":1.0},{"damage":0.0,"enemies":"Lagavulin","floor":6.0,"turns":1.0},{"damage":1.0,"enemies":"Cultist","floor":8.0,"turns":3.0},{"damage":25.0,"enemies":"3 Sentries","floor":9.0,"turns":9.0},{"damage":8.0,"enemies":"2 Fungi Beasts","floor":10.0,"turns":3.0},{"damage":6.0,"enemies":"Gremlin Gang","floor":12.0,"turns":3.0},{"damage":0.0,"enemies":"Large Slime","floor":14.0,"turns":3.0},{"damage":15.0,"enemies":"Exordium Wildlife","floor":15.0,"turns":3.0},{"damage":24.0,"enemies":"downfall:Ironclad","floor":16.0,"turns":6.0},{"damage":6.0,"enemies":"3 Byrds","floor":19.0,"turns":3.0},{"damage":20.0,"enemies":"Shell Parasite","floor":20.0,"turns":5.0},{"damage":1,"enemies":"downfall:FleeingMerchant","floor":21,"turns":4},{"damage":30,"enemies":"Centurion and Healer","floor":22,"turns":7},{"damage":39,"enemies":"Gremlin Leader","floor":23,"turns":7},{"damage":20,"enemies":"Snake Plant","floor":26,"turns":5}],"seed_played":"-2351712038271210375","potions_obtained":[{"floor":6.0,"key":"hexamod:EctoCoolerPotion"},{"floor":10.0,"key":"GamblersBrew"},{"floor":14.0,"key":"Regen Potion"},{"floor":16.0,"key":"DistilledChaos"},{"floor":19.0,"key":"SpeedPotion"},{"floor":22,"key":"champ:CounterPotion"}],"is_trial":false,"path_per_floor":["R","M","?","M","?","E","T","M","E","M","?","M","R","M","M","B",null,"R","M","M","$","M","E","T","R","M"],"character_chosen":"THE_SPIRIT","items_purchased":["hexamod:ExtraCrispy"],"campfire_rested":0,"item_purchase_floors":[21],"current_hp_per_floor":[70,70,70,70,70,70,70,69,44,43,43,44,54,61,53,44,80,80,80,67,73,50,18,18,18,0,0,0],"gold":66,"neow_bonus":"THREE_ENEMY_KILL","is_daily":false,"chose_seed":false,"campfire_upgraded":3,"win_rate":0.0,"timestamp":1609251718,"path_taken":["R","M","?","M","?","E","T","?","E","M","?","M","R","M","M","BOSS","R","M","?","$","M","E","T","R","M"],"items_purchased_type":["Card"],"build_version":"2020-12-22","purchased_purges":1,"victory":false,"max_hp_per_floor":[70,70,70,70,70,70,70,70,70,70,70,70,80,80,80,80,80,80,80,80,80,80,80,80,80,80,80,80],"card_choices":[{"not_picked":["hexamod:ShieldOfDarkness","hexamod:EtherealExpedition"],"picked":"hexamod:HeatMetal","floor":2.0},{"not_picked":["hexamod:GhostLash","hexamod:SwordOfDarkness"],"picked":"hexamod:HauntingEcho","floor":4.0},{"not_picked":["hexamod:SwordOfDarkness","hexamod:GhostLash"],"picked":"hexamod:FastForward","floor":6.0},{"not_picked":["hexamod:Hexaguard","hexamod:SkipABeat"],"picked":"hexamod:HeatCrush","floor":8.0},{"not_picked":["hexamod:GhostflameInferno","hexamod:HeatShield"],"picked":"hexamod:FirstSeal","floor":9.0},{"not_picked":["hexamod:FirstSeal","hexamod:ThermalTransfer","hexamod:RainOfEmbers"],"picked":"hexamod:SoulSteal","floor":10.0},{"not_picked":["hexamod:ShieldOfDarkness","hexamod:GhostLash","hexamod:NightmareGuise"],"picked":"hexamod:RainOfEmbers","floor":12.0},{"not_picked":["hexamod:HeatMetal","hexamod:DynamicBlow","hexamod:RetreatToShadows"],"picked":"hexamod:RadiantFlame","floor":14.0},{"not_picked":["hexamod:StepThrough","hexamod:SwordOfDarkness","hexamod:NightmareStrike"],"picked":"hexamod:PowerFromBeyond","floor":15.0},{"not_picked":["hexamod:TurnItUp","hexamod:SixthSeal","hexamod:ParanormalForm"],"picked":"hexamod:FifthSeal","floor":16.0},{"not_picked":["hexamod:Again","hexamod:BurningTouch+1","hexamod:BacktrackSmack"],"picked":"hexamod:ShieldOfDarkness","floor":19.0},{"not_picked":["hexamod:SecondSeal","hexamod:ThirdSeal","hexamod:FirstSeal"],"picked":"hexamod:SixthSeal","floor":20.0},{"not_picked":["hexamod:HauntingEcho+1","hexamod:SpectersWail","hexamod:EtherealExpedition"],"picked":"hexamod:ShieldOfDarkness+1","floor":20.0},{"not_picked":["hexamod:ShieldOfDarkness","hexamod:SpectersWail","hexamod:HauntingEcho"],"picked":"hexamod:EmpoweringStance","floor":21},{"not_picked":["hexamod:ThirdSeal","hexamod:SixthSeal","hexamod:FirstSeal"],"picked":"hexamod:FourthSeal","floor":22},{"not_picked":["hexamod:InspiringFlames","hexamod:NightmareGuise","hexamod:SpectersWail"],"picked":"hexamod:ChargedBarrage","floor":22},{"not_picked":["hexamod:RainOfEmbers","hexamod:SpectralAdrenaline","hexamod:GhostOfSpirePresent"],"picked":"hexamod:FastForward+1","floor":23}],"player_experience":39368,"relics_obtained":[{"floor":6.0,"key":"TungstenRod"},{"floor":9.0,"key":"Question Card"},{"floor":23,"key":"Ice Cream"},{"floor":24,"key":"Meat on the Bone"}],"event_choices":[{"damage_healed":0.0,"max_hp_gain":0.0,"max_hp_loss":0.0,"gold_gain":0.0,"event_name":"Upgrade Shrine","player_choice":"Upgraded","floor":5.0,"gold_loss":0.0,"damage_taken":0.0,"cards_upgraded":["hexamod:HeatMetal"]},{"cards_removed":["hexamod:Strike"],"damage_healed":0.0,"max_hp_gain":0.0,"max_hp_loss":0.0,"gold_gain":0.0,"event_name":"Purifier","player_choice":"Purged","floor":11.0,"gold_loss":0.0,"damage_taken":0.0}],"is_beta":false,"boss_relics":[{"not_picked":["Snecko Eye","Coffee Dripper"],"picked":"Philosopher\u0027s Stone"}],"items_purged_floors":[21],"is_endless":false,"potions_floor_spawned":[6,10,14,16,19,22],"killed_by":"Snake Plant","ascension_level":0}}