{"host":"rolltorest","time":1609285790,"event":{"mods":["BaseMod","Downfall","Minty Spire (QoL Compilation)","StSLib"],"gold_per_floor":[99,118,130,130,140,65,65,99,116,148,148,174,99,125,139,235,235,235,71,85,185,252,296,296,336,354,398,409,438,515,542,555,664,664,664,714,764,774,481,506,529,557,482,24,24,74,103,180,206,206,206,248,104,104,104],"floor_reached":56,"playtime":2541,"items_purged":["Regret","champ:Strike","champ:Strike+1","champ:Strike+1"],"score":1884,"play_id":"8dbfd62b-fe14-45d3-9878-d4e7f0d59e9f","local_time":"20201229154950","is_ascension_mode":true,"campfire_choices":[{"floor":1,"key":"RECALL"},{"data":"champ:FanOfKnives","floor":6,"key":"SMITH"},{"data":"champ:Taunt","floor":13,"key":"SMITH"},{"data":"champ:RecklessLeap","floor":18,"key":"SMITH"},{"data":"champ:StrikeOfGenius","floor":35,"key":"SMITH"},{"data":"champ:DeathBlow","floor":43,"key":"SMITH"},{"data":"champ:Devastate","floor":45,"key":"SMITH"},{"data":"champ:SwordSigil","floor":54,"key":"SMITH"}],"circlet_count":0,"master_deck":["champ:Defend","champ:Defend+1","champ:Defend","champ:Defend","champ:Execute","champ:Taunt+1","champ:FlashCut","champ:FanOfKnives+1","champ:DeathBlow+1","champ:Haymaker","champ:CheapShot","champ:RecklessLeap+1","champ:VampiricStrike","champ:IronFortress","champ:GladiatorStyle","champ:AdrenalArmor","champ:BerserkerStyle+1","champ:Encircle+1","champ:LastStand","champ:VampiricStrike","champ:Backstep","champ:AdrenalArmor+1","champ:GladiatorsShout+1","champ:StrikeOfGenius+1","Apotheosis","champ:RapidStrikes+1","champ:Devastate+1","expansioncontent:GuardianWhirl","expansioncontent:PrepareCrush","expansioncontent:FaceSlap","champ:Duel","champ:SwordSigil+1"],"relics":["Snecko Eye","downfall:HeartBlessingRed","StrikeDummy","Boot","Pen Nib","champ:GladiatorsBookOfMartialProwess","downfall:HeartBlessingGreen","Oddly Smooth Stone","Velvet Choker","downfall:CloakOfManyFaces","CultistMask","FaceOfCleric","NlothsMask","GremlinMask","SsserpentHead","DollysMirror","CeramicFish","Dream Catcher","Bronze Scales","Red Mask","Pocketwatch","Coffee Dripper","Juzu Bracelet","champ:FightingForDummies","downfall:HeartBlessingBlue","Akabeko","HornCleat","Dead Branch","OrangePellets"],"acts_visited":["Exordium","TheCity","TheBeyond","TheEnding"],"potions_floor_usage":[8],"damage_taken":[{"damage":5,"enemies":"Small Slimes","floor":2,"turns":2},{"damage":4,"enemies":"Jaw Worm","floor":3,"turns":4},{"damage":5,"enemies":"Cultist","floor":5,"turns":2},{"damage":22,"enemies":"3 Sentries","floor":8,"turns":3},{"damage":10,"enemies":"3 Louse","floor":9,"turns":1},{"damage":7,"enemies":"Lagavulin","floor":10,"turns":4},{"damage":0,"enemies":"Gremlin Nob","floor":12,"turns":3},{"damage":0,"enemies":"2 Fungi Beasts","floor":15,"turns":2},{"damage":44,"enemies":"downfall:Watcher","floor":16,"turns":6},{"damage":40,"enemies":"downfall:FleeingMerchant","floor":19,"turns":5},{"damage":35,"enemies":"Spheric Guardian","floor":20,"turns":2},{"damage":9,"enemies":"downfall:FaceTrader","floor":21,"turns":2},{"damage":41,"enemies":"Centurion and Healer","floor":22,"turns":4},{"damage":44,"enemies":"downfall:FleeingMerchant","floor":23,"turns":2},{"damage":55,"enemies":"Gremlin Leader","floor":25,"turns":3},{"damage":29,"enemies":"Sentry and Sphere","floor":26,"turns":5},{"damage":23,"enemies":"Book of Stabbing","floor":27,"turns":4},{"damage":41,"enemies":"Shelled Parasite and Fungi","floor":28,"turns":3},{"damage":52,"enemies":"Gremlin Leader","floor":29,"turns":4},{"damage":28,"enemies":"Masked Bandits","floor":30,"turns":2},{"damage":40,"enemies":"Book of Stabbing","floor":31,"turns":3},{"damage":15,"enemies":"Snecko","floor":32,"turns":3},{"damage":56,"enemies":"downfall:Silent","floor":33,"turns":6},{"damage":43,"enemies":"3 Shapes","floor":38,"turns":5},{"damage":36,"enemies":"Orb Walker","floor":40,"turns":3},{"damage":47,"enemies":"Giant Head","floor":42,"turns":6},{"damage":36,"enemies":"Reptomancer","floor":47,"turns":5},{"damage":24,"enemies":"Spire Growth","floor":49,"turns":4},{"damage":57,"enemies":"downfall:Ironclad","floor":50,"turns":9},{"damage":100,"enemies":"downfall:CharBossMerchant","floor":52,"turns":6},{"damage":175,"enemies":"downfall:NeowBoss","floor":55,"turns":16}],"seed_played":"-2210082220495076290","potions_obtained":[{"floor":3,"key":"LiquidMemories"},{"floor":5,"key":"Slimebound:ThreeZeroPotion"},{"floor":10,"key":"SteroidPotion"},{"floor":12,"key":"SkillPotion"},{"floor":16,"key":"Regen Potion"}],"is_trial":false,"path_per_floor":["R","M","M","?","M","R","T","E","M","E","?","E","R","T","M","B",null,"R","$","M","?","M","$","T","E","M","E","M","E","?","E","M","B",null,"R","?","?","M","$","M","T","E","R","$","R","?","E","?","M","B",null,"E","$","R","B",null],"character_chosen":"THE_CHAMP","items_purchased":["champ:GladiatorStyle","DollysMirror","champ:Backstep","Apotheosis","champ:Devastate","Akabeko","OrangePellets"],"campfire_rested":0,"item_purchase_floors":[19,23,23,39,44,44,53],"current_hp_per_floor":[90,90,86,91,91,91,91,78,78,76,76,76,76,76,76,60,95,95,88,88,95,96,97,97,98,96,100,80,101,102,103,105,106,106,106,106,106,107,107,108,108,109,119,119,119,119,120,110,121,122,122,123,123,123,124],"gold":104,"neow_bonus":"BOSS_RELIC","is_daily":false,"chose_seed":false,"campfire_upgraded":7,"win_rate":0.0,"timestamp":1609285790,"path_taken":["R","M","M","?","M","R","T","E","M","E","?","E","R","?","M","BOSS","R","$","M","?","?","$","T","E","M","E","M","E","?","E","M","BOSS","R","?","?","M","$","M","T","E","R","$","R","?","E","?","M","BOSS","E","$","R","BOSS"],"items_purchased_type":["Card","Relic","Card","Card","Card","Relic","Relic"],"build_version":"2020-12-18","purchased_purges":4,"victory":true,"max_hp_per_floor":[90,90,90,95,95,95,95,95,95,95,95,95,95,95,95,95,95,95,95,95,95,96,97,97,98,99,100,101,102,103,104,105,106,106,106,106,106,107,107,108,108,109,119,119,119,119,120,120,121,122,122,123,123,123,124],"card_choices":[{"not_picked":["champ:TornadoPunch","champ:AdrenalArmor"],"picked":"champ:FlashCut","floor":2},{"not_picked":["champ:FlashCut","champ:CrookedStrike","champ:StanceDance"],"picked":"SKIP","floor":3},{"not_picked":["champ:FalseCounter","champ:StanceDance"],"picked":"champ:FanOfKnives","floor":5},{"not_picked":["champ:CalledShot","champ:FalseCounter"],"picked":"champ:DeathBlow","floor":8},{"not_picked":["champ:Backstep","champ:FlashCut"],"picked":"champ:Haymaker","floor":9},{"not_picked":["champ:DefensiveShout","champ:StanceDance"],"picked":"champ:CheapShot","floor":10},{"not_picked":["champ:Riposte","champ:Haymaker"],"picked":"champ:TornadoPunch","floor":12},{"not_picked":["champ:FocusedDefense","champ:RageSigil"],"picked":"champ:RecklessLeap","floor":15},{"not_picked":["champ:ShieldSlam","champ:CrownThrow"],"picked":"champ:VampiricStrike","floor":16},{"not_picked":["champ:Shatter","champ:GladiatorsShout"],"picked":"champ:IronFortress","floor":19},{"not_picked":["champ:DefensiveStyle","champ:FlashCut"],"picked":"champ:AdrenalArmor","floor":20},{"not_picked":["champ:CrookedStrike+1","champ:Haymaker+1"],"picked":"champ:BerserkerStyle+1","floor":21},{"not_picked":["champ:DeathBlow","champ:ViciousMockery"],"picked":"champ:Encircle+1","floor":22},{"not_picked":["champ:FanOfKnives","champ:ViciousMockery+1"],"picked":"champ:LastStand","floor":23},{"not_picked":["champ:EnGarde","champ:RecklessLeap"],"picked":"champ:AdrenalArmor+1","floor":25},{"not_picked":["champ:AdrenalArmor+1","champ:ShieldSigil","champ:BerserkerStyle+1"],"picked":"SKIP","floor":26},{"not_picked":["champ:HeartStrike","champ:ShieldSigil"],"picked":"champ:GladiatorsShout+1","floor":27},{"not_picked":["champ:DefensiveShout","champ:AdrenalArmor","champ:TornadoPunch"],"picked":"SKIP","floor":28},{"not_picked":["champ:ShieldSlam","champ:Haymaker","champ:PerfectedStrike"],"picked":"SKIP","floor":29},{"not_picked":["champ:ShieldSigil+1","champ:Circumvent","champ:FlashCut"],"picked":"SKIP","floor":31},{"not_picked":["champ:FanOfKnives+1","champ:FocusedDefense","champ:BringItOn"],"picked":"SKIP","floor":32},{"not_picked":["champ:SwordThrow","champ:ShieldThrow"],"picked":"champ:StrikeOfGenius","floor":33},{"not_picked":["champ:RecklessLeap","champ:Haymaker","champ:RageSigil"],"picked":"SKIP","floor":38},{"not_picked":["champ:BerserkersShout","champ:Encircle"],"picked":"champ:RapidStrikes+1","floor":40},{"not_picked":["champ:Haymaker","champ:FanOfKnives","champ:BladeFlurry"],"picked":"SKIP","floor":42},{"not_picked":["champ:ShieldSigil","champ:PreciseThrust","champ:PerfectedStrike"],"picked":"SKIP","floor":47},{"not_picked":["expansioncontent:CaCaw","expansioncontent:LastStand"],"picked":"expansioncontent:GuardianWhirl","floor":48},{"not_picked":["expansioncontent:SuperHexaguard","expansioncontent:HyperBeam"],"picked":"expansioncontent:PrepareCrush","floor":48},{"not_picked":["expansioncontent:Collect","expansioncontent:Flail"],"picked":"expansioncontent:FaceSlap","floor":48},{"not_picked":["champ:ShieldSigil","champ:Aggression+1"],"picked":"champ:Duel","floor":49},{"not_picked":["champ:BringItOn+1","champ:BerserkerStyle"],"picked":"champ:SwordSigil","floor":52}],"player_experience":1836341,"relics_obtained":[{"floor":7,"key":"StrikeDummy"},{"floor":8,"key":"Boot"},{"floor":10,"key":"Pen Nib"},{"floor":12,"key":"champ:GladiatorsBookOfMartialProwess"},{"floor":14,"key":"Oddly Smooth Stone"},{"floor":21,"key":"downfall:CloakOfManyFaces"},{"floor":25,"key":"CeramicFish"},{"floor":27,"key":"Dream Catcher"},{"floor":29,"key":"Bronze Scales"},{"floor":30,"key":"Red Mask"},{"floor":31,"key":"Pocketwatch"},{"floor":41,"key":"Juzu Bracelet"},{"floor":42,"key":"champ:FightingForDummies"},{"floor":47,"key":"HornCleat"},{"floor":52,"key":"Dead Branch"}],"event_choices":[{"damage_healed":0,"gold_gain":0,"player_choice":"Donut","damage_taken":0,"max_hp_gain":5,"max_hp_loss":0,"event_name":"Big Fish","floor":4,"gold_loss":0},{"damage_healed":0,"gold_gain":0,"player_choice":"Fought Bandits","damage_taken":0,"max_hp_gain":0,"max_hp_loss":0,"event_name":"Masked Bandits","floor":30,"gold_loss":0},{"cards_removed":["champ:Strike"],"damage_healed":0,"gold_gain":0,"player_choice":"Purged","damage_taken":0,"max_hp_gain":0,"max_hp_loss":0,"event_name":"Purifier","floor":37,"gold_loss":0},{"cards_removed":["champ:TornadoPunch"],"damage_healed":0,"gold_gain":0,"player_choice":"Removed Attack","damage_taken":0,"max_hp_gain":0,"max_hp_loss":0,"event_name":"Falling","floor":46,"gold_loss":0}],"is_beta":true,"boss_relics":[{"not_picked":["Tiny House","Pandora\u0027s Box"],"picked":"Velvet Choker"},{"not_picked":["Astrolabe","Busted Crown"],"picked":"Coffee Dripper"}],"items_purged_floors":[19,23,39,44],"is_endless":false,"potions_floor_spawned":[3,5,10,12,16,21,22,25,28,30,33,40,47,49],"ascension_level":2}}