{"host":"963ykkbusvcbqwtq","time":1609257834,"event":{"mods":["2.2 Compatiblity","AchievementEnabler","Arknights The Spire","BaseMod","Colored Map","GifTheSpireLib","GungeonMod","Lobotomy","Luminous","Minty Spire (QoL Compilation)","StSLib","SuperFastMode","The Bug Knight"],"gold_per_floor":[115,115,115,134,148,47,70,70,123,73,89,107,107,130,130,253,253,268,268,284,284,284,284,304,304,304,322,118,134,158,158,158],"floor_reached":31,"playtime":1133,"items_purged":["HollowMod:NailStrikeStart","HollowMod:QuickDashStart"],"score":256,"play_id":"1033a111-ee4f-4e61-86d2-8d1c44a10a0d","local_time":"20201230010354","is_ascension_mode":false,"campfire_choices":[{"data":"HollowMod:PureNailStrike","floor":15,"key":"SMITH"},{"data":"HollowMod:DoubleDash","floor":23,"key":"SMITH"},{"floor":25,"key":"REST"}],"circlet_count":0,"master_deck":["HollowMod:NailStrikeStart+1","HollowMod:NailStrikeStart","HollowMod:QuickDashStart+1","HollowMod:QuickDashStart","HollowMod:FocusHealStart","HollowMod:PogoStrike","CrumblingArmor","HollowMod:SoulStrike","HollowMod:FallenFury","HollowMod:NewLittleFool","HollowMod:HuntersJournal","Variant","HollowMod:PureNailStrike+1","HollowMod:DoubleDash+1","HollowMod:DreamGate+1","HollowMod:HowlingWraiths","HollowMod:SiblingsSouls","HollowMod:DreamGate+1"],"relics":["HollowMod:VesselMask","CogitoBucket","Golden Idol","DemoMod:WhiteGuonStone","Theresia","Runic Pyramid","Burning Blood","BackwardClock","DemoMod:PartiallyEatenCheese","Membership Card"],"acts_visited":["Exordium","TheCity"],"potions_floor_usage":[12,16,24],"damage_taken":[{"damage":12,"enemies":"Small Slimes","floor":1,"turns":4},{"damage":1,"enemies":"Jaw Worm","floor":4,"turns":5},{"damage":0,"enemies":"2 Louse","floor":5,"turns":3},{"damage":19,"enemies":"Blue Slaver","floor":7,"turns":4},{"damage":4,"enemies":"Looter","floor":11,"turns":3},{"damage":10,"enemies":"Exordium Thugs","floor":12,"turns":8},{"damage":0,"enemies":"Blue Slaver","floor":14,"turns":4},{"damage":6,"enemies":"Hexaghost","floor":16,"turns":8},{"damage":0,"enemies":"Chosen","floor":18,"turns":5},{"damage":8,"enemies":"Spheric Guardian","floor":20,"turns":4},{"damage":63,"enemies":"Snake Plant","floor":24,"turns":10},{"damage":29,"enemies":"Shelled Parasite and Fungi","floor":27,"turns":5},{"damage":13,"enemies":"Cultist and Chosen","floor":29,"turns":10},{"damage":7,"enemies":"Snecko","floor":30,"turns":5},{"damage":20,"enemies":"Snake Plant","floor":31,"turns":2}],"seed_played":"596088223910637561","potions_obtained":[{"floor":4,"key":"SteroidPotion"},{"floor":5,"key":"PowerPotion"},{"floor":16,"key":"DemoMod:LeadSkinPotion"},{"floor":29,"key":"FearPotion"}],"is_trial":false,"path_per_floor":["M","?","?","M","M","$","M","$","T","?","M","M","?","M","R","B",null,"M","?","M","?","?","R","M","R","T","M","$","M","M","M"],"character_chosen":"THE_BUGKNIGHT","items_purchased":["HollowMod:NewLittleFool","Membership Card"],"campfire_rested":1,"item_purchase_floors":[6,28],"current_hp_per_floor":[68,50,35,40,46,46,27,27,27,27,23,23,23,29,29,29,75,75,75,67,67,67,67,10,32,32,15,15,18,17,0,0],"gold":158,"neow_bonus":"","is_daily":false,"chose_seed":false,"campfire_upgraded":2,"win_rate":0.0,"timestamp":1609257834,"path_taken":["M","?","?","M","M","?","M","$","T","?","M","?","?","M","R","BOSS","M","?","M","?","?","R","M","R","T","M","$","?","M","M"],"items_purchased_type":["Card","Relic"],"build_version":"2020-12-22","purchased_purges":2,"victory":false,"max_hp_per_floor":[75,75,75,75,75,75,75,75,75,75,75,75,75,75,75,75,75,75,75,75,75,75,75,75,75,75,75,75,75,75,75,75],"card_choices":[{"not_picked":["CherryBlossoms","BeautyBeast"],"picked":"CrumblingArmor","floor":1},{"not_picked":["HollowMod:MothsMistake","HollowMod:ChannelNail"],"picked":"HollowMod:SoulStrike","floor":1},{"not_picked":["HollowMod:InfectedCysts","HollowMod:DescendingDark","HollowMod:InfectedAttack"],"picked":"SKIP","floor":4},{"not_picked":["SpiderBud","HappyTeddy"],"picked":"CherryBlossoms","floor":5},{"not_picked":["HollowMod:LifebloodCore","HollowMod:SharpenedNail"],"picked":"HollowMod:FallenFury","floor":5},{"not_picked":["HollowMod:NewGlowingWomb","HollowMod:InfectedCysts"],"picked":"HollowMod:HuntersJournal","floor":7},{"not_picked":["MeatLantern","UniverseFragment"],"picked":"Variant","floor":11},{"not_picked":["HollowMod:CrystalDash","HollowMod:SoulStrike","HollowMod:TaintedHusks"],"picked":"SKIP","floor":11},{"not_picked":["HollowMod:ShadowDash","HollowMod:NewJinnsSoul","HollowMod:LifebloodCocoon"],"picked":"SKIP","floor":12},{"not_picked":["HollowMod:SoulVessel","HollowMod:MidwifesHunger"],"picked":"HollowMod:PureNailStrike","floor":14},{"not_picked":["HollowMod:MawleksShell","HollowMod:InfectedAttack"],"picked":"HollowMod:DoubleDash","floor":18},{"not_picked":["HollowMod:CycloneSlash","HollowMod:DoubleDash"],"picked":"HollowMod:DreamGate+1","floor":20},{"not_picked":["HollowMod:CornifersMapStart+1","HollowMod:VengefulVoid"],"picked":"HollowMod:HowlingWraiths","floor":24},{"not_picked":["HollowMod:ShadowDash+1","HollowMod:InfectedAttack"],"picked":"HollowMod:SiblingsSouls","floor":27},{"not_picked":["HollowMod:CycloneSlash","HollowMod:SiblingsSouls","HollowMod:SoulStrike"],"picked":"SKIP","floor":29},{"not_picked":["HollowMod:GrimmsGift","HollowMod:RecoilStrike+1"],"picked":"HollowMod:DreamGate+1","floor":30}],"player_experience":199297,"relics_obtained":[{"floor":9,"key":"DemoMod:WhiteGuonStone"},{"floor":26,"key":"DemoMod:PartiallyEatenCheese"}],"event_choices":[{"damage_healed":0,"gold_gain":0,"player_choice":"Take Damage","damage_taken":18,"relics_obtained":["Golden Idol"],"max_hp_gain":0,"max_hp_loss":0,"event_name":"Golden Idol","floor":2,"gold_loss":0},{"damage_healed":0,"gold_gain":0,"player_choice":"Entered Light","damage_taken":15,"max_hp_gain":0,"max_hp_loss":0,"event_name":"Shining Light","floor":3,"gold_loss":0,"cards_upgraded":["HollowMod:NailStrikeStart","HollowMod:QuickDashStart"]},{"cards_removed":["HollowMod:NailStrikeStart"],"damage_healed":0,"gold_gain":0,"player_choice":"Card Removal","damage_taken":0,"max_hp_gain":0,"max_hp_loss":0,"event_name":"The Cleric","floor":10,"gold_loss":50},{"cards_removed":["HollowMod:QuickDashStart"],"damage_healed":0,"gold_gain":0,"player_choice":"Purged","damage_taken":0,"max_hp_gain":0,"max_hp_loss":0,"event_name":"Purifier","floor":13,"gold_loss":0},{"damage_healed":0,"gold_gain":0,"player_choice":"Ignored","damage_taken":0,"max_hp_gain":0,"max_hp_loss":0,"event_name":"Vampires","floor":19,"gold_loss":0},{"cards_removed":["CherryBlossoms"],"damage_healed":0,"gold_gain":0,"player_choice":"Elegance","damage_taken":0,"max_hp_gain":0,"max_hp_loss":0,"event_name":"Back to Basics","floor":22,"gold_loss":0}],"is_beta":false,"boss_relics":[{"not_picked":["SlaversCollar","Fusion Hammer"],"picked":"Runic Pyramid"}],"items_purged_floors":[6,28],"is_endless":false,"potions_floor_spawned":[4,5,11,16,18,29],"killed_by":"Snake Plant","ascension_level":0}}