{"host":"93n4kdg5le7r8dks","time":1609283720,"event":{"mods":["AlwaysNeverKeys","BaseMod","Better Note","Better Sensory Stone","Better Skull","Better Third Choice","Block Reminder","Colored Map","Colored Powertips","DeckTracker","Infinite Spire","Minty Spire (QoL Compilation)","Quick Restart","StSLib"],"gold_per_floor":[15,35,35,49,64,64,91,91,91,91,146,321,347,347,347,442,442,457,474,474,493,493,493,493],"floor_reached":23,"playtime":915,"items_purged":[],"score":199,"play_id":"5fc1c7ab-3be5-4bbf-b2fb-58d3b9f8535d","local_time":"20201229171520","is_ascension_mode":false,"campfire_choices":[{"data":"Creative AI","floor":6,"key":"SMITH"},{"data":"Turbo","floor":8,"key":"SMITH"},{"data":"Sweeping Beam","floor":10,"key":"SMITH"},{"data":"infinitespire:Oblivion","floor":15,"key":"SMITH"}],"circlet_count":0,"master_deck":["Strike_B","Strike_B","Strike_B","Strike_B","Defend_B","Defend_B","Defend_B","Defend_B","Zap","Dualcast","Turbo+1","Sweeping Beam+1","Beam Cell","Creative AI+1","Force Field","Doubt","infinitespire:Oblivion+1","Buffer","Redo","Meteor Strike"],"relics":["Cracked Core","CaptainsWheel","WingedGreaves","Bottled Lightning","Boot","Ornamental Fan","Black Star","Darkstone Periapt"],"acts_visited":["Exordium","TheCity"],"potions_floor_usage":[7,7,7,16,23],"damage_taken":[{"damage":10,"enemies":"Small Slimes","floor":1,"turns":4},{"damage":0,"enemies":"Cultist","floor":2,"turns":3},{"damage":1,"enemies":"Jaw Worm","floor":4,"turns":4},{"damage":0,"enemies":"Blue Slaver","floor":5,"turns":3},{"damage":5,"enemies":"Gremlin Nob","floor":7,"turns":3},{"damage":18,"enemies":"Lagavulin","floor":13,"turns":8},{"damage":19,"enemies":"Hexaghost","floor":16,"turns":7},{"damage":5,"enemies":"Spheric Guardian","floor":18,"turns":4},{"damage":23,"enemies":"3 Byrds","floor":19,"turns":5},{"damage":15,"enemies":"Snecko","floor":21,"turns":5},{"damage":32,"enemies":"Nightmare","floor":23,"turns":7}],"seed_played":"-2945545780766711091","potions_obtained":[{"floor":2,"key":"LiquidBronze"},{"floor":3,"key":"DistilledChaos"},{"floor":3,"key":"AttackPotion"},{"floor":7,"key":"FearPotion"},{"floor":19,"key":"Fire Potion"}],"is_trial":false,"path_per_floor":["M","M","?","M","M","R","E","R","T","R","T","?","E","?","R","B",null,"M","M","?","M","AVR","NM"],"character_chosen":"DEFECT","items_purchased":[],"campfire_rested":0,"item_purchase_floors":[],"current_hp_per_floor":[65,65,65,64,64,64,59,59,59,59,59,59,41,24,24,5,75,70,47,47,32,32,0,0],"gold":493,"neow_bonus":"ONE_RARE_RELIC","is_daily":false,"chose_seed":false,"campfire_upgraded":4,"win_rate":0.0,"timestamp":1609283720,"path_taken":["M","M","?","?","?","R","E","R","T","R","?","?","E","?","R","BOSS","M","M","?","M","AVR","NM"],"items_purchased_type":[],"build_version":"2020-12-13","purchased_purges":0,"victory":false,"max_hp_per_floor":[75,75,75,75,75,75,75,75,75,75,75,75,75,75,75,75,75,75,75,75,75,75,75,75],"card_choices":[{"not_picked":["Leap","Force Field"],"picked":"Turbo","floor":1},{"not_picked":["Rip and Tear","Steam Power"],"picked":"Sweeping Beam","floor":2},{"not_picked":["Stack","Coolheaded"],"picked":"Beam Cell","floor":4},{"not_picked":["Rebound","Streamline"],"picked":"Creative AI","floor":5},{"not_picked":["Gash","Coolheaded"],"picked":"Force Field","floor":7},{"not_picked":["Cold Snap","Conserve Battery","Force Field"],"picked":"SKIP","floor":13},{"not_picked":["infinitespire:Execution","infinitespire:Collect"],"picked":"infinitespire:Oblivion","floor":14},{"not_picked":["Machine Learning","Echo Form"],"picked":"Buffer","floor":16},{"not_picked":["Go for the Eyes","Steam+1","Beam Cell"],"picked":"SKIP","floor":18},{"not_picked":["Conserve Battery","Compile Driver"],"picked":"Redo","floor":19},{"not_picked":["Doom and Gloom","Skim"],"picked":"Meteor Strike","floor":21}],"player_experience":71499,"relics_obtained":[{"floor":7,"key":"WingedGreaves"},{"floor":9,"key":"Bottled Lightning"},{"floor":11,"key":"Boot"},{"floor":13,"key":"Ornamental Fan"}],"event_choices":[{"damage_healed":0,"gold_gain":0,"player_choice":"Got Potions","damage_taken":0,"max_hp_gain":0,"max_hp_loss":0,"event_name":"Lab","floor":3,"gold_loss":0},{"damage_healed":0,"gold_gain":175,"player_choice":"AGREE","damage_taken":146,"max_hp_gain":0,"max_hp_loss":0,"event_name":"betterThird:BetterSerpent","floor":12,"gold_loss":0},{"cards_removed":["Doubt"],"damage_healed":0,"gold_gain":0,"player_choice":"Give","damage_taken":0,"max_hp_gain":0,"max_hp_loss":0,"event_name":"betterNote:BetterNote","floor":20,"gold_loss":0,"cards_obtained":["None"]}],"is_beta":false,"boss_relics":[{"not_picked":["Fusion Hammer","Cursed Key"],"picked":"Black Star"}],"items_purged_floors":[],"is_endless":false,"potions_floor_spawned":[2,4,7,19],"killed_by":"Nightmare","ascension_level":0}}