{"host":"q0ozth74idsfmf0a","time":1609205149,"event":{"mods":["BaseMod","Colored Powertips","Downfall","Minty Spire (QoL Compilation)","Relic Stats","StSLib"],"gold_per_floor":[99,99,99,199,199,52,52,72,72,104,118,451,451,451,468,468,468,468],"floor_reached":16,"playtime":919,"items_purged":["Slimebound:Strike_Slimebound"],"score":106,"play_id":"43048e22-c4fa-4bdc-833d-27333e20754a","local_time":"20201228202549","is_ascension_mode":false,"campfire_choices":[{"data":"Slimebound:Split","floor":1,"key":"SMITH"},{"data":"Slimebound:GoopTackle","floor":9,"key":"SMITH"},{"data":"Slimebound:LivingWall","floor":13,"key":"SMITH"}],"circlet_count":0,"master_deck":["Slimebound:Strike_Slimebound","Slimebound:Tackle","Slimebound:Defend_Slimebound","Slimebound:Defend_Slimebound","Slimebound:Defend_Slimebound","Slimebound:Defend_Slimebound","Slimebound:Split+1","Slimebound:CorrosiveSpit","Slimebound:FinishingTackle","Slimebound:SamplingLick","Slimebound:TongueLash","Slimebound:GoopTackle+1","Slimebound:HauntingLick","Slimebound:LivingWall+1","Slimebound:PressTheAttack","Slimebound:SlimeSpikes","Slimebound:GoopSpray"],"relics":["Slimebound:AbsorbEndCombat","downfall:HeartsMalice","Mummified Hand","Mercury Hourglass","Old Coin"],"acts_visited":["Exordium"],"potions_floor_usage":[16],"damage_taken":[{"damage":0,"enemies":"Jaw Worm","floor":2,"turns":1},{"damage":0,"enemies":"Cultist","floor":5,"turns":1},{"damage":0,"enemies":"downfall:FleeingMerchant","floor":6,"turns":1},{"damage":14,"enemies":"2 Louse","floor":8,"turns":2},{"damage":47,"enemies":"Gremlin Nob","floor":10,"turns":4},{"damage":9,"enemies":"Blue Slaver","floor":11,"turns":3},{"damage":26,"enemies":"Lagavulin","floor":12,"turns":5},{"damage":11,"enemies":"3 Louse","floor":15,"turns":4},{"damage":27,"enemies":"downfall:Defect","floor":16,"turns":4}],"seed_played":"8191307416268350148","potions_obtained":[{"floor":11,"key":"Explosive Potion"},{"floor":12,"key":"Swift Potion"}],"is_trial":false,"path_per_floor":["R","M","?","?","M","$","T","M","R","E","M","E","R","?","M","B"],"character_chosen":"SLIMEBOUND","items_purchased":["Slimebound:GoopTackle"],"campfire_rested":0,"item_purchase_floors":[6],"current_hp_per_floor":[60,60,65,65,65,65,65,61,61,26,29,17,17,17,18,0,0,0],"gold":468,"neow_bonus":"THREE_ENEMY_KILL","is_daily":false,"chose_seed":false,"campfire_upgraded":3,"win_rate":0.0,"timestamp":1609205149,"path_taken":["R","M","?","?","M","$","T","M","R","E","?","E","R","?","M","BOSS"],"items_purchased_type":["Card"],"build_version":"2020-12-22","purchased_purges":1,"victory":false,"max_hp_per_floor":[60,60,65,65,65,65,65,65,65,65,65,65,65,65,65,65,65,65],"relic_stats":{"counters":[9,21],"Mummified Hand":[0],"obtain_stats":[{"Mummified Hand":7,"downfall:HeartsMalice":0,"Slimebound:AbsorbEndCombat":0,"Mercury Hourglass":10,"Old Coin":12},{"Mummified Hand":3,"downfall:HeartsMalice":0,"Slimebound:AbsorbEndCombat":0,"Mercury Hourglass":5,"Old Coin":7},{"Mummified Hand":0,"downfall:HeartsMalice":0,"Slimebound:AbsorbEndCombat":0,"Mercury Hourglass":6,"Old Coin":14}],"Mercury Hourglass":[43]},"card_choices":[{"not_picked":["Slimebound:SpikyOuterGoop","Slimebound:ViciousTackle"],"picked":"Slimebound:FinishingTackle","floor":2},{"not_picked":["Slimebound:Dissolve","Slimebound:ProtectTheBoss"],"picked":"Slimebound:SamplingLick","floor":5},{"not_picked":["Slimebound:FlameTackle","Slimebound:FinishingTackle"],"picked":"Slimebound:TongueLash","floor":6},{"not_picked":["Slimebound:ForwardTackle","Slimebound:SplitLeeching"],"picked":"Slimebound:HauntingLick","floor":8},{"not_picked":["Slimebound:SlimeTap","Slimebound:SlimeSpikes"],"picked":"Slimebound:LivingWall","floor":10},{"not_picked":["Slimebound:FlameTackle","Slimebound:ComboTackle"],"picked":"Slimebound:PressTheAttack","floor":11},{"not_picked":["Slimebound:Grow","Slimebound:DuplicatedForm"],"picked":"Slimebound:SlimeSpikes","floor":12},{"not_picked":["Slimebound:TongueLash","Slimebound:SplitMire"],"picked":"Slimebound:GoopSpray","floor":15}],"player_experience":13373,"relics_obtained":[{"floor":7,"key":"Mummified Hand"},{"floor":10,"key":"Mercury Hourglass"},{"floor":12,"key":"Old Coin"}],"event_choices":[{"damage_healed":0,"gold_gain":0,"player_choice":"Donut","damage_taken":0,"max_hp_gain":5,"max_hp_loss":0,"event_name":"Big Fish","floor":3,"gold_loss":0}],"is_beta":false,"boss_relics":[],"items_purged_floors":[6],"is_endless":false,"potions_floor_spawned":[11,12],"killed_by":"downfall:Defect","ascension_level":0}}