{"host":"dpbezu80jg8zk7un","time":1609237108,"event":{"mods":["BaseMod","Colored Map","Colored Powertips","Custom Start","DeckTracker","Minty Spire (QoL Compilation)","Quick Restart","StSLib","SuperFastMode"],"gold_per_floor":[111,36,54,129,129,129,157,177,202,227,273,287,287,319,319,319,319],"floor_reached":16,"playtime":372,"items_purged":["Defend_P"],"score":220,"play_id":"e3e31888-db74-4ea9-b98b-443ce688cb9a","local_time":"20201229191828","is_ascension_mode":true,"campfire_choices":[{"floor":6,"key":"REST"},{"floor":13,"key":"REST"},{"data":"Scrawl","floor":15,"key":"SMITH"}],"circlet_count":0,"master_deck":["AscendersBane","Strike_P+1","Strike_P","Strike_P","Defend_P","Defend_P","Eruption+1","Vigilance","FollowUp","Scrawl+1","EmptyFist"],"relics":["PureWater","CeramicFish","Whetstone","Damaru","InkBottle"],"acts_visited":["Exordium"],"potions_floor_usage":[16],"damage_taken":[{"damage":7,"enemies":"2 Louse","floor":1,"turns":3},{"damage":2,"enemies":"Jaw Worm","floor":3,"turns":3},{"damage":0,"enemies":"Cultist","floor":7,"turns":2},{"damage":0,"enemies":"Large Slime","floor":8,"turns":2},{"damage":11,"enemies":"Gremlin Nob","floor":10,"turns":3},{"damage":0,"enemies":"2 Fungi Beasts","floor":12,"turns":2},{"damage":22,"enemies":"Lagavulin","floor":14,"turns":5},{"damage":14,"enemies":"Hexaghost","floor":16,"turns":5}],"seed_played":"-5459275577267681380","potions_obtained":[{"floor":7,"key":"SteroidPotion"},{"floor":12,"key":"ColorlessPotion"}],"is_trial":false,"path_per_floor":["M","$","M","?","?","R","M","M","T","E","T","M","R","E","R","B"],"character_chosen":"WATCHER","items_purchased":[],"campfire_rested":2,"item_purchase_floors":[],"current_hp_per_floor":[36,36,34,23,5,25,25,25,25,14,14,14,34,12,12,0,0],"gold":319,"neow_bonus":"REMOVE_TWO","is_daily":false,"chose_seed":false,"campfire_upgraded":1,"win_rate":0.0,"timestamp":1609237108,"path_taken":["M","$","M","?","?","R","M","M","T","E","?","M","R","E","R","BOSS"],"items_purchased_type":[],"build_version":"2020-12-22","purchased_purges":1,"victory":false,"max_hp_per_floor":[68,68,68,68,68,68,68,68,68,68,68,68,68,68,68,68,68],"card_choices":[{"not_picked":["Prostrate","ClearTheMind","Study"],"picked":"SKIP","floor":1},{"not_picked":["DeceiveReality","FlyingSleeves"],"picked":"FollowUp","floor":3},{"not_picked":["SashWhip","EmptyMind"],"picked":"Scrawl","floor":7},{"not_picked":["WaveOfTheHand","PathToVictory"],"picked":"EmptyFist","floor":8},{"not_picked":["ForeignInfluence","Conclude","EmptyBody"],"picked":"SKIP","floor":10},{"not_picked":["Protect","Pray","Conclude"],"picked":"SKIP","floor":12},{"not_picked":["EmptyBody","Judgement","FlyingSleeves"],"picked":"SKIP","floor":14}],"player_experience":2790186,"relics_obtained":[{"floor":10,"key":"Whetstone"},{"floor":11,"key":"Damaru"},{"floor":14,"key":"InkBottle"}],"event_choices":[{"damage_healed":0,"gold_gain":75,"player_choice":"Gather Gold","damage_taken":11,"max_hp_gain":0,"max_hp_loss":0,"event_name":"World of Goop","floor":4,"gold_loss":0},{"damage_healed":0,"gold_gain":0,"player_choice":"Success","damage_taken":18,"relics_obtained":["CeramicFish"],"max_hp_gain":0,"max_hp_loss":0,"event_name":"Scrap Ooze","floor":5,"gold_loss":0}],"is_beta":false,"boss_relics":[],"items_purged_floors":[2],"is_endless":false,"potions_floor_spawned":[7,12,14],"killed_by":"Hexaghost","ascension_level":20}}