{"host":"3498uni0c31c9bdm","time":1609284118,"event":{"mods":["BaseMod","Better Third Choice","Minty Spire (QoL Compilation)","Replay The Spire","StSLib"],"gold_per_floor":[113,124,143,143,153,181,26,39,39,49,76,41,54,71,71,173,173,191,191,209,66,88,88,107,143,191,213,213,213,213,234,234,234,234],"floor_reached":33,"playtime":1572,"items_purged":[],"score":342,"play_id":"6bbdaf41-c7ac-480c-98de-1556f6ea2177","local_time":"20201230102158","is_ascension_mode":true,"campfire_choices":[{"floor":15,"key":"REST"},{"floor":23,"key":"RECALL"},{"floor":28,"key":"REST"},{"floor":32,"key":"REST"}],"circlet_count":0,"master_deck":["Strike_R","Strike_R","Strike_R","Strike_R","Strike_R","Defend_R","Defend_R","Defend_R","Defend_R","Bash","Bandage Up","Clash","Sword Boomerang","Armaments+1","Clothesline","ReplayTheSpireMod:Muscle Training","Backflip","Buffer","Calculated Gamble","PiercingWail","ThirdEye","Eclipse","SashWhip","Trip+1","Cloak And Dagger","Dagger Spray","Storm","Replay:ManipulateFuture","Prepared"],"relics":["Burning Blood","Du-Vu Doll","PrismaticShard","Kunai","Paper Frog","ChewingGum","CeramicFish","Red Mask","StrikeDummy"],"acts_visited":["Exordium","TheCity"],"potions_floor_usage":[6,16,16,20,24,25,33,33,33],"damage_taken":[{"damage":2,"enemies":"Small Slimes","floor":1,"turns":5},{"damage":1,"enemies":"Cultist","floor":2,"turns":3},{"damage":8,"enemies":"2 Louse","floor":3,"turns":2},{"damage":10,"enemies":"2 Fungi Beasts","floor":5,"turns":4},{"damage":28,"enemies":"Gremlin Nob","floor":6,"turns":6},{"damage":4,"enemies":"3 Louse","floor":8,"turns":4},{"damage":4,"enemies":"Blue Slaver","floor":10,"turns":3},{"damage":46,"enemies":"3 Sentries","floor":11,"turns":10},{"damage":21,"enemies":"Large Slime","floor":13,"turns":7},{"damage":6,"enemies":"Looter","floor":14,"turns":3},{"damage":47,"enemies":"Hexaghost","floor":16,"turns":8},{"damage":21,"enemies":"3 Byrds","floor":18,"turns":7},{"damage":32,"enemies":"2 Thieves","floor":20,"turns":6},{"damage":5,"enemies":"Centurion and Healer","floor":22,"turns":6},{"damage":16,"enemies":"Cultist and Chosen","floor":24,"turns":10},{"damage":0,"enemies":"Masked Bandits","floor":25,"turns":2},{"damage":32,"enemies":"Snake Plant","floor":27,"turns":6},{"damage":9,"enemies":"Snecko","floor":31,"turns":5},{"damage":82,"enemies":"Collector","floor":33,"turns":7}],"seed_played":"-5341363772971837944","potions_obtained":[{"floor":3,"key":"Block Potion"},{"floor":6,"key":"SteroidPotion"},{"floor":8,"key":"SmokeBomb"},{"floor":11,"key":"Milkshake"},{"floor":14,"key":"AttackPotion"},{"floor":16,"key":"Block Potion"},{"floor":18,"key":"Flashbang"},{"floor":22,"key":"BlessingOfTheForge"},{"floor":25,"key":"Adrenaline Potion"},{"floor":27,"key":"PowerPotion"}],"is_trial":false,"path_per_floor":["M","M","M","?","M","E","$","M","T","M","E","?","M","M","R","B",null,"M","?","M","$","M","R","M","?","T","M","R","T","?","M","R","B"],"character_chosen":"IRONCLAD","items_purchased":["PrismaticShard","CeramicFish"],"campfire_rested":3,"item_purchase_floors":[7,21],"current_hp_per_floor":[80,80,78,78,78,56,56,62,62,68,32,52,41,41,65,28,67,56,56,34,34,39,39,33,39,39,17,41,41,41,38,62,0,0],"gold":234,"neow_bonus":"RANDOM_COLORLESS","is_daily":false,"chose_seed":false,"campfire_upgraded":0,"win_rate":0.0,"timestamp":1609284118,"path_taken":["M","M","M","?","M","E","$","?","T","M","E","?","M","M","R","BOSS","M","?","M","$","M","R","M","?","T","M","R","?","?","M","R","BOSS"],"items_purchased_type":["Relic","Relic"],"build_version":"2020-12-22","purchased_purges":0,"victory":false,"max_hp_per_floor":[80,80,80,80,80,80,80,80,80,80,80,80,80,80,80,80,80,80,80,80,80,80,80,80,80,80,80,80,80,80,80,80,80,80],"card_choices":[{"not_picked":["Purity","Enlightenment"],"picked":"Bandage Up","floor":0},{"not_picked":["Life Link","Pommel Strike"],"picked":"Clash","floor":1},{"not_picked":["True Grit","Clash"],"picked":"Sword Boomerang","floor":2},{"not_picked":["Body Slam","Battle Trance"],"picked":"Armaments","floor":3},{"not_picked":["Flex","Entrench"],"picked":"Clothesline","floor":5},{"not_picked":["Warcry","Dropkick"],"picked":"ReplayTheSpireMod:Muscle Training","floor":6},{"not_picked":["Tempest","Cold Snap"],"picked":"Backflip","floor":8},{"not_picked":["Heavy Blade","Forethought"],"picked":"Buffer","floor":10},{"not_picked":["Flying Knee","CutThroughFate"],"picked":"Calculated Gamble","floor":11},{"not_picked":["Tempest","Evaluate"],"picked":"PiercingWail","floor":13},{"not_picked":["Predator","Accuracy"],"picked":"ThirdEye","floor":14},{"not_picked":["Scrawl","ReplayTheSpireMod:Necrosis"],"picked":"Eclipse","floor":16},{"not_picked":["Compile Driver","Backflip"],"picked":"SashWhip","floor":18},{"not_picked":["Body Slam+1","Panacea"],"picked":"Trip+1","floor":20},{"not_picked":["BasicCrystalCard","Vault"],"picked":"Cloak And Dagger","floor":22},{"not_picked":["Feel No Pain","Warcry"],"picked":"Dagger Spray","floor":24},{"not_picked":["PanicButton+1","Headbutt"],"picked":"Storm","floor":25},{"not_picked":["Underhanded Strike","Steam"],"picked":"Replay:ManipulateFuture","floor":27},{"not_picked":["Underhanded Strike","Rebound"],"picked":"Prepared","floor":31}],"player_experience":648895,"relics_obtained":[{"floor":6,"key":"Du-Vu Doll"},{"floor":9,"key":"Kunai"},{"floor":11,"key":"Paper Frog"},{"floor":25,"key":"Red Mask"},{"floor":29,"key":"StrikeDummy"}],"event_choices":[{"damage_healed":0,"gold_gain":0,"player_choice":"Forge","damage_taken":0,"max_hp_gain":0,"max_hp_loss":0,"event_name":"Accursed Blacksmith","floor":4,"gold_loss":0,"cards_upgraded":["Armaments"]},{"damage_healed":20,"gold_gain":0,"player_choice":"Healed","damage_taken":0,"max_hp_gain":0,"max_hp_loss":0,"event_name":"The Cleric","floor":12,"gold_loss":35},{"damage_healed":0,"gold_gain":0,"player_choice":"Ignored","damage_taken":0,"max_hp_gain":0,"max_hp_loss":0,"event_name":"Ghosts","floor":19,"gold_loss":0},{"damage_healed":0,"gold_gain":0,"player_choice":"Fought Bandits","damage_taken":0,"max_hp_gain":0,"max_hp_loss":0,"event_name":"Masked Bandits","floor":25,"gold_loss":0},{"damage_healed":0,"gold_gain":0,"player_choice":"Ignored","damage_taken":0,"max_hp_gain":0,"max_hp_loss":0,"event_name":"Beggar","floor":30,"gold_loss":0}],"is_beta":false,"boss_relics":[{"not_picked":["Abe\u0027s Treasure","Ooze Armor"],"picked":"ChewingGum"}],"items_purged_floors":[],"is_endless":false,"potions_floor_spawned":[3,6,8,11,14,16,18,22,25,27],"killed_by":"Collector","ascension_level":6}}