{"host":"31s8hzukbhz1k6i6","time":1609206207,"event":{"mods":["BaseMod","Colored Map","Minty Spire (QoL Compilation)","Relic Stats","UnlockEverythingMod"],"gold_per_floor":[117,130,130,205,205,239,239,239,293,325,164,190,204,222,222,325,325,342,359,359,379,395,395,427,364,376,388,388],"floor_reached":27,"playtime":891,"items_purged":["Strike_G"],"score":527,"play_id":"3ecf3b21-d362-46c0-9445-3dcba53fdaa3","local_time":"20201228174327","is_ascension_mode":true,"campfire_choices":[{"data":"Terror","floor":7,"key":"SMITH"},{"data":"Accuracy","floor":15,"key":"SMITH"},{"data":"Footwork","floor":23,"key":"SMITH"}],"circlet_count":0,"master_deck":["AscendersBane","Defend_G","Defend_G","Defend_G","Defend_G","Defend_G","Survivor","Neutralize","Terror+1","Footwork+1","Blur","Blade Dance","Acrobatics","Accuracy+1","Acrobatics","Infinite Blades","Acrobatics","Malaise","Accuracy","Backflip","Envenom"],"relics":["Ring of the Snake","NeowsBlessing","MealTicket","Vajra","Turnip","WristBlade","Nloth\u0027s Gift","MawBank","Mercury Hourglass"],"acts_visited":["Exordium","TheCity"],"potions_floor_usage":[12,24,24,27],"damage_taken":[{"damage":0,"enemies":"Small Slimes","floor":1,"turns":1},{"damage":0,"enemies":"Cultist","floor":2,"turns":1},{"damage":0,"enemies":"3 Sentries","floor":6,"turns":2},{"damage":0,"enemies":"Lagavulin","floor":10,"turns":10},{"damage":8,"enemies":"3 Sentries","floor":12,"turns":8},{"damage":0,"enemies":"2 Louse","floor":13,"turns":1},{"damage":4,"enemies":"Lots of Slimes","floor":14,"turns":4},{"damage":0,"enemies":"Slime Boss","floor":16,"turns":3},{"damage":0,"enemies":"Spheric Guardian","floor":18,"turns":3},{"damage":10,"enemies":"Shell Parasite","floor":19,"turns":4},{"damage":6,"enemies":"Snecko","floor":21,"turns":3},{"damage":9,"enemies":"Snake Plant","floor":22,"turns":5},{"damage":26,"enemies":"Slavers","floor":24,"turns":7},{"damage":14,"enemies":"Centurion and Healer","floor":27,"turns":1}],"seed_played":"-8138244519104841249","potions_obtained":[{"floor":2,"key":"CunningPotion"},{"floor":6,"key":"LiquidBronze"},{"floor":10,"key":"SkillPotion"},{"floor":16,"key":"Strength Potion"},{"floor":22,"key":"Weak Potion"}],"is_trial":false,"path_per_floor":["M","M","?","?","?","E","R","?","T","E","$","E","M","M","R","B",null,"M","M","?","M","M","R","E","?","T","M"],"character_chosen":"THE_SILENT","items_purchased":["Accuracy","Acrobatics"],"campfire_rested":0,"item_purchase_floors":[11,11],"current_hp_per_floor":[63,63,63,52,45,45,45,45,45,45,60,52,52,48,48,48,65,65,55,55,49,40,40,14,14,14,0,0],"gold":388,"neow_bonus":"THREE_ENEMY_KILL","is_daily":false,"chose_seed":false,"campfire_upgraded":3,"win_rate":0.0,"timestamp":1609206207,"path_taken":["M","M","?","?","?","E","R","?","T","E","$","E","?","M","R","BOSS","M","M","?","?","?","R","E","?","T","M"],"items_purchased_type":["Card","Card"],"build_version":"2020-12-22","purchased_purges":1,"victory":false,"max_hp_per_floor":[70,70,70,70,70,70,70,70,70,70,70,70,70,70,70,70,70,70,70,70,70,70,70,70,70,70,70,70],"relic_stats":{"counters":[14,53],"MealTicket":15,"Turnip":[9],"Nloth\u0027s Gift":2,"MawBank":36,"obtain_stats":[{"NeowsBlessing":0,"WristBlade":17,"Ninja Scroll":12,"Vajra":9,"MealTicket":6,"Turnip":10,"Nloth\u0027s Gift":20,"MawBank":24,"Ring of the Snake":0,"Mercury Hourglass":26},{"NeowsBlessing":0,"WristBlade":8,"Ninja Scroll":5,"Vajra":3,"MealTicket":3,"Turnip":4,"Nloth\u0027s Gift":10,"MawBank":13,"Ring of the Snake":0,"Mercury Hourglass":13},{"NeowsBlessing":0,"WristBlade":30,"Ninja Scroll":22,"Vajra":4,"MealTicket":4,"Turnip":14,"Nloth\u0027s Gift":37,"MawBank":52,"Ring of the Snake":0,"Mercury Hourglass":52}],"Ring of the Snake":[28],"Mercury Hourglass":[6]},"card_choices":[{"not_picked":["Cloak And Dagger","Prepared"],"picked":"Terror","floor":1},{"not_picked":["Dodge and Roll","Eviscerate"],"picked":"Footwork","floor":2},{"not_picked":["Skewer","Prepared"],"picked":"Blade Dance","floor":6},{"not_picked":["PiercingWail","Quick Slash"],"picked":"Acrobatics","floor":10},{"not_picked":["Terror","Dagger Throw"],"picked":"Infinite Blades","floor":12},{"not_picked":["Predator","Bullet Time","Quick Slash"],"picked":"SKIP","floor":13},{"not_picked":["Flying Knee","PiercingWail"],"picked":"Acrobatics","floor":14},{"not_picked":["Bullet Time","Die Die Die"],"picked":"Malaise","floor":16},{"not_picked":["Sucker Punch+1","All Out Attack"],"picked":"Accuracy","floor":18},{"not_picked":["Dagger Spray","Masterful Stab","Riddle With Holes"],"picked":"SKIP","floor":19},{"not_picked":["Well Laid Plans+1","Poisoned Stab"],"picked":"Backflip","floor":21},{"not_picked":["Sucker Punch","Prepared","Die Die Die"],"picked":"SKIP","floor":22},{"not_picked":["Escape Plan","Unload"],"picked":"Envenom","floor":24}],"player_experience":69227,"relics_obtained":[{"floor":6,"key":"MealTicket"},{"floor":9,"key":"Vajra"},{"floor":10,"key":"Turnip"},{"floor":12,"key":"Ninja Scroll"},{"floor":24,"key":"MawBank"},{"floor":26,"key":"Mercury Hourglass"}],"event_choices":[{"damage_healed":0,"gold_gain":0,"cards_transformed":["Strike_G"],"player_choice":"Change","damage_taken":0,"max_hp_gain":0,"max_hp_loss":0,"event_name":"Living Wall","floor":3,"gold_loss":0,"cards_obtained":["Blur"]},{"damage_healed":0,"gold_gain":75,"player_choice":"Gather Gold","damage_taken":11,"max_hp_gain":0,"max_hp_loss":0,"event_name":"World of Goop","floor":4,"gold_loss":0},{"cards_removed":["Strike_G"],"damage_healed":0,"gold_gain":0,"player_choice":"Card Removal","damage_taken":7,"max_hp_gain":0,"max_hp_loss":0,"event_name":"Golden Wing","floor":5,"gold_loss":0},{"cards_removed":["Strike_G"],"damage_healed":0,"gold_gain":0,"player_choice":"Purged","damage_taken":0,"max_hp_gain":0,"max_hp_loss":0,"event_name":"Purifier","floor":8,"gold_loss":0},{"damage_healed":0,"gold_gain":0,"player_choice":"Traded Relic","damage_taken":0,"relics_obtained":["Nloth\u0027s Gift"],"max_hp_gain":0,"max_hp_loss":0,"event_name":"N\u0027loth","floor":20,"relics_lost":["Ninja Scroll"],"gold_loss":0},{"cards_removed":["Strike_G"],"damage_healed":0,"gold_gain":0,"player_choice":"Gave Gold","damage_taken":0,"max_hp_gain":0,"max_hp_loss":0,"event_name":"Beggar","floor":25,"gold_loss":75}],"is_beta":false,"boss_relics":[{"not_picked":["Runic Dome","Velvet Choker"],"picked":"WristBlade"}],"items_purged_floors":[11],"is_endless":false,"potions_floor_spawned":[2,6,10,16,18,22],"killed_by":"Centurion and Healer","ascension_level":10}}