{"host":"Qube","time":1609265970,"event":{"mods":["AchievementEnabler","BaseMod","Colored Powertips","Minty Spire (QoL Compilation)","Quick Restart","Random Character Button"],"gold_per_floor":[111,211,226,242,9,9,51,80,127,127,151,151,170,120,120,205,205,228,228,255,273,273,273,273],"floor_reached":23,"playtime":1055,"items_purged":[],"score":328,"play_id":"21e7b566-9c8a-4f48-9c5d-a6f4b3b13a0e","local_time":"20201229101930","is_ascension_mode":true,"campfire_choices":[{"data":"Noxious Fumes","floor":6,"key":"SMITH"},{"floor":10,"key":"REST"},{"data":"Sucker Punch","floor":12,"key":"SMITH"},{"data":"Dash","floor":15,"key":"SMITH"}],"circlet_count":0,"master_deck":["AscendersBane","Strike_G+1","Strike_G+1","Strike_G+1","Strike_G+1","Strike_G+1","Defend_G+1","Defend_G+1","Defend_G+1","Defend_G+1","Survivor","Neutralize","Slice","Sucker Punch+1","Noxious Fumes+1","Quick Slash","Cloak And Dagger","Tools of the Trade","Reflex","Poisoned Stab","Dash+1","Adrenaline","Dagger Throw+1","Heel Hook+1"],"relics":["Ring of the Snake","NeowsBlessing","CeramicFish","Pear","Orichalcum","HoveringKite"],"acts_visited":["Exordium","TheCity"],"potions_floor_usage":[13,13,18,23,23],"damage_taken":[{"damage":0,"enemies":"Jaw Worm","floor":1,"turns":1},{"damage":0,"enemies":"Cultist","floor":3,"turns":1},{"damage":0,"enemies":"Small Slimes","floor":4,"turns":1},{"damage":33,"enemies":"3 Sentries","floor":7,"turns":8},{"damage":4,"enemies":"Blue Slaver","floor":8,"turns":4},{"damage":5,"enemies":"2 Fungi Beasts","floor":11,"turns":5},{"damage":10,"enemies":"Exordium Thugs","floor":13,"turns":6},{"damage":29,"enemies":"Hexaghost","floor":16,"turns":10},{"damage":5,"enemies":"3 Byrds","floor":18,"turns":6},{"damage":11,"enemies":"2 Thieves","floor":20,"turns":4},{"damage":4,"enemies":"Centurion and Healer","floor":21,"turns":5},{"damage":26,"enemies":"Slavers","floor":23,"turns":1}],"seed_played":"1202055096689270185","potions_obtained":[{"floor":8,"key":"Block Potion"},{"floor":11,"key":"ColorlessPotion"},{"floor":13,"key":"Poison Potion"},{"floor":16,"key":"Block Potion"},{"floor":21,"key":"Strength Potion"}],"is_trial":false,"path_per_floor":["M","?","M","M","$","R","E","M","T","R","M","R","M","?","R","B",null,"M","?","M","M","?","E"],"character_chosen":"THE_SILENT","items_purchased":["CeramicFish","Quick Slash","Cloak And Dagger"],"campfire_rested":1,"item_purchase_floors":[5,5,5],"current_hp_per_floor":[59,59,59,59,59,59,36,32,32,54,49,49,39,39,39,10,60,55,55,44,40,26,0,0],"gold":273,"neow_bonus":"THREE_ENEMY_KILL","is_daily":false,"chose_seed":false,"campfire_upgraded":3,"win_rate":0.0,"timestamp":1609265970,"path_taken":["M","?","?","M","$","R","E","M","T","R","M","R","?","?","R","BOSS","M","?","M","M","?","E"],"items_purchased_type":["Relic","Card","Card"],"build_version":"2020-12-18","purchased_purges":0,"victory":false,"max_hp_per_floor":[66,66,66,66,66,66,76,76,76,76,76,76,76,76,76,76,76,76,76,76,76,81,81,81],"card_choices":[{"not_picked":["Acrobatics","Calculated Gamble"],"picked":"Slice","floor":1},{"not_picked":["Acrobatics","Distraction"],"picked":"Sucker Punch","floor":3},{"not_picked":["Outmaneuver","Underhanded Strike"],"picked":"Noxious Fumes","floor":4},{"not_picked":["Underhanded Strike","Acrobatics"],"picked":"Tools of the Trade","floor":7},{"not_picked":["Deflect","Dodge and Roll"],"picked":"Reflex","floor":8},{"not_picked":["Flying Knee","Dagger Spray"],"picked":"Poisoned Stab","floor":11},{"not_picked":["Bane","Acrobatics"],"picked":"Dash","floor":13},{"not_picked":["Night Terror","Unload"],"picked":"Adrenaline","floor":16},{"not_picked":["Escape Plan+1","Tactician"],"picked":"Dagger Throw+1","floor":18},{"not_picked":["Acrobatics","Calculated Gamble"],"picked":"Heel Hook+1","floor":20},{"not_picked":["Cloak And Dagger","Sucker Punch","Reflex"],"picked":"SKIP","floor":21}],"player_experience":725782,"relics_obtained":[{"floor":7,"key":"Pear"},{"floor":9,"key":"Orichalcum"}],"event_choices":[{"damage_healed":0,"gold_gain":100,"player_choice":"Pray","damage_taken":0,"max_hp_gain":0,"max_hp_loss":0,"event_name":"Golden Shrine","floor":2,"gold_loss":0},{"cards_removed":["Defend_G"],"damage_healed":0,"gold_gain":0,"player_choice":"Card Removal","damage_taken":0,"max_hp_gain":0,"max_hp_loss":0,"event_name":"The Cleric","floor":14,"gold_loss":50},{"damage_healed":0,"gold_gain":0,"player_choice":"Simplicity","damage_taken":0,"max_hp_gain":0,"max_hp_loss":0,"event_name":"Back to Basics","floor":19,"gold_loss":0,"cards_upgraded":["Strike_G","Strike_G","Strike_G","Strike_G","Strike_G","Defend_G","Defend_G","Defend_G","Defend_G"]},{"damage_healed":0,"gold_gain":0,"player_choice":"Shed Blood","damage_taken":19,"max_hp_gain":5,"max_hp_loss":0,"event_name":"Forgotten Altar","floor":22,"gold_loss":0}],"is_beta":true,"boss_relics":[{"not_picked":["Philosopher\u0027s Stone","SacredBark"],"picked":"HoveringKite"}],"items_purged_floors":[],"is_endless":false,"potions_floor_spawned":[8,11,13,16,21],"killed_by":"Slavers","ascension_level":14}}