{"host":"i5n40fjkmb02ym6x","time":1609266491,"event":{"mods":["AchievementEnabler","BaseMod","Colored Map","Colored Powertips","Googly Eyes","Hermit","Infinite Spire","Minty Spire (QoL Compilation)","StSLib"],"gold_per_floor":[112,112,126,140,315,345,345,356,356,281,336,336,336,349,349,447,447,447,447],"floor_reached":18,"playtime":609,"items_purged":["Doubt"],"score":160,"play_id":"9ad9a568-7863-4458-aa9c-70a566113199","local_time":"20201230022811","is_ascension_mode":false,"campfire_choices":[{"data":"hermit:Midnight","floor":7,"key":"SMITH"},{"floor":12,"key":"REST"},{"floor":15,"key":"REST"}],"circlet_count":0,"master_deck":["hermit:Strike_Hermit","hermit:Strike_Hermit","hermit:Strike_Hermit","hermit:Strike_Hermit","hermit:Defend_Hermit","hermit:Defend_Hermit","hermit:Defend_Hermit","hermit:Defend_Hermit","hermit:Snapshot","hermit:Covet","hermit:Deadeye","hermit:Snipe","hermit:EyeOfTheStorm","hermit:Midnight+1","hermit:BlackWind"],"relics":["hermit:Momento","NeowsBlessing","Shuriken","infinitespire:ShieldingShard","Matryoshka","SlaversCollar"],"acts_visited":["Exordium","TheCity"],"potions_floor_usage":[16,16,16],"damage_taken":[{"damage":0.0,"enemies":"Small Slimes","floor":1.0,"turns":1.0},{"damage":0.0,"enemies":"2 Louse","floor":3.0,"turns":1.0},{"damage":0.0,"enemies":"Jaw Worm","floor":4.0,"turns":1.0},{"damage":20,"enemies":"3 Sentries","floor":6,"turns":8},{"damage":3,"enemies":"Looter","floor":8,"turns":3},{"damage":8,"enemies":"Red Slaver","floor":14,"turns":3},{"damage":49,"enemies":"Hexaghost","floor":16,"turns":11},{"damage":81,"enemies":"Chosen","floor":18,"turns":7}],"seed_played":"8525454112980059795","potions_obtained":[{"floor":1.0,"key":"Weak Potion"},{"floor":3.0,"key":"AttackPotion"},{"floor":14,"key":"BlessingOfTheForge"},{"floor":16,"key":"EssenceOfSteel"}],"is_trial":false,"path_per_floor":["M","?","M","M","?","E","R","M","T","$","?","R","?","M","R","B",null,"M"],"character_chosen":"HERMIT","items_purchased":[],"campfire_rested":2,"item_purchase_floors":[],"current_hp_per_floor":[75,50,50,50,50,30,30,27,27,27,27,49,49,41,63,14,75,0,0],"gold":447,"neow_bonus":"THREE_ENEMY_KILL","is_daily":false,"chose_seed":false,"campfire_upgraded":1,"win_rate":0.0,"timestamp":1609266491,"path_taken":["M","?","M","M","?","E","R","M","T","$","?","R","?","M","R","BOSS","M"],"items_purchased_type":[],"build_version":"2020-12-22","purchased_purges":1,"victory":false,"max_hp_per_floor":[75,75,75,75,75,75,75,75,75,75,75,75,75,75,75,75,75,75,75],"card_choices":[{"not_picked":["hermit:GhostlyPresence","hermit:Horror"],"picked":"hermit:Deadeye","floor":1.0},{"not_picked":["hermit:LowProfile","hermit:Headshot"],"picked":"hermit:Snipe","floor":3.0},{"not_picked":["hermit:WideOpen","hermit:Manifest"],"picked":"hermit:EyeOfTheStorm","floor":4.0},{"not_picked":["hermit:Gestalt","hermit:TakeAim"],"picked":"hermit:Midnight","floor":6},{"not_picked":["hermit:NoHoldsBarred","hermit:HoleUp","hermit:Roulette"],"picked":"SKIP","floor":8},{"not_picked":["hermit:DeadMansHand","hermit:LowProfile","hermit:Virtue"],"picked":"SKIP","floor":14},{"not_picked":["hermit:Purgatory","hermit:Adapt"],"picked":"hermit:BlackWind","floor":16}],"player_experience":67523,"relics_obtained":[{"floor":6,"key":"infinitespire:ShieldingShard"},{"floor":9,"key":"Matryoshka"}],"event_choices":[{"damage_healed":0.0,"max_hp_gain":0.0,"max_hp_loss":0.0,"gold_gain":0.0,"event_name":"Scrap Ooze","player_choice":"Success","floor":2.0,"gold_loss":0.0,"damage_taken":25.0,"relics_obtained":["Shuriken"]},{"damage_healed":0.0,"max_hp_gain":0.0,"max_hp_loss":0.0,"gold_gain":175.0,"event_name":"Liars Game","player_choice":"AGREE","floor":5.0,"gold_loss":0.0,"damage_taken":0.0,"cards_obtained":["Doubt"]},{"damage_healed":0,"gold_gain":55,"player_choice":"Gained Gold","damage_taken":0,"max_hp_gain":0,"max_hp_loss":0,"event_name":"Golden Wing","floor":11,"gold_loss":0}],"is_beta":false,"boss_relics":[{"not_picked":["Coffee Dripper","Snecko Eye"],"picked":"SlaversCollar"}],"items_purged_floors":[10],"is_endless":false,"potions_floor_spawned":[1,3,14,16],"killed_by":"Chosen","ascension_level":0}}