{"host":"0ydzwspkajt4brzd","time":1609273362,"event":{"mods":["AchievementEnabler","BaseMod","Colored Map","DeckTracker","Googly Eyes","Highlight Path","Minty Spire (QoL Compilation)","Quick Restart","Random Character Button","Rare Cards Sparkle"],"gold_per_floor":[113,124,135,152,77,77,96,125,151,162,162,191,191,216,216,216,216],"floor_reached":16,"playtime":716,"items_purged":["Strike_R"],"score":221,"play_id":"001b8b5e-df38-471c-b847-5451746a95df","local_time":"20201229122242","is_ascension_mode":true,"campfire_choices":[{"data":"Bash","floor":6.0,"key":"SMITH"},{"data":"Whirlwind","floor":11.0,"key":"SMITH"},{"data":"Pommel Strike","floor":13.0,"key":"SMITH"},{"data":"Corruption","floor":15.0,"key":"SMITH"}],"circlet_count":0,"master_deck":["AscendersBane","Strike_R","Strike_R","Strike_R","Strike_R","Defend_R","Defend_R","Defend_R","Defend_R","Bash+1","Warcry","Pommel Strike+1","Spot Weakness","Whirlwind+1","Seeing Red","Heavy Blade","Corruption+1"],"relics":["Burning Blood","NeowsBlessing","Lantern","Juzu Bracelet","Bronze Scales","Happy Flower"],"acts_visited":["Exordium"],"potions_floor_usage":[],"damage_taken":[{"damage":0.0,"enemies":"2 Louse","floor":1.0,"turns":1.0},{"damage":0.0,"enemies":"Jaw Worm","floor":2.0,"turns":1.0},{"damage":0.0,"enemies":"Small Slimes","floor":3.0,"turns":1.0},{"damage":6.0,"enemies":"2 Fungi Beasts","floor":4.0,"turns":5.0},{"damage":10.0,"enemies":"Lots of Slimes","floor":7.0,"turns":3.0},{"damage":45.0,"enemies":"3 Sentries","floor":8.0,"turns":9.0},{"damage":6.0,"enemies":"3 Louse","floor":10.0,"turns":2.0},{"damage":4.0,"enemies":"Gremlin Nob","floor":12.0,"turns":3.0},{"damage":0.0,"enemies":"3 Sentries","floor":14.0,"turns":1.0},{"damage":40,"enemies":"The Guardian","floor":16,"turns":6}],"seed_played":"6524527358999286549","potions_obtained":[{"floor":3.0,"key":"Ancient Potion"},{"floor":4.0,"key":"ColorlessPotion"},{"floor":8.0,"key":"Block Potion"}],"is_trial":false,"path_per_floor":["M","M","M","M","$","R","M","E","T","M","R","E","R","E","R","B"],"character_chosen":"IRONCLAD","items_purchased":[],"campfire_rested":0,"item_purchase_floors":[],"current_hp_per_floor":[78,80,80,80,80,80,76,37,37,37,37,39,39,45,45,5,5],"gold":216,"neow_bonus":"THREE_ENEMY_KILL","is_daily":false,"chose_seed":false,"campfire_upgraded":4,"win_rate":0.0,"timestamp":1609273362,"path_taken":["M","M","M","M","$","R","M","E","T","M","R","E","R","E","R","BOSS"],"items_purchased_type":[],"build_version":"2020-12-22","purchased_purges":1,"victory":false,"max_hp_per_floor":[80,80,80,80,80,80,80,80,80,80,80,80,80,80,80,80,80],"card_choices":[{"not_picked":["Burning Pact","Iron Wave"],"picked":"Warcry","floor":1.0},{"not_picked":["Flame Barrier","Warcry"],"picked":"Pommel Strike","floor":2.0},{"not_picked":["Warcry","Anger","Iron Wave"],"picked":"SKIP","floor":3.0},{"not_picked":["Dual Wield","Heavy Blade","Clash"],"picked":"SKIP","floor":4.0},{"not_picked":["True Grit","Flex"],"picked":"Spot Weakness","floor":7.0},{"not_picked":["Iron Wave","Blood for Blood"],"picked":"Whirlwind","floor":8.0},{"not_picked":["Rampage","Clash"],"picked":"Seeing Red","floor":10.0},{"not_picked":["Wild Strike","Perfected Strike"],"picked":"Heavy Blade","floor":12.0},{"not_picked":["Rampage","Searing Blow"],"picked":"Corruption","floor":14.0}],"player_experience":376033,"relics_obtained":[{"floor":8.0,"key":"Lantern"},{"floor":9.0,"key":"Juzu Bracelet"},{"floor":12.0,"key":"Bronze Scales"},{"floor":14.0,"key":"Happy Flower"}],"event_choices":[],"is_beta":false,"boss_relics":[],"items_purged_floors":[5],"is_endless":false,"potions_floor_spawned":[3,4,8],"killed_by":"The Guardian","ascension_level":10}}