{"host":"ow66nzv2xecjoor3","time":1609265517,"event":{"mods":["BaseMod","Bestiary","Block Reminder","Colored Powertips","Curses Come First","Highlight Path","Keyboard Shortcuts","Minty Spire (QoL Compilation)","Permanent Neow","Relic Stats","StSLib","UnlockEverythingMod"],"gold_per_floor":[112,125,138,149,14,14,39,39,39,51,80,97,131,150,150,228,228,241,257,50,63,80,80,112,130,154,169,169,169,169,200,200,278,328,341,354,367,379,159,176,195,195,222,253,253,271,271,271,271,271,271,271,271,9,41,41,41],"floor_reached":56,"playtime":3210,"items_purged":[],"score":2090,"play_id":"9af80779-cb6d-4d7a-9817-a384b7d87a25","local_time":"20201229121157","is_ascension_mode":true,"campfire_choices":[{"data":"Perfected Strike","floor":6.0,"key":"SMITH"},{"data":"Shockwave","floor":8.0,"key":"SMITH"},{"data":"Disarm","floor":15.0,"key":"SMITH"},{"floor":23.0,"key":"REST"},{"data":"Limit Break","floor":30.0,"key":"SMITH"},{"data":"Flame Barrier","floor":32.0,"key":"SMITH"},{"floor":42.0,"key":"RECALL"},{"data":"Heavy Blade","floor":47.0,"key":"SMITH"},{"floor":49.0,"key":"REST"},{"floor":53.0,"key":"REST"}],"circlet_count":0,"master_deck":["AscendersBane","Defend_R+1","Defend_R","Defend_R","Bash","Perfected Strike+1","Ghostly Armor","Shockwave+1","Disarm+1","Twin Strike","Inflame","Pommel Strike","Battle Trance","Inflame","Carnage","Limit Break+1","Fiend Fire","Carnage","Dark Embrace","Battle Trance","Shrug It Off","Dark Embrace","Bite","Bite","Bite","Bite","Bite","Flame Barrier+1","Exhume","Entrench","Fiend Fire","Armaments+1","Evolve+1","Spot Weakness+1","Dual Wield","Headbutt","Double Tap","Disarm+1","Burning Pact+1","Burning Pact","Heavy Blade+1","Corruption"],"relics":["SlaversCollar","InkBottle","Kunai","Mummified Hand","Strawberry","Snecko Eye","Akabeko","Orichalcum","Nunchaku","Prayer Wheel","Tiny House","Medical Kit","Toy Ornithopter","Bottled Tornado","Art of War"],"acts_visited":["Exordium","TheCity","TheBeyond","TheEnding"],"potions_floor_usage":[],"damage_taken":[{"damage":7.0,"enemies":"Cultist","floor":1.0,"turns":4.0},{"damage":5.0,"enemies":"Small Slimes","floor":2.0,"turns":4.0},{"damage":9.0,"enemies":"2 Louse","floor":3.0,"turns":3.0},{"damage":9.0,"enemies":"Looter","floor":4.0,"turns":4.0},{"damage":0.0,"enemies":"Lagavulin","floor":7.0,"turns":4.0},{"damage":6.0,"enemies":"Large Slime","floor":10.0,"turns":6.0},{"damage":6.0,"enemies":"3 Sentries","floor":11.0,"turns":6.0},{"damage":6.0,"enemies":"Blue Slaver","floor":12.0,"turns":4.0},{"damage":10.0,"enemies":"Gremlin Nob","floor":13.0,"turns":3.0},{"damage":7.0,"enemies":"3 Louse","floor":14.0,"turns":4.0},{"damage":9.0,"enemies":"The Guardian","floor":16.0,"turns":11.0},{"damage":30.0,"enemies":"3 Byrds","floor":18.0,"turns":5.0},{"damage":6.0,"enemies":"Spheric Guardian","floor":19.0,"turns":4.0},{"damage":10.0,"enemies":"Snecko","floor":21.0,"turns":3.0},{"damage":0.0,"enemies":"Centurion and Healer","floor":22.0,"turns":3.0},{"damage":0.0,"enemies":"Book of Stabbing","floor":24.0,"turns":3.0},{"damage":12.0,"enemies":"Snake Plant","floor":25.0,"turns":2.0},{"damage":0.0,"enemies":"Snecko","floor":27.0,"turns":2.0},{"damage":6.0,"enemies":"Slavers","floor":31.0,"turns":4.0},{"damage":7.0,"enemies":"Automaton","floor":33.0,"turns":4.0},{"damage":0.0,"enemies":"Orb Walker","floor":35.0,"turns":2.0},{"damage":1.0,"enemies":"3 Shapes","floor":36.0,"turns":4.0},{"damage":39.0,"enemies":"Writhing Mass","floor":37.0,"turns":11.0},{"damage":9.0,"enemies":"4 Shapes","floor":38.0,"turns":5.0},{"damage":18.0,"enemies":"Maw","floor":40.0,"turns":6.0},{"damage":0.0,"enemies":"Sphere and 2 Shapes","floor":41.0,"turns":3.0},{"damage":21.0,"enemies":"Reptomancer","floor":44.0,"turns":7.0},{"damage":8.0,"enemies":"Writhing Mass","floor":46.0,"turns":5.0},{"damage":26.0,"enemies":"Awakened One","floor":50.0,"turns":6.0},{"damage":39.0,"enemies":"Donu and Deca","floor":51.0,"turns":5.0},{"damage":0.0,"enemies":"Shield and Spear","floor":55.0,"turns":3.0},{"damage":69,"enemies":"The Heart","floor":56,"turns":3}],"seed_played":"1889161785341449638","potions_obtained":[{"floor":1.0,"key":"HeartOfIron"},{"floor":4.0,"key":"Block Potion"},{"floor":7.0,"key":"Fire Potion"},{"floor":11.0,"key":"Strength Potion"},{"floor":12.0,"key":"Regen Potion"},{"floor":14.0,"key":"Weak Potion"},{"floor":18.0,"key":"BlessingOfTheForge"},{"floor":25.0,"key":"Swift Potion"},{"floor":31.0,"key":"GamblersBrew"},{"floor":33.0,"key":"PowerPotion"},{"floor":34.0,"key":"SteroidPotion"},{"floor":36.0,"key":"Ancient Potion"},{"floor":55.0,"key":"SpeedPotion"}],"is_trial":false,"path_per_floor":["M","M","M","M","$","R","E","R","T","M","E","M","E","M","R","B",null,"M","M","$","M","M","R","E","M","T","M","?","?","R","E","R","B",null,"M","M","M","M","$","M","M","R","T","E","?","M","R","?","R","B","B",null,"R","$","E","B"],"character_chosen":"IRONCLAD","items_purchased":["Twin Strike","Inflame","Akabeko","Battle Trance","Medical Kit","Headbutt","Bottled Tornado"],"campfire_rested":3,"item_purchase_floors":[5,5,20,20,39,39,54],"current_hp_per_floor":[61,56,47,38,38,38,38,38,38,32,26,20,26,19,19,10,64,34,28,28,18,18,42,42,30,30,30,30,30,30,36,36,45,59,61,62,50,54,54,50,58,58,58,55,55,47,47,47,62,46,11,49,62,62,62,0,0],"gold":41,"neow_bonus":"BOSS_RELIC","is_daily":false,"chose_seed":false,"campfire_upgraded":6,"win_rate":0.0,"timestamp":1609265517,"path_taken":["M","M","M","M","$","R","E","R","T","M","E","M","E","M","R","BOSS","M","M","?","M","?","R","E","M","T","M","?","?","R","E","R","BOSS","M","M","M","M","$","M","M","R","T","E","?","M","R","?","R","BOSS","BOSS","R","$","E","BOSS"],"items_purchased_type":["Card","Card","Relic","Card","Relic","Card","Relic"],"build_version":"2020-12-22","purchased_purges":0,"victory":false,"max_hp_per_floor":[75,75,75,75,75,75,75,75,75,75,75,75,82,82,82,82,82,82,82,82,82,82,82,82,82,82,82,57,57,57,57,57,57,62,62,62,62,62,62,62,62,62,62,62,62,62,62,62,62,62,62,62,62,62,62,62,62],"relic_stats":{"Nunchaku":[13],"counters":[32,143],"Mummified Hand":[123],"Snecko Eye":[266,237,242,207],"Prayer Wheel":7,"Art of War":[0],"Kunai":[31],"Orichalcum":[72],"Medical Kit":[14],"obtain_stats":[{"Tiny House":34,"Orichalcum":24,"Bottled Tornado":54,"Medical Kit":39,"Burning Blood":0,"Akabeko":20,"SlaversCollar":0,"Nunchaku":26,"Mummified Hand":11,"Strawberry":13,"Snecko Eye":17,"Prayer Wheel":31,"Art of War":55,"Kunai":9,"InkBottle":7,"Toy Ornithopter":44},{"Tiny House":20,"Orichalcum":16,"Bottled Tornado":30,"Medical Kit":24,"Burning Blood":0,"Akabeko":13,"SlaversCollar":0,"Nunchaku":17,"Mummified Hand":7,"Strawberry":9,"Snecko Eye":11,"Prayer Wheel":19,"Art of War":31,"Kunai":5,"InkBottle":5,"Toy Ornithopter":27},{"Tiny House":83,"Orichalcum":71,"Bottled Tornado":137,"Medical Kit":105,"Burning Blood":0,"Akabeko":62,"SlaversCollar":0,"Nunchaku":73,"Mummified Hand":31,"Strawberry":38,"Snecko Eye":53,"Prayer Wheel":79,"Art of War":140,"Kunai":19,"InkBottle":19,"Toy Ornithopter":121}],"InkBottle":[49],"Toy Ornithopter":0},"card_choices":[{"not_picked":["Second Wind","Intimidate"],"picked":"Perfected Strike","floor":1.0},{"not_picked":["Armaments","Sentinel"],"picked":"Ghostly Armor","floor":2.0},{"not_picked":["Sword Boomerang","Clothesline"],"picked":"Shockwave","floor":3.0},{"not_picked":["Armaments","Clothesline"],"picked":"Disarm","floor":4.0},{"not_picked":["Fire Breathing","Power Through"],"picked":"Pommel Strike","floor":7.0},{"not_picked":["Pommel Strike","Disarm"],"picked":"Battle Trance","floor":10.0},{"not_picked":["Twin Strike","True Grit"],"picked":"Inflame","floor":11.0},{"not_picked":["Anger","Heavy Blade"],"picked":"Carnage","floor":12.0},{"not_picked":["Wild Strike","Intimidate"],"picked":"Limit Break","floor":13.0},{"not_picked":["Power Through","Anger","Uppercut"],"picked":"SKIP","floor":14.0},{"not_picked":["Berserk","Limit Break"],"picked":"Fiend Fire","floor":16.0},{"not_picked":["Pommel Strike","Iron Wave"],"picked":"Carnage","floor":18.0},{"not_picked":["Anger","Clothesline"],"picked":"Dark Embrace","floor":19.0},{"not_picked":["Carnage","Fire Breathing","Sever Soul"],"picked":"SKIP","floor":21.0},{"not_picked":["Armaments","Warcry"],"picked":"Shrug It Off","floor":22.0},{"not_picked":["Hemokinesis","Rage","Armaments"],"picked":"SKIP","floor":24.0},{"not_picked":["Iron Wave","Havoc","Headbutt"],"picked":"SKIP","floor":25.0},{"not_picked":["Headbutt","Entrench"],"picked":"Dark Embrace","floor":27.0},{"not_picked":["Clash","Whirlwind","Intimidate"],"picked":"SKIP","floor":31.0},{"not_picked":["Berserk","Fiend Fire"],"picked":"Exhume","floor":33.0},{"not_picked":["Sever Soul","Seeing Red"],"picked":"Entrench","floor":35.0},{"not_picked":["Heavy Blade","Clothesline","Armaments+1"],"picked":"SKIP","floor":35.0},{"not_picked":["Perfected Strike","Headbutt"],"picked":"Fiend Fire","floor":36.0},{"not_picked":["Iron Wave","Sever Soul"],"picked":"Armaments+1","floor":36.0},{"not_picked":["Havoc","Headbutt"],"picked":"Evolve+1","floor":37.0},{"not_picked":["Anger","Twin Strike"],"picked":"Spot Weakness+1","floor":37.0},{"not_picked":["Twin Strike","Ghostly Armor"],"picked":"Dual Wield","floor":38.0},{"not_picked":["Sentinel+1","Battle Trance","Uppercut"],"picked":"SKIP","floor":38.0},{"not_picked":["Uppercut","Rampage","Clash+1"],"picked":"SKIP","floor":40.0},{"not_picked":["Twin Strike+1","Evolve","Anger+1"],"picked":"SKIP","floor":40.0},{"not_picked":["Iron Wave","Clothesline+1"],"picked":"Double Tap","floor":41.0},{"not_picked":["Whirlwind","Sentinel"],"picked":"Disarm+1","floor":41.0},{"not_picked":["Havoc+1","Headbutt"],"picked":"Burning Pact+1","floor":44.0},{"not_picked":["Entrench","Twin Strike"],"picked":"Burning Pact","floor":46.0},{"not_picked":["Pommel Strike","Warcry"],"picked":"Heavy Blade","floor":46.0},{"not_picked":["Carnage","Flex"],"picked":"Corruption","floor":55.0}],"player_experience":2672021,"relics_obtained":[{"floor":7.0,"key":"InkBottle"},{"floor":9.0,"key":"Kunai"},{"floor":11.0,"key":"Mummified Hand"},{"floor":13.0,"key":"Strawberry"},{"floor":24.0,"key":"Orichalcum"},{"floor":26.0,"key":"Nunchaku"},{"floor":31.0,"key":"Prayer Wheel"},{"floor":44.0,"key":"Toy Ornithopter"},{"floor":55.0,"key":"Art of War"}],"event_choices":[{"damage_healed":0.0,"max_hp_gain":0.0,"max_hp_loss":25.0,"gold_gain":0.0,"event_name":"Vampires","player_choice":"Became a vampire","floor":28.0,"gold_loss":0.0,"damage_taken":0.0,"cards_obtained":["Bite","Bite","Bite","Bite","Bite"]},{"damage_healed":0.0,"max_hp_gain":0.0,"max_hp_loss":0.0,"gold_gain":0.0,"event_name":"The Library","player_choice":"Read","floor":29.0,"gold_loss":0.0,"damage_taken":0.0,"cards_obtained":["Flame Barrier"]},{"cards_removed":["Defend_R"],"damage_healed":0.0,"max_hp_gain":0.0,"max_hp_loss":0.0,"gold_gain":0.0,"event_name":"Falling","player_choice":"Removed Skill","floor":45.0,"gold_loss":0.0,"damage_taken":0.0},{"damage_healed":0.0,"max_hp_gain":0.0,"max_hp_loss":0.0,"gold_gain":0.0,"event_name":"SensoryStone","player_choice":"Memory 1","floor":48.0,"gold_loss":0.0,"damage_taken":0.0}],"is_beta":false,"boss_relics":[{"not_picked":["Busted Crown","Fusion Hammer"],"picked":"Snecko Eye"},{"not_picked":["SacredBark","Mark of Pain"],"picked":"Tiny House"}],"items_purged_floors":[],"is_endless":false,"potions_floor_spawned":[1,4,7,11,12,14,16,18,25,31,33,36,38,40,55],"killed_by":"The Heart","ascension_level":20}}