{"host":"lpcxcvdszk9zyesf","time":1609255154,"event":{"mods":["BaseMod","Better Third Choice","BetterRewards","Minty Spire (QoL Compilation)","Rare Cards Sparkle","Relic Stats","Say the Spire","Spicy Shops","StSLib"],"gold_per_floor":[113,113,1,1,15,15,39,59,83,104,104,125,14,14,14,145,145,165,165,90,128,128,128,149,163,187,202,217,132,34,34,34],"floor_reached":31,"playtime":1012,"items_purged":["Decay"],"score":491,"play_id":"541a805a-1f56-4721-a390-5414f1f8367a","local_time":"20201229231914","is_ascension_mode":true,"campfire_choices":[{"floor":6.0,"key":"REST"},{"data":"Whirlwind","floor":11.0,"key":"SMITH"},{"floor":15.0,"key":"REST"},{"data":"Bludgeon","floor":23,"key":"SMITH"}],"circlet_count":0,"master_deck":["AscendersBane","Strike_R","Strike_R","Strike_R","Strike_R","Defend_R","Defend_R","Defend_R","Defend_R+1","Bash","Shrug It Off","Dropkick","Fire Breathing","Shockwave+1","Whirlwind+1","Seeing Red","Fire Breathing","Bludgeon+1","Flex","Reckless Charge","Disarm+1","Spot Weakness","Good Instincts"],"relics":["Burning Blood","PreservedInsect","Regal Pillow","Golden Idol","Thread and Needle","Akabeko","Runic Cube","War Paint","Red Mask","Centennial Puzzle"],"acts_visited":["Exordium","TheCity"],"potions_floor_usage":[25,28],"damage_taken":[{"damage":15.0,"enemies":"Small Slimes","floor":1.0,"turns":4.0},{"damage":0.0,"enemies":"Cultist","floor":5.0,"turns":4.0},{"damage":4.0,"enemies":"Jaw Worm","floor":7.0,"turns":5.0},{"damage":10.0,"enemies":"3 Louse","floor":8.0,"turns":4.0},{"damage":16.0,"enemies":"Exordium Wildlife","floor":10.0,"turns":4.0},{"damage":12.0,"enemies":"Looter","floor":12.0,"turns":3.0},{"damage":44.0,"enemies":"Slime Boss","floor":16.0,"turns":9.0},{"damage":8.0,"enemies":"2 Thieves","floor":18.0,"turns":2.0},{"damage":41,"enemies":"Masked Bandits","floor":21,"turns":4},{"damage":0,"enemies":"Spheric Guardian","floor":24,"turns":3},{"damage":17,"enemies":"Cultist and Chosen","floor":25,"turns":8},{"damage":16,"enemies":"Centurion and Healer","floor":27,"turns":5},{"damage":31,"enemies":"Snake Plant","floor":28,"turns":3},{"damage":23,"enemies":"Shelled Parasite and Fungi","floor":31,"turns":3}],"seed_played":"1909109268591372031","potions_obtained":[{"floor":4.0,"key":"Strength Potion"},{"floor":4.0,"key":"Weak Potion"},{"floor":21,"key":"EssenceOfSteel"},{"floor":28,"key":"SpeedPotion"}],"is_trial":false,"path_per_floor":["M","?","$","?","M","R","M","M","T","M","R","M","$","?","R","B",null,"M","T","?","?","?","R","M","M","T","M","M","?","$","M"],"character_chosen":"IRONCLAD","items_purchased":["PreservedInsect","Regal Pillow","Shrug It Off","Fire Breathing","Thread and Needle","Fire Breathing","Good Instincts"],"campfire_rested":2,"item_purchase_floors":[0,0,0,3,3,13,30],"current_hp_per_floor":[63,43,43,43,49,80,80,76,76,66,66,60,60,52,80,42,71,69,69,69,34,60,60,66,55,55,45,20,20,20,0,0],"gold":34,"neow_bonus":"","is_daily":false,"chose_seed":false,"campfire_upgraded":2,"win_rate":0.0,"timestamp":1609255154,"path_taken":["M","?","$","?","M","R","M","?","T","M","R","M","?","?","R","BOSS","M","?","?","?","?","R","M","M","T","?","M","?","?","M"],"items_purchased_type":["Relic","Relic","Card","Card","Relic","Card","Card"],"build_version":"2020-12-22","purchased_purges":1,"victory":false,"max_hp_per_floor":[80,80,80,80,80,80,80,80,80,80,80,80,80,80,80,80,80,80,80,80,80,80,80,80,80,80,80,80,80,80,80,80],"relic_stats":{"Regal Pillow":11,"Centennial Puzzle":[3],"counters":[21,94],"Golden Idol":121,"PreservedInsect":0,"War Paint":["Shockwave","Defend_R"],"obtain_stats":[{"Regal Pillow":11,"NeowsBlessing":0,"Golden Idol":3,"Thread and Needle":3,"PreservedInsect":0,"War Paint":19,"Smiling Mask":7,"Question Card":9,"Burning Blood":0,"Akabeko":9,"Centennial Puzzle":29,"Pantograph":10,"Fusion Hammer":17,"Red Mask":21,"Runic Cube":17},{"Regal Pillow":3,"NeowsBlessing":0,"Golden Idol":1,"Thread and Needle":8,"PreservedInsect":7,"War Paint":15,"Smiling Mask":3,"Question Card":3,"Burning Blood":0,"Akabeko":11,"Centennial Puzzle":20,"Pantograph":3,"Fusion Hammer":5,"Red Mask":16,"Runic Cube":14},{"Regal Pillow":3,"NeowsBlessing":0,"Golden Idol":1,"Thread and Needle":37,"PreservedInsect":33,"War Paint":68,"Smiling Mask":3,"Question Card":3,"Burning Blood":0,"Akabeko":50,"Centennial Puzzle":91,"Pantograph":3,"Fusion Hammer":24,"Red Mask":72,"Runic Cube":66}],"Burning Blood":112,"Runic Cube":[20]},"card_choices":[{"not_picked":["Clash","Entrench"],"picked":"Dropkick","floor":1.0},{"not_picked":["Sword Boomerang","Wild Strike"],"picked":"Shockwave","floor":5.0},{"not_picked":["Havoc","Clothesline","Perfected Strike"],"picked":"SKIP","floor":7.0},{"not_picked":["Clothesline","Thunderclap","Armaments"],"picked":"SKIP","floor":8.0},{"not_picked":["Flex","Clothesline"],"picked":"Whirlwind","floor":10.0},{"not_picked":["Armaments","Clothesline"],"picked":"Seeing Red","floor":12.0},{"not_picked":["Fiend Fire","Brutality"],"picked":"Bludgeon","floor":16.0},{"not_picked":["Hemokinesis","Pommel Strike"],"picked":"Flex","floor":18.0},{"not_picked":["Heavy Blade+1","Wild Strike"],"picked":"Reckless Charge","floor":21},{"not_picked":["Sword Boomerang+1","Searing Blow"],"picked":"Disarm+1","floor":24},{"not_picked":["Pommel Strike","Wild Strike","Uppercut"],"picked":"SKIP","floor":25},{"not_picked":["Whirlwind+1","Shrug It Off","Body Slam"],"picked":"SKIP","floor":27},{"not_picked":["True Grit","Rage"],"picked":"Spot Weakness","floor":28}],"player_experience":278076,"relics_obtained":[{"floor":9.0,"key":"Akabeko"},{"floor":19.0,"key":"War Paint"},{"floor":21,"key":"Red Mask"}],"event_choices":[{"damage_healed":0.0,"max_hp_gain":0.0,"max_hp_loss":0.0,"gold_gain":0.0,"event_name":"Golden Idol","player_choice":"Take Damage","floor":2.0,"gold_loss":0.0,"damage_taken":20.0,"relics_obtained":["Golden Idol"]},{"damage_healed":0.0,"max_hp_gain":0.0,"max_hp_loss":0.0,"gold_gain":0.0,"event_name":"Lab","player_choice":"Got Potions","floor":4.0,"gold_loss":0.0,"damage_taken":0.0},{"damage_healed":0.0,"max_hp_gain":0.0,"max_hp_loss":0.0,"gold_gain":0.0,"event_name":"Wheel of Change","player_choice":"Damaged","floor":14.0,"gold_loss":0.0,"damage_taken":8.0},{"cards_removed":["Strike_R"],"damage_healed":0.0,"max_hp_gain":0.0,"max_hp_loss":0.0,"gold_gain":0.0,"event_name":"Beggar","player_choice":"Gave Gold","floor":20.0,"gold_loss":75.0,"damage_taken":0.0},{"damage_healed":0,"gold_gain":0,"player_choice":"Fought Bandits","damage_taken":0,"max_hp_gain":0,"max_hp_loss":0,"event_name":"Masked Bandits","floor":21,"gold_loss":0},{"damage_healed":26,"gold_gain":0,"player_choice":"Heal","damage_taken":0,"max_hp_gain":0,"max_hp_loss":0,"event_name":"The Library","floor":22,"gold_loss":0},{"damage_healed":0,"gold_gain":0,"player_choice":"Obtained Relic","damage_taken":0,"relics_obtained":["Centennial Puzzle"],"max_hp_gain":0,"max_hp_loss":0,"event_name":"Addict","floor":29,"gold_loss":85}],"is_beta":false,"boss_relics":[{"not_picked":["Runic Dome","Coffee Dripper"],"picked":"Runic Cube"}],"items_purged_floors":[13],"is_endless":false,"potions_floor_spawned":[10,12,21,28],"killed_by":"Shelled Parasite and Fungi","ascension_level":10}}