{"host":"h78e02h09yhg9y5r","time":1609217399,"event":{"mods":["ATMod(阿瑾Mod)","AchievementEnabler","Act Like it!","Arknights The Spire","Aspiration","BaseMod","BetterRewards","Dota2Spire","Hermit","KinomotoSakuraMod(木之本樱)","Minty Spire (QoL Compilation)","MostiFishMod","RumiaBox-露米娅的神秘盒子","SIMod","Shop Mod","Spicy Shops","StSLib","The Runesmith","【功能Mod】混沌之环修复补丁"],"gold_per_floor":[117,127,127,194,194,220,233,263,263,263,263],"floor_reached":10,"playtime":640,"items_purged":["ats:Strike S"],"score":80,"play_id":"fde6117d-5e71-41ab-add7-c195442627bd","local_time":"20201229124959","is_ascension_mode":true,"campfire_choices":[],"circlet_count":0,"master_deck":["ats:Strike C","ats:Strike G","ats:Strike V","ats:Armor Crushing Shot","ats:Defend","ats:Defend","ats:Defend","ats:Defend","ats:Emotion Absorption","AT_ChampionKick","ats:Sword Rain","ats:Counter Healing Mode","ats:Defend Order"],"relics":["ats:Sanity","DaveBox","AT_ATBox","MetatronsCube","Dota2Spire:PhaseBoots","Strange Spoon","SynthV:TestCard","Pyrelight","Dota2Spire:EchoSabre","ats:Originium","ats:Lavender","ats:Originium","Singing Bowl","ats:Spiritual Recovery"],"acts_visited":["Exordium"],"potions_floor_usage":[8],"damage_taken":[{"damage":5,"enemies":"Cultist","floor":1,"turns":4},{"damage":1,"enemies":"Jaw Worm","floor":2,"turns":3},{"damage":33,"enemies":"Lagavulin","floor":6,"turns":6},{"damage":0,"enemies":"Small Slimes","floor":7,"turns":1},{"damage":21,"enemies":"Gremlin Nob","floor":8,"turns":4},{"damage":30,"enemies":"Lagavulin","floor":10,"turns":6}],"seed_played":"1590027257383501333","potions_obtained":[{"floor":7,"key":"Fruit Juice"},{"floor":8,"key":"Dota2Spire:Clarity"}],"is_trial":false,"path_per_floor":["M","M","?","?","?","E","M","E","T","E"],"character_chosen":"DOCTOR_CLASS","items_purchased":["Dota2Spire:PhaseBoots","Strange Spoon","ats:Emergency Sanity Potion","DistilledChaos"],"campfire_rested":0,"item_purchase_floors":[0,0,0,0],"current_hp_per_floor":[67,66,66,66,66,33,33,20,20,0,0],"gold":263,"neow_bonus":"","is_daily":false,"chose_seed":false,"campfire_upgraded":0,"win_rate":0.0,"timestamp":1609217399,"path_taken":["M","M","?","?","?","E","M","E","T","E"],"items_purchased_type":["Relic","Relic","Potion","Potion"],"build_version":"2020-12-22","purchased_purges":1,"victory":false,"max_hp_per_floor":[72,72,72,72,72,72,72,77,77,77,77],"card_choices":[{"not_picked":["ats:Assault Order","ats:Ignite","ats:Poison Spread"],"picked":"SKIP","floor":1},{"not_picked":["ats:Cat Scratch","ats:Overload","ats:Spore Proliferation","ats:Apocalypse"],"picked":"ats:Sword Rain","floor":2},{"not_picked":["ats:Flame Of Heaven","ats:Consecutive Shot Auto","ats:Curse Doll","ats:Apocalypse","ats:Poison Spread"],"picked":"SKIP","floor":6},{"not_picked":["ats:Echo Reverb","ats:Apocalypse","ats:Shell Defense","ats:Explosion Area Strengthen"],"picked":"ats:Counter Healing Mode","floor":7},{"not_picked":["ats:Shell Defense","ats:Burning Ground","ats:Apocalypse","ats:Explosion Area Strengthen"],"picked":"ats:Defend Order","floor":8}],"player_experience":491417,"relics_obtained":[{"floor":1,"key":"SynthV:TestCard"},{"floor":6,"key":"ats:Originium"},{"floor":6,"key":"ats:Lavender"},{"floor":8,"key":"ats:Originium"},{"floor":8,"key":"Singing Bowl"},{"floor":9,"key":"ats:Spiritual Recovery"}],"event_choices":[{"damage_healed":0,"gold_gain":67,"player_choice":"Gained Gold","damage_taken":0,"max_hp_gain":0,"max_hp_loss":0,"event_name":"Golden Wing","floor":4,"gold_loss":0},{"damage_healed":0,"gold_gain":0,"player_choice":"Gave Potion","damage_taken":0,"relics_obtained":["Dota2Spire:EchoSabre"],"max_hp_gain":0,"max_hp_loss":0,"event_name":"WeMeetAgain","floor":5,"gold_loss":0}],"is_beta":false,"boss_relics":[],"items_purged_floors":[0],"is_endless":false,"potions_floor_spawned":[7,8],"killed_by":"Lagavulin","ascension_level":1}}