{"host":"g7trc0x2teqyd8ye","time":1609248852,"event":{"mods":["BaseMod","Key Reminder","Minty Spire (QoL Compilation)","Relic Stats"],"gold_per_floor":[111,111,54,73,73,98,98,6,54,79,97,129,155,180,180,255,255,268,280,3,3,0,0,0,0,0],"floor_reached":25,"playtime":862,"items_purged":["Strike_R"],"score":475,"play_id":"8edbf8d3-d6e6-41cc-8cdc-860bfe1d9d6b","local_time":"20201229143412","is_ascension_mode":true,"campfire_choices":[{"data":"Searing Blow","floor":7,"key":"SMITH"},{"floor":15,"key":"REST"},{"floor":23,"key":"REST"}],"circlet_count":0,"master_deck":["AscendersBane","Strike_R","Strike_R","Strike_R","Defend_R","Defend_R","Defend_R","Defend_R","Bash","Thunderclap","Flex+1","Havoc+1","Perfected Strike","Searing Blow+1","Deep Breath+1","True Grit+1","Pummel","Exhume+1","Whirlwind","Rage+1","Limit Break+1","Seeing Red+1","Warcry+1","Disarm+1","Flame Barrier+1"],"relics":["Burning Blood","NeowsBlessing","Toxic Egg 2","Bottled Lightning","Potion Belt","WingedGreaves","Lantern","Odd Mushroom","Ornamental Fan","Fusion Hammer","TheAbacus"],"acts_visited":["Exordium","TheCity"],"potions_floor_usage":[10,14,16,16,19,25],"damage_taken":[{"damage":0,"enemies":"Jaw Worm","floor":1,"turns":1},{"damage":0,"enemies":"2 Louse","floor":4,"turns":1},{"damage":0,"enemies":"Lagavulin","floor":6,"turns":1},{"damage":30,"enemies":"3 Sentries","floor":10,"turns":6},{"damage":0,"enemies":"Small Slimes","floor":11,"turns":3},{"damage":8,"enemies":"Gremlin Nob","floor":12,"turns":3},{"damage":13,"enemies":"The Mushroom Lair","floor":13,"turns":3},{"damage":25,"enemies":"3 Sentries","floor":14,"turns":5},{"damage":40,"enemies":"The Guardian","floor":16,"turns":12},{"damage":40,"enemies":"Spheric Guardian","floor":18,"turns":6},{"damage":15,"enemies":"Chosen","floor":19,"turns":5},{"damage":44,"enemies":"Slavers","floor":25,"turns":2}],"seed_played":"-8834772878955960543","potions_obtained":[{"floor":6,"key":"PowerPotion"},{"floor":10,"key":"GamblersBrew"},{"floor":12,"key":"Weak Potion"},{"floor":13,"key":"Strength Potion"},{"floor":14,"key":"LiquidMemories"},{"floor":19,"key":"SpeedPotion"}],"is_trial":false,"path_per_floor":["M","?","$","M","?","E","R","$","T","E","M","E","?","E","R","B",null,"M","M","$","?","?","R","$","E"],"character_chosen":"IRONCLAD","items_purchased":["Flex+1","Deep Breath+1","Disarm+1","TheAbacus"],"campfire_rested":2,"item_purchase_floors":[3,8,20,20],"current_hp_per_floor":[74,63,63,69,69,75,75,75,75,51,57,55,48,29,51,17,61,27,18,18,18,18,40,40,0,0],"gold":0,"neow_bonus":"THREE_ENEMY_KILL","is_daily":false,"chose_seed":false,"campfire_upgraded":1,"win_rate":0.0,"timestamp":1609248852,"path_taken":["M","?","$","M","?","E","R","$","T","E","M","E","?","E","R","BOSS","M","M","$","?","?","R","?","E"],"items_purchased_type":["Card","Card","Card","Relic"],"build_version":"2020-12-22","purchased_purges":1,"victory":false,"max_hp_per_floor":[75,75,75,75,75,75,75,75,75,75,75,75,75,75,75,75,75,75,75,75,75,75,75,75,75,75],"relic_stats":{"TheAbacus":[0],"counters":[12,48],"Ornamental Fan":[12],"obtain_stats":[{"Potion Belt":9,"Lantern":12,"TheAbacus":20,"NeowsBlessing":0,"Ornamental Fan":14,"WingedGreaves":10,"Fusion Hammer":17,"Bottled Lightning":6,"Toxic Egg 2":2,"Odd Mushroom":13,"Burning Blood":0},{"Potion Belt":3,"Lantern":6,"TheAbacus":11,"NeowsBlessing":0,"Ornamental Fan":8,"WingedGreaves":4,"Fusion Hammer":9,"Bottled Lightning":3,"Toxic Egg 2":1,"Odd Mushroom":7,"Burning Blood":0},{"Potion Belt":3,"Lantern":15,"TheAbacus":46,"NeowsBlessing":0,"Ornamental Fan":23,"WingedGreaves":9,"Fusion Hammer":35,"Bottled Lightning":3,"Toxic Egg 2":1,"Odd Mushroom":18,"Burning Blood":0}],"Burning Blood":66},"card_choices":[{"not_picked":["Perfected Strike","Rage"],"picked":"Thunderclap","floor":1},{"not_picked":["Wild Strike","Disarm+1"],"picked":"Havoc+1","floor":4},{"not_picked":["Reckless Charge","Thunderclap"],"picked":"Searing Blow","floor":6},{"not_picked":["Perfected Strike","Uppercut"],"picked":"True Grit+1","floor":10},{"not_picked":["Body Slam","Heavy Blade"],"picked":"Pummel","floor":11},{"not_picked":["Havoc+1","Intimidate+1"],"picked":"Exhume+1","floor":12},{"not_picked":["Sever Soul","Perfected Strike"],"picked":"Whirlwind","floor":13},{"not_picked":["Iron Wave","Disarm+1"],"picked":"Rage+1","floor":14},{"not_picked":["Exhume+1","Barricade"],"picked":"Limit Break+1","floor":16},{"not_picked":["Twin Strike","Searing Blow"],"picked":"Seeing Red+1","floor":18},{"not_picked":["Cleave","Iron Wave"],"picked":"Warcry+1","floor":19}],"player_experience":808461,"relics_obtained":[{"floor":6,"key":"Bottled Lightning"},{"floor":9,"key":"Potion Belt"},{"floor":10,"key":"WingedGreaves"},{"floor":12,"key":"Lantern"},{"floor":13,"key":"Odd Mushroom"},{"floor":14,"key":"Ornamental Fan"}],"event_choices":[{"damage_healed":0,"gold_gain":0,"player_choice":"Success","damage_taken":11,"relics_obtained":["Toxic Egg 2"],"max_hp_gain":0,"max_hp_loss":0,"event_name":"Scrap Ooze","floor":2,"gold_loss":0},{"damage_healed":0,"gold_gain":0,"cards_transformed":["Strike_R"],"player_choice":"Change","damage_taken":0,"max_hp_gain":0,"max_hp_loss":0,"event_name":"Living Wall","floor":5,"gold_loss":0,"cards_obtained":["Perfected Strike"]},{"damage_healed":0,"gold_gain":0,"player_choice":"Fought Mushrooms","damage_taken":0,"max_hp_gain":0,"max_hp_loss":0,"event_name":"Mushrooms","floor":13,"gold_loss":0},{"damage_healed":0,"gold_gain":0,"player_choice":"Read","damage_taken":0,"max_hp_gain":0,"max_hp_loss":0,"event_name":"The Library","floor":21,"gold_loss":0,"cards_obtained":["Flame Barrier"]},{"damage_healed":0,"gold_gain":0,"player_choice":"Paid Fearfully","damage_taken":0,"max_hp_gain":0,"max_hp_loss":0,"event_name":"Masked Bandits","floor":22,"gold_loss":3}],"is_beta":false,"boss_relics":[{"not_picked":["Black Blood","Tiny House"],"picked":"Fusion Hammer"}],"items_purged_floors":[20],"is_endless":false,"potions_floor_spawned":[6,10,12,13,14,19],"killed_by":"Slavers","ascension_level":18}}