{"host":"f5gffvlv6a66yqkd","time":1609205572,"event":{"mods":["2.2 Compatiblity","BaseMod","Colored Map","DeckTracker","Keyboard Shortcuts","Lobotomy","Minty Spire (QoL Compilation)","Permanent Neow","Quick Restart","Relic Stats","StSLib","SuperFastMode"],"gold_per_floor":[118,136,136,148,162,162,196,196,221,241,256,276,246,266,266,362,362,378,393,492,507,518,546,546,546,565,565,580,505,523,523,541,541,645,645,656,673,673,687,687,687],"floor_reached":40,"playtime":2899,"items_purged":[],"score":724,"play_id":"e80dbdad-e6a3-4122-b675-d484b92b8a35","local_time":"20201229103252","is_ascension_mode":false,"campfire_choices":[],"circlet_count":0,"master_deck":["Parasite","BigBadWolf","Parasite","CherryBlossom","GreedKing","Justitia+1","SpecialBullet","SpecialBullet","Hypocrisy+1","CUTE","Variant","CherryBlossoms","LaLuna","FairyFestival","MeatLantern","QueenBee","Twilight","Scarecrow","BigBird","Woodsman","CUTE+1","TT2Protocol","PlagueDoctor","Tough","Amita+1","Horn","SpecialBullet","SilentOrchestra","Mimicry","SpecialBullet","Tough+1","Mimicry+1","Tough+1","TodaysExpression+1","TodaysExpression+1"],"relics":["CogitoBucket","CogitoBucket","CogitoBucket","CogitoBucket","CogitoBucket","CogitoBucket","SlaversCollar","Theresia","Snecko Eye","Dead Branch","Yang_Lob","Question Card","Question Card","Question Card","Question Card","Question Card","Question Card","Question Card","Cursed Key","Whetstone","CogitoBucket","CogitoBucket","CogitoBucket","CogitoBucket","CogitoBucket","CogitoBucket","CogitoBucket","CogitoBucket","CogitoBucket","CogitoBucket","CogitoBucket","CogitoBucket","CogitoBucket","AdjustmentMirror","Bottled Tornado","Astrolabe"],"acts_visited":["Exordium","TheCity","TheBeyond"],"potions_floor_usage":[],"damage_taken":[{"damage":0.0,"enemies":"Cultist","floor":1.0,"turns":1.0},{"damage":0.0,"enemies":"2 Louse","floor":2.0,"turns":1.0},{"damage":0.0,"enemies":"Small Slimes","floor":3.0,"turns":1.0},{"damage":0.0,"enemies":"Exordium Wildlife","floor":4.0,"turns":1.0},{"damage":2.0,"enemies":"Exordium Thugs","floor":5.0,"turns":1.0},{"damage":2.0,"enemies":"Lagavulin","floor":7.0,"turns":1.0},{"damage":2.0,"enemies":"Large Slime","floor":10.0,"turns":2.0},{"damage":71.0,"enemies":"3 Louse","floor":11.0,"turns":2.0},{"damage":23.0,"enemies":"Exordium Wildlife","floor":12.0,"turns":2.0},{"damage":6.0,"enemies":"Looter","floor":13.0,"turns":4.0},{"damage":28.0,"enemies":"Large Slime","floor":14.0,"turns":4.0},{"damage":0.0,"enemies":"The Guardian","floor":16.0,"turns":1.0},{"damage":0.0,"enemies":"Shell Parasite","floor":18.0,"turns":1.0},{"damage":0.0,"enemies":"3 Byrds","floor":19.0,"turns":1.0},{"damage":0.0,"enemies":"Snake Plant","floor":21.0,"turns":1.0},{"damage":19.0,"enemies":"Centurion and Healer","floor":22.0,"turns":2.0},{"damage":0.0,"enemies":"Book of Stabbing","floor":23.0,"turns":1.0},{"damage":0.0,"enemies":"Snecko","floor":24.0,"turns":1.0},{"damage":0.0,"enemies":"Sentry and Sphere","floor":25.0,"turns":1.0},{"damage":0.0,"enemies":"Lagavulin","floor":26.0,"turns":1.0},{"damage":0.0,"enemies":"Centurion and Healer","floor":28.0,"turns":1.0},{"damage":0.0,"enemies":"Cultist and Chosen","floor":30.0,"turns":1.0},{"damage":0.0,"enemies":"Sentry and Sphere","floor":32.0,"turns":1.0},{"damage":0.0,"enemies":"Automaton","floor":34.0,"turns":2.0},{"damage":0,"enemies":"3 Darklings","floor":36,"turns":1},{"damage":0,"enemies":"3 Shapes","floor":37,"turns":1},{"damage":0,"enemies":"3 Darklings","floor":39,"turns":1},{"damage":1998,"enemies":"Spire Growth","floor":40,"turns":1}],"seed_played":"8825434404165028923","potions_obtained":[{"floor":14.0,"key":"Explosive Potion"},{"floor":14.0,"key":"Block Potion"},{"floor":14.0,"key":"BlessingOfTheForge"}],"is_trial":false,"path_per_floor":["M","M","M","M","M","R","E","R","T","M","M","M","M","M","R","B",null,"M","M","?","M","M","E","M","M","M","T","M","?","M","R","M","R","B",null,"M","M","?","M","M"],"character_chosen":"Angela","items_purchased":[],"campfire_rested":0,"item_purchase_floors":[],"current_hp_per_floor":[70,70,70,70,69,69,68,68,68,67,1260,1271,1270,1271,1271,1272,1301,1301,1301,1301,1301,1282,1282,1282,1282,1282,1282,1294,1294,1301,1301,1301,1301,1301,1301,1301,1301,1301,1301,0,0],"gold":687,"neow_bonus":"BOSS_RELIC","is_daily":false,"chose_seed":false,"campfire_upgraded":0,"win_rate":0.0,"timestamp":1609205572,"path_taken":["M","M","M","M","M","R","E","R","T","M","M","?","M","M","R","BOSS","M","M","?","M","M","E","M","M","T","M","?","M","R","M","R","BOSS","M","M","?","M","M"],"items_purchased_type":[],"build_version":"2020-12-22","purchased_purges":0,"victory":false,"max_hp_per_floor":[70,70,70,70,70,70,70,70,70,70,1301,1301,1301,1301,1301,1301,1301,1301,1301,1301,1301,1301,1301,1301,1301,1301,1301,1301,1301,1301,1301,1301,1301,1301,1301,1301,1301,1301,1301,1301,1301],"relic_stats":{"counters":[34,45],"Dead Branch":[38],"Astrolabe":["Tough","Mimicry","Tough"],"Snecko Eye":[47,48,56,58],"Whetstone":["Justitia"],"Question Card":1701,"Cursed Key":1,"obtain_stats":[{"Yang_Lob":11,"SlaversCollar":0,"CogitoBucket":0,"Dead Branch":7,"Astrolabe":35,"Snecko Eye":5,"Whetstone":23,"AdjustmentMirror":25,"Bottled Tornado":27,"Theresia":1,"Question Card":16,"Cursed Key":17},{"Yang_Lob":11,"SlaversCollar":0,"CogitoBucket":0,"Dead Branch":9,"Astrolabe":30,"Snecko Eye":8,"Whetstone":20,"AdjustmentMirror":25,"Bottled Tornado":26,"Theresia":4,"Question Card":15,"Cursed Key":15},{"Yang_Lob":13,"SlaversCollar":0,"CogitoBucket":0,"Dead Branch":9,"Astrolabe":41,"Snecko Eye":8,"Whetstone":30,"AdjustmentMirror":35,"Bottled Tornado":36,"Theresia":4,"Question Card":24,"Cursed Key":24}]},"card_choices":[{"not_picked":["Wellcheers","UniverseFragment"],"picked":"Funeral","floor":1.0},{"not_picked":["Horn","Beak"],"picked":"SKIP","floor":1.0},{"not_picked":["MeatLantern","Wellcheers"],"picked":"CrumblingArmor","floor":2.0},{"not_picked":["Amita","Noise"],"picked":"SKIP","floor":2.0},{"not_picked":["UniverseFragment","Wellcheers"],"picked":"LaLuna","floor":3.0},{"not_picked":["Lantern"],"picked":"Soda","floor":3.0},{"not_picked":["BeautyBeast","SpiderBud"],"picked":"WallGazer","floor":4.0},{"not_picked":["Variant","OSAHOGD"],"picked":"CENSORED","floor":4.0},{"not_picked":["Reverberation","BearPaw"],"picked":"SKIP","floor":4.0},{"not_picked":["Reverberation","BearPaw"],"picked":"SKIP","floor":4.0},{"not_picked":["OldLady","VoidDream"],"picked":"WhitesApple","floor":5.0},{"not_picked":["Scorched","UniverseFragment"],"picked":"MHz","floor":5.0},{"not_picked":["RapturousDream","Horn"],"picked":"SKIP","floor":5.0},{"not_picked":["RapturousDream","Horn"],"picked":"SKIP","floor":5.0},{"not_picked":["InTheNameOfLoveAndHate"],"picked":"Ecstasy","floor":7.0},{"not_picked":["CherryBlossoms","FairyFestival"],"picked":"BlackArmy","floor":10.0},{"not_picked":["Yin","ShyLook"],"picked":"Variant","floor":10.0},{"not_picked":["LittlePrince","UniverseFragment"],"picked":"NothingThere","floor":10.0},{"not_picked":["Murderer","CrumblingArmor"],"picked":"BlueStar","floor":10.0},{"not_picked":["Noise"],"picked":"Spore","floor":10.0},{"not_picked":["Mercenary","OldLady"],"picked":"Yin","floor":11.0},{"not_picked":["BearPaw"],"picked":"ParadiseLost","floor":11.0},{"not_picked":["FairyFestival","RedShoes"],"picked":"BigBadWolf","floor":12.0},{"not_picked":["Wingbeat","Tough"],"picked":"SKIP","floor":12.0},{"not_picked":["Loneliness"],"picked":"CherryBlossom","floor":13.0},{"not_picked":["BeautyBeast","HeroicMonk"],"picked":"GreedKing","floor":14.0},{"not_picked":["RedEyes","Beak"],"picked":"SKIP","floor":14.0},{"not_picked":["Adoration","TheSmile"],"picked":"Justitia","floor":16.0},{"not_picked":["BlueScar","TodaysExpression","RedEyes","Ecstasy","Adoration","Regret_ego","CrimsonScar","Gaze","GrinderMk4","InTheNameOfLoveAndHate"],"picked":"SKIP","floor":18.0},{"not_picked":["SolemnVow","Wingbeat+1","Amita","Beak","Horn+1","Hornet+1","Soda+1","Lantern","RedEyes"],"picked":"DaCapo","floor":19.0},{"not_picked":["SomewhereSpear","RapturousDream","Noise","WristCuter","CrimsonScar","ShedSkin","FourthMatchFlame","CUTE","Beak"],"picked":"Hypocrisy+1","floor":21.0},{"not_picked":["Regret_ego","Noise+1","SomewhereSpear+1","Loneliness","Harvest+1","GoldRush","Heaven+1","Christmas","CherryBlossom+1"],"picked":"CUTE","floor":22.0},{"not_picked":["Wellcheers","SingingMachine"],"picked":"Variant","floor":23.0},{"not_picked":["PunishingBird","Porccubus"],"picked":"CherryBlossoms","floor":23.0},{"not_picked":["RedShoes","FairyFestival"],"picked":"LaLuna","floor":23.0},{"not_picked":["MeatLantern","PunishingBird"],"picked":"FairyFestival","floor":23.0},{"not_picked":["Porccubus","FieryBird"],"picked":"MeatLantern","floor":23.0},{"not_picked":["PunishingBird","Wellcheers"],"picked":"QueenBee","floor":23.0},{"not_picked":["CrimsonScar","Harvest","Beak","GoldRush","Pleasure+1","RedEyes","LifeForTheDareDevil+1","RapturousDream","Penitence"],"picked":"Twilight","floor":23.0},{"not_picked":["FieryBird","SingingMachine"],"picked":"Scarecrow","floor":24.0},{"not_picked":["Galaxy","Penitence","CUTE","Pleasure","BlueScar","TodaysExpression+1","RapturousDream+1","FeatherOfHonor","Noise","Loneliness"],"picked":"SKIP","floor":24.0},{"not_picked":["Reverberation","SomewhereSpear+1","Justitia","Lantern+1","FeatherOfHonor","Christmas","GrinderMk4","Logging","GreenStem","FourthMatchFlame"],"picked":"SKIP","floor":25.0},{"not_picked":["Wellcheers","HeroicMonk"],"picked":"BigBird","floor":26.0},{"not_picked":["Murderer","Alriune"],"picked":"Woodsman","floor":26.0},{"not_picked":["Laetitia_ego","Harvest","Lamp","TodaysExpression","Tough","RapturousDream+1","Beak","FourthMatchFlame","SomewhereSpear"],"picked":"CUTE+1","floor":26.0},{"not_picked":["Laetitia","UniverseFragment"],"picked":"PlagueDoctor","floor":28.0},{"not_picked":["ScreamingWedge","CherryBlossom","SwordSharpenedByTears","RedEyes","Reverberation","FourthMatchFlame","ShedSkin","FrostShard","Beak"],"picked":"Tough","floor":28.0},{"not_picked":["Horn","Reverberation+1","Beak","Pinks","ShedSkin","Soda","Loneliness","Hornet","Tough"],"picked":"Amita+1","floor":30.0},{"not_picked":["InTheNameOfLoveAndHate","Penitence","FourthMatchFlame","Lantern","Wingbeat","Ecstasy+1","Tough","Beak","Soda"],"picked":"Horn","floor":32.0},{"not_picked":["DreamingCurrent","VoidDream","Rudolta"],"picked":"Singing Bowl","floor":34.0},{"not_picked":["Mercenary","ShyLook"],"picked":"SilentOrchestra","floor":34.0},{"not_picked":["Adoration","CENSORED_ego","Twilight","Pinks","ParadiseLost","TheSmile","GoldRush","SoundOfStar","Justitia"],"picked":"Mimicry","floor":34.0},{"not_picked":["BeautyBeast","DespairKnight","CrumblingArmor"],"picked":"Singing Bowl","floor":36},{"not_picked":["WristCuter+1","FourthMatchFlame+1","RapturousDream","Wingbeat+1","Lantern","Lamp","RedEyes+1","Beak+1","Regret_ego+1"],"picked":"TodaysExpression+1","floor":36},{"not_picked":["LittlePrince","Alriune","MeltingLove"],"picked":"Singing Bowl","floor":37},{"not_picked":["Galaxy+1","Ecstasy","CherryBlossom","Tough+1","Noise","Regret_ego","Beak","Lantern","Amita"],"picked":"TodaysExpression+1","floor":37},{"not_picked":["Lantern","CherryBlossom+1","Harvest+1","Justitia","BlackSwan_ego","BearPaw+1","FrostShard","Hornet","Horn","Loneliness+1"],"picked":"SKIP","floor":39}],"player_experience":1505576,"relics_obtained":[{"floor":7.0,"key":"Dead Branch"},{"floor":23.0,"key":"Whetstone"},{"floor":27.0,"key":"Bottled Tornado"}],"event_choices":[{"damage_healed":0.0,"max_hp_gain":0.0,"max_hp_loss":0.0,"gold_gain":99.0,"event_name":"Nest","player_choice":"Stole From Cult","floor":20.0,"gold_loss":0.0,"damage_taken":0.0},{"cards_removed":["Injury"],"damage_healed":0.0,"max_hp_gain":0.0,"max_hp_loss":0.0,"gold_gain":0.0,"event_name":"Beggar","player_choice":"Gave Gold","floor":29.0,"gold_loss":75.0,"damage_taken":0.0},{"damage_healed":0,"gold_gain":0,"player_choice":"0 cards matched","damage_taken":0,"max_hp_gain":0,"max_hp_loss":0,"event_name":"Match and Keep!","floor":38,"gold_loss":0,"cards_obtained":[]}],"is_beta":false,"boss_relics":[{"not_picked":["Empty Cage","Runic Pyramid"],"picked":"Cursed Key"},{"not_picked":["Snecko Eye","Calling Bell"],"picked":"Astrolabe"}],"items_purged_floors":[],"is_endless":false,"potions_floor_spawned":[],"killed_by":"Spire Growth","ascension_level":0}}