{"host":"er8s5flrc5z1a07t","time":1609285925,"event":{"mods":["2.2 Compatiblity","Act Like it!","Bard","BaseMod","Better Note","Better Third Choice","Downfall","Duelist Mod","Elementarium","Energized Spire","GifTheSpireLib","Hermit","Hubris","Infinite Spire","Minty Spire (QoL Compilation)","Relic Stats","Replay The Spire","Shop Mod","StSLib","Stuff the Spire","Synergy Search","The Cursed","The Disciple","The Mystic"],"gold_per_floor":[115,130,130,150,169,169,181,181,204,204,15,0,35,55,55,55,55],"floor_reached":16,"playtime":666,"items_purged":[],"score":199,"play_id":"5d40a6c7-81d0-40ac-a42b-8ce29564706f","local_time":"20201229185205","is_ascension_mode":true,"campfire_choices":[{"data":"Darkness","floor":6,"key":"SMITH"},{"floor":8,"key":"REST"},{"data":"Stack","floor":10,"key":"SMITH"},{"data":"Hyperbeam","floor":15,"key":"SMITH"}],"circlet_count":0,"master_deck":["AscendersBane","Strike_B","Strike_B","Strike_B","Strike_B","Defend_B","Defend_B","Defend_B","Defend_B","Dualcast","Hyperbeam+1","ReplayGash","Sweeping Beam","Darkness+1","Beam Cell","Stack+1","Conserve Battery","Enlightenment","Glacier"],"relics":["Cracked Core","Tiny Chest","infinitespire:Freezer","Darkstone Periapt"],"acts_visited":["Exordium"],"potions_floor_usage":[],"damage_taken":[{"damage":0,"enemies":"Small Slimes","floor":1,"turns":2},{"damage":1,"enemies":"Cultist","floor":2,"turns":3},{"damage":5,"enemies":"infinitespire:Voidling","floor":4,"turns":3},{"damage":22,"enemies":"Large Slime","floor":5,"turns":5},{"damage":11,"enemies":"Blue Slaver","floor":7,"turns":3},{"damage":15,"enemies":"Lagavulin","floor":13,"turns":7},{"damage":1,"enemies":"3 Louse","floor":14,"turns":2},{"damage":44,"enemies":"Fading Forest","floor":16,"turns":11}],"seed_played":"-2335415919671008079","potions_obtained":[{"floor":1,"key":"Energy Potion"},{"floor":4,"key":"Strength Potion"},{"floor":13,"key":"EssenceOfDarkness"}],"is_trial":false,"path_per_floor":["M","M","?","M","M","R","M","R","T","R","$","?","E","M","R","B"],"character_chosen":"DEFECT","items_purchased":["infinitespire:Freezer","Conserve Battery"],"campfire_rested":1,"item_purchase_floors":[11,11],"current_hp_per_floor":[64,63,63,58,36,36,25,46,46,46,46,52,37,36,36,0,0],"gold":55,"neow_bonus":"ONE_RANDOM_RARE_CARD","is_daily":false,"chose_seed":false,"campfire_upgraded":3,"win_rate":0.0,"timestamp":1609285925,"path_taken":["M","M","?","M","?","R","?","R","T","R","$","?","E","M","R","BOSS"],"items_purchased_type":["Relic","Card"],"build_version":"2020-12-22","purchased_purges":0,"victory":false,"max_hp_per_floor":[71,71,71,71,71,71,71,71,71,71,71,77,77,77,77,77,77],"relic_stats":{"Darkstone Periapt":0,"counters":[8,36],"Tiny Chest":0,"obtain_stats":[{"Darkstone Periapt":13,"Tiny Chest":9,"Cracked Core":0,"infinitespire:Freezer":11},{"Darkstone Periapt":6,"Tiny Chest":5,"Cracked Core":0,"infinitespire:Freezer":5},{"Darkstone Periapt":23,"Tiny Chest":16,"Cracked Core":0,"infinitespire:Freezer":16}]},"card_choices":[{"not_picked":["Ball Lightning","StuffTheSpire:Coldhearted"],"picked":"ReplayGash","floor":1},{"not_picked":["Heatsinks","Defragment"],"picked":"Sweeping Beam","floor":2},{"not_picked":["Coolheaded","hubris:PowerSurge","StuffTheSpire:Coldhearted"],"picked":"SKIP","floor":4},{"not_picked":["Streamline","Crystallizer"],"picked":"Beam Cell","floor":5},{"not_picked":["StuffTheSpire:EventHorizon","Streamline"],"picked":"Stack","floor":7},{"not_picked":["Sweeping Beam","Streamline"],"picked":"Glacier","floor":13},{"not_picked":["ReplaySolidLightProjector","BasicCrystalCard","Beam Cell"],"picked":"SKIP","floor":14}],"player_experience":1180893,"relics_obtained":[{"floor":9,"key":"Tiny Chest"},{"floor":13,"key":"Darkstone Periapt"}],"event_choices":[{"damage_healed":0,"gold_gain":0,"cards_transformed":["Zap"],"player_choice":"Transformed","damage_taken":0,"max_hp_gain":0,"max_hp_loss":0,"event_name":"Transmorgrifier","floor":3,"gold_loss":0,"cards_obtained":["Darkness"]},{"damage_healed":0,"gold_gain":0,"player_choice":"RENOUNCE","damage_taken":15,"max_hp_gain":0,"max_hp_loss":0,"event_name":"betterThird:BetterSerpent","floor":12,"gold_loss":15,"cards_obtained":["Enlightenment"]}],"is_beta":false,"boss_relics":[],"items_purged_floors":[],"is_endless":false,"potions_floor_spawned":[1,4,13],"killed_by":"Fading Forest","ascension_level":19}}