{"host":"8dslgxri5anf0td9","time":1609267680,"event":{"mods":["AchievementEnabler","BaseMod","Colored Map","Colored Powertips","DeckTracker","Minty Spire (QoL Compilation)"],"gold_per_floor":[218,218,229,304,319,346,346,346,346,346,380,86,86,86],"floor_reached":13,"playtime":882,"items_purged":[],"score":91,"play_id":"d88c4b9b-4eb4-4f15-bfe3-ddfe42dc3792","local_time":"20201229134800","is_ascension_mode":false,"campfire_choices":[{"floor":8,"key":"REST"}],"circlet_count":0,"master_deck":["Strike_B","Strike_B","Strike_B","Strike_B","Defend_B","Defend_B","Defend_B","Defend_B","Zap+1","Dualcast","Conserve Battery","Leap","Machine Learning","Consume","Steam","Defragment+1","Compile Driver"],"relics":["Cracked Core","Frozen Egg 2","Vajra","Darkstone Periapt","Happy Flower"],"acts_visited":["Exordium"],"potions_floor_usage":[13],"damage_taken":[{"damage":6.0,"enemies":"Jaw Worm","floor":1.0,"turns":3.0},{"damage":0.0,"enemies":"2 Louse","floor":3.0,"turns":2.0},{"damage":0.0,"enemies":"Small Slimes","floor":5.0,"turns":3.0},{"damage":50,"enemies":"Gremlin Nob","floor":6,"turns":5},{"damage":28,"enemies":"3 Sentries","floor":11,"turns":8},{"damage":2,"enemies":"Gremlin Nob","floor":13,"turns":2}],"seed_played":"4992749592328366967","potions_obtained":[{"floor":11,"key":"Swift Potion"}],"is_trial":false,"path_per_floor":["M","?","M","?","M","E","?","R","T","?","E","$","E"],"character_chosen":"DEFECT","items_purchased":["Defragment+1","Compile Driver","Happy Flower","Dexterity Potion"],"campfire_rested":1,"item_purchase_floors":[12,12,12,12],"current_hp_per_floor":[69,69,69,58,58,8,8,30,30,30,2,2,0,0],"gold":86,"neow_bonus":"HUNDRED_GOLD","is_daily":false,"chose_seed":false,"campfire_upgraded":0,"win_rate":0.0,"timestamp":1609267680,"path_taken":["M","?","M","?","M","E","?","R","T","?","E","$","E"],"items_purchased_type":["Card","Card","Relic","Potion"],"build_version":"2020-12-22","purchased_purges":0,"victory":false,"max_hp_per_floor":[75,75,75,75,75,75,75,75,75,75,75,75,75,75],"card_choices":[{"not_picked":["Ball Lightning","Skim"],"picked":"Conserve Battery","floor":1.0},{"not_picked":["Sweeping Beam","Hologram"],"picked":"Leap","floor":3.0},{"not_picked":["Turbo","Hologram"],"picked":"Machine Learning","floor":5.0},{"not_picked":["Conserve Battery","Redo"],"picked":"Consume","floor":6},{"not_picked":["Redo","Barrage"],"picked":"Steam","floor":11}],"player_experience":85726,"relics_obtained":[{"floor":6,"key":"Frozen Egg 2"},{"floor":9,"key":"Vajra"},{"floor":11,"key":"Darkstone Periapt"}],"event_choices":[{"damage_healed":0.0,"max_hp_gain":0.0,"max_hp_loss":0.0,"gold_gain":0.0,"event_name":"Living Wall","player_choice":"Grow","floor":2.0,"gold_loss":0.0,"damage_taken":0.0,"cards_upgraded":["Zap"]},{"damage_healed":0.0,"max_hp_gain":0.0,"max_hp_loss":0.0,"gold_gain":75.0,"event_name":"World of Goop","player_choice":"Gather Gold","floor":4.0,"gold_loss":0.0,"damage_taken":11.0},{"damage_healed":0,"gold_gain":0,"player_choice":"Searched \u00271\u0027 times","damage_taken":0,"max_hp_gain":0,"max_hp_loss":0,"event_name":"Dead Adventurer","floor":7,"gold_loss":0},{"damage_healed":0,"gold_gain":0,"player_choice":"Ignored","damage_taken":0,"max_hp_gain":0,"max_hp_loss":0,"event_name":"Shining Light","floor":10,"gold_loss":0}],"is_beta":false,"boss_relics":[],"items_purged_floors":[],"is_endless":false,"potions_floor_spawned":[11],"killed_by":"Gremlin Nob","ascension_level":0}}