{"host":"hfxp6ue4pvwo3fit","time":1609247325,"event":{"mods":["AchievementEnabler","BaseMod","Colored Map","Colored Powertips","Highlight Path","HololiveMod","Minty Spire (QoL Compilation)","StSLib","SuperFastMode"],"gold_per_floor":[86,109,128,148,298,298,309,309,309,327,356,406,331,356,356,458,458,479,500,553,33,33,33,64,64,64,77,77,88,100,111,111,200,200,218,49,0,0,14,14,14,46,46,80,80,125,168,196,196,196,256],"floor_reached":52,"playtime":1931,"items_purged":["Doubt","Hololive_CallArtia","Hololive_CallNatsuiroMatsuri"],"score":2675,"play_id":"6a4363e9-7008-4242-ba70-426c309ad4f1","local_time":"20201229070845","is_ascension_mode":true,"campfire_choices":[{"data":"Hololive_CallNakiriAyame","floor":6,"key":"SMITH"},{"data":"Hololive_CallDoris","floor":8,"key":"SMITH"},{"data":"Hololive_CallTsunomakiWatame","floor":15,"key":"SMITH"},{"data":"Hololive_CallNakiriAyame","floor":23,"key":"SMITH"},{"data":"Hololive_CallNakiriAyame","floor":25,"key":"SMITH"},{"data":"Hololive_MaximGun","floor":28,"key":"SMITH"},{"data":"Hololive_StrengthChampion","floor":32,"key":"SMITH"},{"data":"Hololive_CallYozoraMel","floor":40,"key":"SMITH"},{"data":"Hololive_StrengthChampion+1","floor":45,"key":"SMITH"},{"data":"Hololive_WolfAndLamb","floor":49,"key":"SMITH"}],"circlet_count":0,"master_deck":["AscendersBane","Hololive_Strike","Hololive_Defend","Hololive_Defend","Hololive_StrengthChampion+2","Hololive_CallTokinoSora","Hololive_CallTsunomakiWatame+1","Hololive_CallDoris+1","Hololive_DiamondStrike","Hololive_CocoNews","Hololive_CallNakiriAyame+1","Hololive_MaximGun+1","Hololive_CallSakuraMiko","Hololive_Thief","Hololive_CallTokoyamiTowa","Hololive_CallOzoraSubaru+1","Hololive_CallNakiriAyame+1","Flash of Steel","Hololive_CallNakiriAyame+1","Hololive_CallTsunomakiWatame+1","Hololive_AWSL","Hololive_CallYozoraMel+1","Hololive_Drill+1","Hololive_WolfAndLamb+1"],"relics":["Hololive_TheStar","Bag of Preparation","Torii","Philosopher\u0027s Stone","Shuriken","WingedGreaves","InkBottle","SacredBark","Red Mask","Hololive_FriedShrimpLion","Darkstone Periapt","Akabeko","Thread and Needle","Question Card"],"acts_visited":["Exordium","TheCity","TheBeyond"],"potions_floor_usage":[4,24,50,51],"damage_taken":[{"damage":0,"enemies":"Cultist","floor":1,"turns":4},{"damage":0,"enemies":"Small Slimes","floor":2,"turns":3},{"damage":0,"enemies":"2 Louse","floor":3,"turns":4},{"damage":0,"enemies":"Lots of Slimes","floor":4,"turns":4},{"damage":0,"enemies":"Looter","floor":7,"turns":3},{"damage":0,"enemies":"2 Fungi Beasts","floor":10,"turns":3},{"damage":0,"enemies":"Gremlin Nob","floor":11,"turns":4},{"damage":0,"enemies":"3 Sentries","floor":14,"turns":3},{"damage":0,"enemies":"Slime Boss","floor":16,"turns":4},{"damage":0,"enemies":"Chosen","floor":18,"turns":3},{"damage":0,"enemies":"3 Byrds","floor":19,"turns":3},{"damage":0,"enemies":"Centurion and Healer","floor":20,"turns":7},{"damage":0,"enemies":"Slavers","floor":24,"turns":3},{"damage":0,"enemies":"Chosen and Byrds","floor":27,"turns":4},{"damage":0,"enemies":"Cultist and Chosen","floor":29,"turns":3},{"damage":0,"enemies":"Centurion and Healer","floor":30,"turns":2},{"damage":0,"enemies":"3 Cultists","floor":31,"turns":3},{"damage":0,"enemies":"Champ","floor":33,"turns":4},{"damage":0,"enemies":"Orb Walker","floor":35,"turns":2},{"damage":0,"enemies":"3 Shapes","floor":39,"turns":1},{"damage":0,"enemies":"Nemesis","floor":42,"turns":5},{"damage":0,"enemies":"Giant Head","floor":44,"turns":4},{"damage":84,"enemies":"Reptomancer","floor":46,"turns":8},{"damage":0,"enemies":"Mind Bloom Boss Battle","floor":47,"turns":4},{"damage":0,"enemies":"Nemesis","floor":48,"turns":5},{"damage":0,"enemies":"Donu and Deca","floor":50,"turns":6},{"damage":0,"enemies":"Time Eater","floor":51,"turns":9}],"seed_played":"7534127362038762428","potions_obtained":[{"floor":1,"key":"Dexterity Potion"},{"floor":3,"key":"SkillPotion"},{"floor":7,"key":"DistilledChaos"},{"floor":30,"key":"FairyPotion"},{"floor":48,"key":"EssenceOfSteel"}],"is_trial":false,"path_per_floor":["M","M","M","M","?","R","M","R","T","M","E","?","$","E","R","B",null,"M","M","M","$","?","R","E","R","T","M","R","M","M","M","R","B",null,"M","$","?","?","M","R","?","E","T","E","R","E","?","E","R","B","B",null],"character_chosen":"Hololive_HololiveCharacter","items_purchased":["Shuriken","Hololive_CallNakiriAyame","Flash of Steel","Hololive_CallYozoraMel"],"campfire_rested":0,"item_purchase_floors":[21,21,21,36],"current_hp_per_floor":[21,21,21,21,21,21,21,21,21,21,21,21,21,21,21,21,28,28,28,28,28,28,28,28,28,28,28,28,28,28,28,28,28,30,31,31,31,29,30,30,30,31,31,32,32,3,25,35,35,36,37],"gold":256,"neow_bonus":"THREE_RARE_CARDS","is_daily":false,"chose_seed":false,"campfire_upgraded":10,"win_rate":0.0,"timestamp":1609247325,"path_taken":["M","?","?","M","?","R","M","R","T","M","E","?","$","E","R","BOSS","M","M","?","$","?","R","E","R","T","M","R","M","M","M","R","BOSS","M","$","?","?","M","R","?","E","T","E","R","E","?","E","R","BOSS","BOSS"],"items_purchased_type":["Relic","Card","Card","Card"],"build_version":"2020-12-22","purchased_purges":3,"victory":true,"max_hp_per_floor":[30,30,30,30,30,30,30,30,30,30,30,30,30,30,30,30,30,30,30,30,30,30,30,30,30,30,30,30,30,30,30,30,30,30,31,31,31,29,30,30,30,31,31,32,32,33,34,35,35,36,37],"card_choices":[{"not_picked":["Hololive_OpenUp","Hololive_HighAtkLowDef"],"picked":"Hololive_DiamondStrike","floor":0},{"not_picked":["Hololive_StrengthChampion","Hololive_ILoveYou","Hololive_Psychosis"],"picked":"Hololive_CocoNews","floor":1},{"not_picked":["Hololive_Trident","Hololive_LuckPotion","Hololive_CallShishiroBotan","Hololive_StrengthChampion"],"picked":"SKIP","floor":2},{"not_picked":["Hololive_StrengthChampion","Hololive_CallShirakamiFubuki","Hololive_Rebound"],"picked":"Hololive_CallNakiriAyame","floor":3},{"not_picked":["Hololive_HuntDinosaur","Hololive_CallShishiroBotan","Hololive_Trident","Hololive_OvertimeWork"],"picked":"SKIP","floor":4},{"not_picked":["Hololive_Breathe","Hololive_Trident","Hololive_Sequa","Hololive_StrengthChampion"],"picked":"SKIP","floor":7},{"not_picked":["Hololive_Rebound","Hololive_Breathe","Hololive_Trident","Hololive_HuntDinosaur"],"picked":"SKIP","floor":10},{"not_picked":["Hololive_StrengthChampion","Hololive_Drill","Hololive_RevenueBasedLive"],"picked":"Hololive_MaximGun","floor":11},{"not_picked":["Hololive_CallShiranuiFlare","Hololive_RevenueBasedLive","Hololive_CallMinatoAqua"],"picked":"Hololive_CallSakuraMiko","floor":14},{"not_picked":["Hololive_HighAtkLowDef","Hololive_DDD","Hololive_BeCareful"],"picked":"Hololive_Thief","floor":16},{"not_picked":["Hololive_CallShishiroBotan","Hololive_StrengthChampion","Hololive_CallNatsuiroMatsuri+1","Hololive_CallOzoraSubaru"],"picked":"SKIP","floor":18},{"not_picked":["Hololive_Yoholoon","Hololive_Breathe","Hololive_CallManoAloe"],"picked":"Hololive_CallTokoyamiTowa","floor":19},{"not_picked":["Hololive_RevenueBasedLive","Hololive_CallKiryuuCoco","Hololive_CallNatsuiroMatsuri"],"picked":"Hololive_CallOzoraSubaru+1","floor":20},{"not_picked":["Hololive_CallShiroganeNoel","Hololive_Psychosis+1","Hololive_Drill"],"picked":"Hololive_CallTsunomakiWatame+1","floor":24},{"not_picked":["Hololive_StrengthChampion","Hololive_Psychosis","Hololive_CallAiraniIofifteen+1","Hololive_CallKiryuuCoco"],"picked":"SKIP","floor":27},{"not_picked":["Hololive_Breathe","Hololive_LuckPotion","Hololive_OvertimeWork","Hololive_StrengthChampion"],"picked":"SKIP","floor":29},{"not_picked":["Hololive_CallOmaruPolka","Hololive_Yoholoon","Hololive_CallYogiri+1","Hololive_Breathe+1"],"picked":"SKIP","floor":30},{"not_picked":["Hololive_CallHimemoriLuna","Hololive_CallTokinoSora","Hololive_FlyingPonyTail","Hololive_HuntDinosaur+1"],"picked":"SKIP","floor":31},{"not_picked":["Hololive_StarCraft","Hololive_BeCareful","Hololive_ScarfAndHalo"],"picked":"Hololive_AWSL","floor":33},{"not_picked":["Hololive_StrengthChampion","Hololive_CallInugamiKorone","Hololive_Rebound","Hololive_CallRosalyn+1"],"picked":"SKIP","floor":35},{"not_picked":["Hololive_StrengthChampion","Hololive_CallDoris","Hololive_CallRosalyn","Hololive_Trident"],"picked":"SKIP","floor":39},{"not_picked":["Hololive_RevenueBasedLive","Hololive_OvertimeWork","Hololive_DevilCharm+1","Hololive_CallAkiRosenthal"],"picked":"SKIP","floor":42},{"not_picked":["Hololive_CallShiroganeNoel+1","Hololive_FlyingPonyTail+1","Hololive_CallRoboco"],"picked":"Hololive_Drill+1","floor":44},{"not_picked":["Hololive_CallSakuraMiko+1","Hololive_OvertimeWork","Hololive_Rebound"],"picked":"Hololive_WolfAndLamb","floor":46},{"not_picked":["Hololive_OvertimeWork","Hololive_CallYogiri","Hololive_Drill","Hololive_Breathe+1"],"picked":"SKIP","floor":48}],"player_experience":514821,"relics_obtained":[{"floor":11,"key":"Bag of Preparation"},{"floor":14,"key":"Torii"},{"floor":24,"key":"WingedGreaves"},{"floor":26,"key":"InkBottle"},{"floor":43,"key":"Hololive_FriedShrimpLion"},{"floor":44,"key":"Darkstone Periapt"},{"floor":46,"key":"Akabeko"},{"floor":47,"key":"Thread and Needle"},{"floor":48,"key":"Question Card"}],"event_choices":[{"damage_healed":0,"gold_gain":150,"player_choice":"AGREE","damage_taken":0,"max_hp_gain":0,"max_hp_loss":0,"event_name":"Liars Game","floor":5,"gold_loss":0,"cards_obtained":["Doubt"]},{"damage_healed":0,"gold_gain":50,"player_choice":"Pray","damage_taken":0,"max_hp_gain":0,"max_hp_loss":0,"event_name":"Golden Shrine","floor":12,"gold_loss":0},{"damage_healed":0,"gold_gain":0,"player_choice":"Read","damage_taken":0,"max_hp_gain":0,"max_hp_loss":0,"event_name":"The Library","floor":22,"gold_loss":0,"cards_obtained":["Hololive_CallNakiriAyame"]},{"damage_healed":0,"gold_gain":0,"player_choice":"Paid","damage_taken":0,"relics_obtained":["Red Mask"],"max_hp_gain":0,"max_hp_loss":0,"event_name":"Tomb of Lord Red Mask","floor":37,"gold_loss":49},{"damage_healed":0,"gold_gain":0,"player_choice":"Max HP","damage_taken":0,"max_hp_gain":0,"max_hp_loss":2,"event_name":"Winding Halls","floor":38,"gold_loss":0},{"cards_removed":["Hololive_Strike"],"damage_healed":0,"gold_gain":0,"player_choice":"Removed Attack","damage_taken":0,"max_hp_gain":0,"max_hp_loss":0,"event_name":"Falling","floor":41,"gold_loss":0},{"damage_healed":0,"gold_gain":0,"player_choice":"Fight","damage_taken":0,"max_hp_gain":0,"max_hp_loss":0,"event_name":"MindBloom","floor":47,"gold_loss":0}],"is_beta":false,"boss_relics":[{"not_picked":["Ectoplasm","Cursed Key"],"picked":"Philosopher\u0027s Stone"},{"not_picked":["Pandora\u0027s Box","Hololive_Finger"],"picked":"SacredBark"}],"items_purged_floors":[13,21,36],"is_endless":false,"potions_floor_spawned":[1,3,7,10,14,20,30,39,42,48],"ascension_level":20}}