{"host":"fxrgx7wt2cpkbhka","time":1609233340,"event":{"mods":["AchievementEnabler","BaseMod","Colored Powertips","Minty Spire (QoL Compilation)","Permanent Neow","Slay-I","StSLib","Waifu the Spire"],"gold_per_floor":[109,109,184,199,199,240,240,253,253,266,284,284,27,27,27,148,148,161,161,161,184,205,205,205,205],"floor_reached":24,"playtime":1264,"items_purged":["Injury"],"score":344,"play_id":"2f6c52d6-9dbd-468b-baeb-6dca09a5ec74","local_time":"20201229011540","is_ascension_mode":true,"campfire_choices":[{"data":"Footwork","floor":7,"key":"SMITH"},{"floor":12,"key":"REST"},{"data":"Neutralize","floor":15,"key":"SMITH"},{"data":"Footwork","floor":23,"key":"SMITH"}],"circlet_count":0,"master_deck":["Strike_G","Strike_G","Strike_G","Strike_G","Defend_G","Defend_G","Defend_G","Defend_G","Defend_G","Survivor","Neutralize+1","Bane","Poisoned Stab","Footwork+1","Sucker Punch","Footwork+1","Calculated Gamble","Backflip","Die Die Die+1","Acrobatics+1","Footwork+1"],"relics":["Ring of the Snake","Golden Idol","Eternal Feather","Matryoshka","PreservedInsect","SlaversCollar"],"acts_visited":["Exordium","TheCity"],"potions_floor_usage":[6,11,11,16,24],"damage_taken":[{"damage":0,"enemies":"Jaw Worm","floor":1,"turns":4},{"damage":0,"enemies":"Small Slimes","floor":4,"turns":3},{"damage":28,"enemies":"3 Sentries","floor":6,"turns":12},{"damage":0,"enemies":"2 Louse","floor":8,"turns":4},{"damage":18,"enemies":"Exordium Thugs","floor":10,"turns":5},{"damage":3,"enemies":"Large Slime","floor":11,"turns":8},{"damage":0,"enemies":"The Guardian","floor":16,"turns":18},{"damage":15,"enemies":"Spheric Guardian","floor":18,"turns":8},{"damage":4,"enemies":"Shell Parasite","floor":21,"turns":9},{"damage":44,"enemies":"Snecko","floor":22,"turns":10},{"damage":29,"enemies":"Sentry and Sphere","floor":24,"turns":5}],"seed_played":"-1017533462991777685","potions_obtained":[{"floor":4,"key":"LiquidMemories"},{"floor":5,"key":"SteroidPotion"},{"floor":5,"key":"LiquidMemories"},{"floor":8,"key":"Energy Potion"},{"floor":11,"key":"PowerPotion"},{"floor":16,"key":"Regen Potion"}],"is_trial":false,"path_per_floor":["M","?","?","M","?","E","R","M","T","M","M","R","$","?","R","B",null,"M","$","?","M","M","R","M"],"character_chosen":"THE_SILENT","items_purchased":["PreservedInsect","Backflip"],"campfire_rested":1,"item_purchase_floors":[13,13],"current_hp_per_floor":[63,63,52,52,52,24,33,33,33,15,12,42,42,42,51,51,65,50,50,50,46,2,14,0,0],"gold":205,"neow_bonus":"TRANSFORM_CARD","is_daily":false,"chose_seed":false,"campfire_upgraded":3,"win_rate":0.0,"timestamp":1609233340,"path_taken":["M","?","?","M","?","E","R","M","T","M","?","R","$","?","R","BOSS","M","$","?","?","M","R","M"],"items_purchased_type":["Relic","Card"],"build_version":"2020-12-22","purchased_purges":1,"victory":false,"max_hp_per_floor":[70,70,70,70,70,70,70,70,70,70,70,70,70,70,70,70,70,70,70,70,70,70,70,70,70],"card_choices":[{"not_picked":["Underhanded Strike","Flying Knee"],"picked":"Poisoned Stab","floor":1},{"not_picked":["Dodge and Roll","Flying Knee"],"picked":"Footwork","floor":4},{"not_picked":["Eviscerate","Adrenaline","Flechettes"],"picked":"SKIP","floor":6},{"not_picked":["Underhanded Strike","Dagger Throw"],"picked":"Sucker Punch","floor":8},{"not_picked":["Deflect","Masterful Stab"],"picked":"Footwork","floor":10},{"not_picked":["Predator","Blade Dance"],"picked":"Calculated Gamble","floor":11},{"not_picked":["Grand Finale","Doppelganger"],"picked":"Die Die Die","floor":16},{"not_picked":["Well Laid Plans","PiercingWail+1"],"picked":"Acrobatics+1","floor":18},{"not_picked":["Prepared+1","Underhanded Strike","Choke"],"picked":"SKIP","floor":21},{"not_picked":["Crippling Poison","Slice"],"picked":"Footwork","floor":22}],"player_experience":684923,"relics_obtained":[{"floor":6,"key":"Eternal Feather"},{"floor":9,"key":"Matryoshka"}],"event_choices":[{"damage_healed":0,"gold_gain":0,"player_choice":"Take Wound","damage_taken":0,"relics_obtained":["Golden Idol"],"max_hp_gain":0,"max_hp_loss":0,"event_name":"Golden Idol","floor":2,"gold_loss":0,"cards_obtained":["Injury"]},{"damage_healed":0,"gold_gain":75,"player_choice":"Gather Gold","damage_taken":11,"max_hp_gain":0,"max_hp_loss":0,"event_name":"World of Goop","floor":3,"gold_loss":0},{"damage_healed":0,"gold_gain":0,"player_choice":"Got Potions","damage_taken":0,"max_hp_gain":0,"max_hp_loss":0,"event_name":"Lab","floor":5,"gold_loss":0},{"damage_healed":0,"gold_gain":0,"player_choice":"Grow","damage_taken":0,"max_hp_gain":0,"max_hp_loss":0,"event_name":"Living Wall","floor":14,"gold_loss":0,"cards_upgraded":["Footwork"]},{"damage_healed":0,"gold_gain":0,"player_choice":"Upgraded","damage_taken":0,"max_hp_gain":0,"max_hp_loss":0,"event_name":"Upgrade Shrine","floor":20,"gold_loss":0,"cards_upgraded":["Die Die Die"]}],"is_beta":false,"boss_relics":[{"not_picked":["Ectoplasm","Runic Pyramid"],"picked":"SlaversCollar"}],"items_purged_floors":[13],"is_endless":false,"potions_floor_spawned":[4,8,10,11,16],"killed_by":"Sentry and Sphere","ascension_level":8}}