{"host":"lreod2rejfd0az5i","time":1609221374,"event":{"mods":["AchievementEnabler","Aspiration","BaseMod","Colored Powertips","Conspire","Downfall","Highlight Path","Hubris","Infinite Spire","Mad Scientist","Minty Spire (QoL Compilation)","Rare Cards Sparkle","Relic Stats","Replay The Spire","StSLib","The Bug Knight","The Jungle"],"gold_per_floor":[119,119,129,45,45,45,61,75,75,75,86,86,11,29,29,201,201,212,212,229,71,71,101,101,212,212,212,223,223,349,349,349,422,472,584,584,584,60,80,99,99,116,166,166,182,182,202,152,152,156],"floor_reached":51,"playtime":2125,"items_purged":["Defend_B"],"score":1259,"play_id":"8dfb5277-2f75-40ab-b2e1-7aaca0d69cff","local_time":"20201228225614","is_ascension_mode":true,"campfire_choices":[{"floor":6.0,"key":"REST"},{"data":"ReplayTheSpireMod:Calculation Training","floor":12.0,"key":"SMITH"},{"floor":15.0,"key":"REST"},{"floor":24.0,"key":"REST"},{"floor":27.0,"key":"REST"},{"floor":29.0,"key":"REST"},{"data":"Defragment","floor":32.0,"key":"SMITH"},{"floor":41,"key":"REST"},{"data":"ReplayUltimateDefense","floor":44,"key":"SMITH"},{"floor":49,"key":"REST"}],"circlet_count":0,"master_deck":["AscendersBane","Strike_B+1","Strike_B+1","Defend_B+1","Defend_B+1","Defend_B+1","Zap","Dualcast","Mirror Shield+1","Capacitor","ReplayTheSpireMod:Calculation Training+1","White Noise","Skim","Biased Cognition","Reinforced Body","Coolheaded","Defragment+1","Capacitor","Echo Form","Mirror Shield+1","Enlightenment","ReplayUltimateDefense+1","conspire:SpireCoStock"],"relics":["Cracked Core","Replay:Antivirus Software","hubris:Icosahedron","conspire:SpecialSausage","hubris:Reverence","hubris:MobiusCoin","hubris:DeckOfHolding","hubris:Backtick","DollysMirror","conspire:TreasureMap","Replay:Bandana","hubris:Towel"],"acts_visited":["Exordium","TheCity","TheBeyond"],"potions_floor_usage":[40,50,50,50,50],"damage_taken":[{"damage":9.0,"enemies":"2 Louse","floor":1.0,"turns":3.0},{"damage":0.0,"enemies":"Small Slimes","floor":3.0,"turns":3.0},{"damage":0.0,"enemies":"Cultist","floor":7.0,"turns":3.0},{"damage":1.0,"enemies":"conspire:2 RoseBushes","floor":8.0,"turns":5.0},{"damage":0.0,"enemies":"Large Slime","floor":11.0,"turns":4.0},{"damage":27.0,"enemies":"Exordium Thugs","floor":14.0,"turns":3.0},{"damage":3.0,"enemies":"Hexaghost","floor":16.0,"turns":10.0},{"damage":3.0,"enemies":"Chosen","floor":18.0,"turns":5.0},{"damage":9.0,"enemies":"Shell Parasite","floor":20.0,"turns":4.0},{"damage":43.0,"enemies":"Slavers","floor":23.0,"turns":3.0},{"damage":0.0,"enemies":"Snecko","floor":25.0,"turns":7.0},{"damage":13.0,"enemies":"Centurion and Healer","floor":28.0,"turns":10.0},{"damage":16.0,"enemies":"conspire:MimicChest","floor":30.0,"turns":11.0},{"damage":24.0,"enemies":"conspire:MysteriousRune","floor":33.0,"turns":7.0},{"damage":25.0,"enemies":"3 Darklings","floor":35.0,"turns":8.0},{"damage":4.0,"enemies":"Orb Walker","floor":39.0,"turns":5.0},{"damage":6,"enemies":"Sphere and 2 Shapes","floor":40,"turns":2},{"damage":0,"enemies":"3 Darklings","floor":42,"turns":6},{"damage":0,"enemies":"Maw","floor":45,"turns":9},{"damage":23,"enemies":"4 Shapes","floor":47,"turns":7},{"damage":45,"enemies":"conspire:OrnateMirror","floor":50,"turns":17}],"seed_played":"-17666577693457459","potions_obtained":[{"floor":3.0,"key":"Dexterity Potion"},{"floor":14.0,"key":"Block Potion"},{"floor":23.0,"key":"SpeedPotion"},{"floor":25.0,"key":"SkillPotion"},{"floor":28.0,"key":"EssenceOfDarkness"},{"floor":35.0,"key":"champ:CounterPotion"},{"floor":40,"key":"EntropicBrew"},{"floor":45,"key":"GamblersBrew"}],"is_trial":false,"path_per_floor":["M","?","M","$","?","R","M","M","T","?","M","R","?","M","R","B",null,"M","?","M","$","?","E","R","M","T","R","M","R","?","?","R","B",null,"M","?","?","$","M","M","R","M","T","R","M","?","M","?","R","B",null],"character_chosen":"DEFECT","items_purchased":["Capacitor","Defragment","ReplayUltimateDefense","infinitespire:BlackPotion","conspire:TreasureMap"],"campfire_rested":7,"item_purchase_floors":[4,21,38,38,38],"current_hp_per_floor":[37,30,30,30,30,51,51,50,50,50,50,50,50,23,44,41,64,61,61,52,52,52,9,30,30,30,51,38,59,43,43,43,47,65,40,40,44,44,40,34,55,55,55,55,55,55,32,32,53,8],"gold":156,"neow_bonus":"THREE_RARE_CARDS","is_daily":false,"chose_seed":false,"campfire_upgraded":3,"win_rate":0.0,"timestamp":1609221374,"path_taken":["M","?","M","$","?","R","?","M","T","?","M","R","?","M","R","BOSS","M","?","M","?","?","E","R","?","T","R","M","R","?","?","R","BOSS","M","?","?","$","M","M","R","M","T","R","M","?","?","?","R","BOSS"],"items_purchased_type":["Card","Card","Card","Potion","Relic"],"build_version":"2020-12-22","purchased_purges":1,"victory":true,"max_hp_per_floor":[71,71,71,71,71,71,71,71,71,71,71,71,71,71,71,71,71,71,71,71,71,71,71,71,71,71,71,71,71,71,71,71,71,71,71,71,71,71,71,71,71,71,71,71,71,71,71,71,71,71],"relic_stats":{"counters":[21,132],"obtain_stats":[{"hubris:MobiusCoin":26,"conspire:TreasureMap":38,"Replay:Bandana":43,"hubris:Icosahedron":10,"hubris:Backtick":34,"DollysMirror":34,"conspire:SpecialSausage":17,"hubris:DeckOfHolding":30,"Replay:Antivirus Software":9,"hubris:Towel":46,"Cracked Core":0,"hubris:Reverence":23},{"hubris:MobiusCoin":11,"conspire:TreasureMap":15,"Replay:Bandana":18,"hubris:Icosahedron":4,"hubris:Backtick":14,"DollysMirror":14,"conspire:SpecialSausage":7,"hubris:DeckOfHolding":13,"Replay:Antivirus Software":4,"hubris:Towel":19,"Cracked Core":0,"hubris:Reverence":10},{"hubris:MobiusCoin":50,"conspire:TreasureMap":86,"Replay:Bandana":99,"hubris:Icosahedron":14,"hubris:Backtick":78,"DollysMirror":78,"conspire:SpecialSausage":31,"hubris:DeckOfHolding":71,"Replay:Antivirus Software":14,"hubris:Towel":108,"Cracked Core":0,"hubris:Reverence":43}]},"card_choices":[{"not_picked":["Amplify","Buffer"],"picked":"Mirror Shield","floor":0.0},{"not_picked":["Force Field","Turbo","Rebound"],"picked":"SKIP","floor":1.0},{"not_picked":["Undo","Auto Shields","ReplayTheSpireMod:Reroute Power"],"picked":"SKIP","floor":3.0},{"not_picked":["Aggregate","Rebound","Steam"],"picked":"SKIP","floor":7.0},{"not_picked":["Double Energy","Hologram"],"picked":"ReplayTheSpireMod:Calculation Training","floor":8.0},{"not_picked":["Barrage","Rebound"],"picked":"White Noise","floor":11.0},{"not_picked":["hubris:DoWhile","Barrage"],"picked":"Skim","floor":14.0},{"not_picked":["Core Surge","hubris:SpecializedCircuitry"],"picked":"Biased Cognition","floor":16.0},{"not_picked":["Barrage","Aggregate"],"picked":"Reinforced Body","floor":18.0},{"not_picked":["Compile Driver","Time Bomb"],"picked":"Coolheaded","floor":20.0},{"not_picked":["Lockon+1","Turbo"],"picked":"Capacitor","floor":23.0},{"not_picked":["Go for the Eyes","Stack","Compile Driver"],"picked":"SKIP","floor":25.0},{"not_picked":["Go for the Eyes","Stack","Compile Driver"],"picked":"SKIP","floor":25.0},{"not_picked":["Stack","Gash","Rip and Tear"],"picked":"SKIP","floor":28.0},{"not_picked":["Machine Learning","All For One"],"picked":"Echo Form","floor":33.0},{"not_picked":["Stack","Melter","Steam Power"],"picked":"SKIP","floor":35.0},{"not_picked":["Dramatic Entrance","Transmutation"],"picked":"Enlightenment","floor":36.0},{"not_picked":["Rebound","Sunder+1","Stack"],"picked":"SKIP","floor":39.0},{"not_picked":["Compile Driver","Sweeping Beam+1","Barrage"],"picked":"SKIP","floor":40},{"not_picked":["Double Energy","Hologram","Multi-Cast"],"picked":"SKIP","floor":42},{"not_picked":["Cold Snap","Conserve Battery","Compile Driver"],"picked":"SKIP","floor":45},{"not_picked":["Heatsinks","Hologram","White Noise"],"picked":"SKIP","floor":47}],"player_experience":872619,"relics_obtained":[{"floor":9.0,"key":"Replay:Antivirus Software"},{"floor":23.0,"key":"hubris:Reverence"},{"floor":26.0,"key":"hubris:MobiusCoin"},{"floor":30.0,"key":"hubris:DeckOfHolding"},{"floor":43,"key":"Replay:Bandana"}],"event_choices":[{"cards_removed":["Strike_B"],"damage_healed":0.0,"max_hp_gain":0.0,"max_hp_loss":0.0,"gold_gain":0.0,"event_name":"Golden Wing","player_choice":"Card Removal","floor":2.0,"gold_loss":0.0,"damage_taken":7.0},{"damage_healed":0.0,"max_hp_gain":0.0,"max_hp_loss":0.0,"gold_gain":0.0,"event_name":"Upgrade Shrine","player_choice":"Upgraded","floor":5.0,"gold_loss":0.0,"damage_taken":0.0,"cards_upgraded":["Mirror Shield"]},{"cards_removed":["Strike_B"],"damage_healed":0.0,"max_hp_gain":0.0,"max_hp_loss":0.0,"gold_gain":0.0,"event_name":"The Cleric","player_choice":"Card Removal","floor":13.0,"gold_loss":75.0,"damage_taken":0.0},{"damage_healed":0.0,"max_hp_gain":0.0,"max_hp_loss":0.0,"gold_gain":0.0,"event_name":"Vampires","player_choice":"Ignored","floor":19.0,"gold_loss":0.0,"damage_taken":0.0},{"damage_healed":0.0,"max_hp_gain":0.0,"max_hp_loss":0.0,"gold_gain":0.0,"event_name":"Back to Basics","player_choice":"Simplicity","floor":22.0,"gold_loss":0.0,"damage_taken":0.0,"cards_upgraded":["Strike_B","Strike_B","Defend_B","Defend_B","Defend_B"]},{"damage_healed":0.0,"max_hp_gain":0.0,"max_hp_loss":0.0,"gold_gain":0.0,"event_name":"SensoryStone","player_choice":"Memory 1","floor":36.0,"gold_loss":0.0,"damage_taken":0.0},{"damage_healed":0,"gold_gain":0,"player_choice":"Invest 1","damage_taken":0,"max_hp_gain":0,"max_hp_loss":0,"event_name":"conspire:Investor","floor":48,"gold_loss":0}],"is_beta":false,"boss_relics":[{"not_picked":["aspiration:SilentSkillbook","hubris:HollowSoul"],"picked":"conspire:SpecialSausage"},{"not_picked":["hubris:ScarierMask","Runic Pyramid"],"picked":"hubris:Backtick"}],"items_purged_floors":[21],"is_endless":false,"potions_floor_spawned":[3,14,23,25,28,35,40,42,45],"ascension_level":19}}