{"host":"tb9sfv97irhb8jsq","time":1609267197,"event":{"mods":["Aspiration","BaseMod","Better Altar","Better Match","Better Note","Better Skull","Better Third Choice","BetterRewards","Colored Powertips","Colorless Booster Pack","Conspire","Dota2Spire","Energized Spire","Exacting","GifTheSpireLib","Halation","Hubris","Infinite Spire","Minty Spire (QoL Compilation)","RatMod","Replay The Spire","Shop Mod","Spicy Shops","Spikes Relics","StSLib","Stuff the Spire","SuperFastMode","Trackpad","vexMod"],"gold_per_floor":[109,127,138,138,149,177,177,210,210,210,59,92,92,92,92,190,190,240,200,200,231,306,306,339,339,339,357,357,369,388,403,403,499,499,509,100,25,36,46,76,76,76],"floor_reached":41,"playtime":2001,"items_purged":["Regret","Strike_B"],"score":684,"play_id":"8fb68e77-48e9-4c3c-8262-d9823fdc0741","local_time":"20201229213957","is_ascension_mode":true,"campfire_choices":[{"data":"Zap","floor":7,"key":"SMITH"},{"data":"Loop","floor":13,"key":"SMITH"},{"data":"Conserve Battery","floor":15,"key":"SMITH"},{"data":"Static Discharge","floor":23,"key":"SMITH"},{"data":"Electrodynamics","floor":25,"key":"SMITH"},{"floor":28,"key":"REST"},{"floor":32,"key":"REST"}],"circlet_count":0,"master_deck":["Strike_B","Strike_B","Defend_B","Defend_B","Defend_B","Defend_B","Zap+1","Dualcast","Sweeping Beam","Conserve Battery+1","Cold Snap","Leap","Pot Of Greed","Pot Of Greed+1","Beam Cell","Leap+1","Loop+1","Turbo","Hyperbeam","hubris:Despair","StuffTheSpire:GnomedCurse","CurseOfTheBell","Glacier+1","Pot Of Greed","Static Discharge+1","Electrodynamics+1","Melter+1","Barrage+1","Hello World+1","Hologram+1","StuffTheSpire:ForEach","Stack+1","Mind Blast+1","Aggregate","Ball Lightning+1","Sunder+1","Pot Of Greed"],"relics":["Cracked Core","Grinning Jar","hubris:SphereOfDissonance","StuffTheSpire:Rhapsscallions","StuffTheSpire:RedRose","Replay:Ancient Bell","ReplayTheSpireMod:TigerMarble","Molten Egg 2","Du-Vu Doll","Nloth\u0027s Gift","SnailShell","SpikesRelics:DaevaFist","hubris:ScarierMask","infinitespire:Satchel","Art of War","halation:PrussianBluePaint"],"acts_visited":["Exordium","TheCity","TheBeyond"],"potions_floor_usage":[6,29,31,33,41,41,41],"damage_taken":[{"damage":4,"enemies":"Small Slimes","floor":1,"turns":3},{"damage":3,"enemies":"2 Louse","floor":2,"turns":2},{"damage":0,"enemies":"Jaw Worm","floor":3,"turns":2},{"damage":5,"enemies":"Blue Slaver","floor":5,"turns":4},{"damage":4,"enemies":"Gremlin Nob","floor":6,"turns":4},{"damage":33,"enemies":"Lagavulin","floor":8,"turns":6},{"damage":3,"enemies":"Exordium Wildlife","floor":12,"turns":3},{"damage":35,"enemies":"Fading Forest","floor":16,"turns":11},{"damage":25,"enemies":"3 Byrds","floor":18,"turns":1},{"damage":0,"enemies":"Chosen","floor":21,"turns":3},{"damage":90,"enemies":"Gremlin Leader","floor":24,"turns":8},{"damage":16,"enemies":"Centurion and Healer","floor":27,"turns":2},{"damage":1,"enemies":"conspire:HollyBat","floor":29,"turns":8},{"damage":11,"enemies":"Snecko","floor":30,"turns":4},{"damage":21,"enemies":"Cultist and Chosen","floor":31,"turns":6},{"damage":45,"enemies":"Collector","floor":33,"turns":7},{"damage":0,"enemies":"Orb Walker","floor":35,"turns":3},{"damage":5,"enemies":"3 Darklings","floor":38,"turns":2},{"damage":9,"enemies":"Spire Growth","floor":39,"turns":4},{"damage":53,"enemies":"Nemesis","floor":40,"turns":5},{"damage":6,"enemies":"Jaw Worm Horde","floor":41,"turns":1}],"seed_played":"-9199399254285975131","potions_obtained":[{"floor":2,"key":"BlessingOfTheForge"},{"floor":8,"key":"Explosive Potion"},{"floor":24,"key":"DistilledChaos"},{"floor":29,"key":"Block Potion"},{"floor":30,"key":"CultistPotion"},{"floor":33,"key":"Elixir"},{"floor":38,"key":"Strength Potion"},{"floor":40,"key":"LiquidBronze"}],"is_trial":false,"path_per_floor":["M","M","M","?","M","E","R","E","T","?","$","M","R","T","R","B",null,"M","?","?","M","?","R","E","R","T","M","R","M","M","M","R","B",null,"M","$","?","M","M","E","M"],"character_chosen":"DEFECT","items_purchased":["Loop","infinitespire:Satchel","Art of War"],"campfire_rested":2,"item_purchase_floors":[11,36,36],"current_hp_per_floor":[71,68,68,76,71,67,67,34,37,37,37,46,46,46,46,21,69,44,44,44,44,36,36,25,25,25,9,34,33,22,1,26,25,70,70,70,70,65,56,3,0,0],"gold":76,"neow_bonus":"TEN_PERCENT_HP_BONUS","is_daily":false,"chose_seed":false,"campfire_upgraded":5,"win_rate":0.0,"timestamp":1609267197,"path_taken":["M","M","M","?","M","E","R","E","T","?","?","M","R","?","R","BOSS","M","?","?","M","?","R","E","R","T","M","R","M","M","M","R","BOSS","M","$","?","?","M","E","M"],"items_purchased_type":["Card","Relic","Relic"],"build_version":"2020-12-22","purchased_purges":2,"victory":false,"max_hp_per_floor":[82,82,82,82,82,82,82,82,85,85,85,85,85,85,85,85,85,85,85,85,85,85,85,85,85,85,85,85,85,85,85,85,85,85,85,85,85,85,85,85,85,85],"card_choices":[{"not_picked":["Gash","Coolheaded"],"picked":"Sweeping Beam","floor":1},{"not_picked":["Stack","Compile Driver"],"picked":"Conserve Battery","floor":2},{"not_picked":["StuffTheSpire:GlassShard","aspiration:Polymerization"],"picked":"Cold Snap","floor":3},{"not_picked":["Chaos","Steam Power"],"picked":"Leap","floor":5},{"not_picked":["Redo","StuffTheSpire:EventHorizon"],"picked":"Beam Cell","floor":6},{"not_picked":["StuffTheSpire:Plugnplay","Fusion"],"picked":"Leap","floor":8},{"not_picked":["Crystallizer","Rebound"],"picked":"Turbo","floor":12},{"not_picked":["StuffTheSpire:LaunchingStrike","Biased Cognition"],"picked":"Hyperbeam","floor":16},{"not_picked":["StuffTheSpire:GnomedCurse","Delirium"],"picked":"hubris:Despair","floor":17},{"not_picked":["hubris:Compulsion","hubris:Envy"],"picked":"StuffTheSpire:GnomedCurse","floor":17},{"not_picked":["Sickly","Intolerance"],"picked":"CurseOfTheBell","floor":17},{"not_picked":["ReplayTheSpireMod:Reroute Power","Streamline+1"],"picked":"Glacier+1","floor":18},{"not_picked":["Chaos","StuffTheSpire:CleanHardDrive+1"],"picked":"Static Discharge","floor":21},{"not_picked":["StuffTheSpire:LaunchingStrike+1","Tempest"],"picked":"Electrodynamics","floor":24},{"not_picked":["ReplayTheSpireMod:Reroute Power+1","Barrage+1"],"picked":"Melter+1","floor":27},{"not_picked":["Coolheaded","BasicCrystalCard"],"picked":"Barrage+1","floor":29},{"not_picked":["StuffTheSpire:Plugnplay","Stack"],"picked":"Hello World+1","floor":30},{"not_picked":["Stack","Compile Driver+1"],"picked":"Hologram+1","floor":31},{"not_picked":["Electrodynamics","hubris:SpecializedCircuitry"],"picked":"StuffTheSpire:ForEach","floor":33},{"not_picked":["Redo","DiskWipe"],"picked":"Stack+1","floor":35},{"not_picked":["hubris:Ssssneak+1","Impatience+1"],"picked":"Mind Blast+1","floor":37},{"not_picked":["Conserve Battery","Glacier"],"picked":"Aggregate","floor":38},{"not_picked":["StuffTheSpire:SnapShoot","conspire:Rain+1"],"picked":"Ball Lightning+1","floor":39},{"not_picked":["Genetic Algorithm","Redo+1"],"picked":"Sunder+1","floor":40}],"player_experience":401946,"relics_obtained":[{"floor":6,"key":"Grinning Jar"},{"floor":8,"key":"hubris:SphereOfDissonance"},{"floor":9,"key":"StuffTheSpire:Rhapsscallions"},{"floor":14,"key":"trackpad:GuardianSpirit"},{"floor":24,"key":"SnailShell"},{"floor":26,"key":"SpikesRelics:DaevaFist"},{"floor":40,"key":"halation:PrussianBluePaint"}],"event_choices":[{"damage_healed":0,"gold_gain":0,"player_choice":"Upgraded Two","damage_taken":0,"max_hp_gain":0,"max_hp_loss":0,"event_name":"Designer","floor":19,"gold_loss":40,"cards_upgraded":["Pot Of Greed","Leap"]},{"damage_healed":0,"gold_gain":0,"player_choice":"Traded Relic","damage_taken":0,"relics_obtained":["Nloth\u0027s Gift"],"max_hp_gain":0,"max_hp_loss":0,"event_name":"N\u0027loth","floor":20,"relics_lost":["trackpad:GuardianSpirit"],"gold_loss":0},{"damage_healed":0,"gold_gain":75,"player_choice":"Touch","damage_taken":8,"max_hp_gain":0,"max_hp_loss":0,"event_name":"FaceTrader","floor":22,"gold_loss":0},{"damage_healed":0,"gold_gain":0,"player_choice":"2","damage_taken":0,"max_hp_gain":0,"max_hp_loss":0,"event_name":"betterMatch:BetterMatch","floor":37,"gold_loss":0,"cards_obtained":["betterMatch:ColorlessUncommonCard"]}],"is_beta":false,"boss_relics":[{"not_picked":["ChewingGum","energizedSpire:CursedPentagram"],"picked":"Replay:Ancient Bell"},{"not_picked":["StuffTheSpire:Gunfinga","PreservedInsect"],"picked":"ReplayTheSpireMod:TigerMarble"},{"not_picked":["hubris:Metronome","halation:WeightlessCrab"],"picked":"Molten Egg 2"},{"not_picked":["Dota2Spire:AssaultCuirass","Lizard Tail"],"picked":"Du-Vu Doll"},{"not_picked":["energizedSpire:StickyHand","Astrolabe"],"picked":"hubris:ScarierMask"}],"items_purged_floors":[11,36],"is_endless":false,"potions_floor_spawned":[2,8,16,29,30,33,38,40],"killed_by":"Jaw Worm Horde","ascension_level":8}}