{"host":"d1ko3fbbyfpftrlc","time":1609206483,"event":{"mods":["AchievementEnabler","BaseMod","Curses Come First","Minty Spire (QoL Compilation)","Replay The Spire","StSLib"],"gold_per_floor":[112,112,123,123,123,167,167,186,211,227,104,144,16,31,31,150,150,170,189,189,189,209,249,249,262,262,33,49,49],"floor_reached":28,"playtime":996,"items_purged":["Defend_R","Defend_R"],"score":323,"play_id":"6905b943-34fd-4dde-bc1b-6cbff6e0b0b2","local_time":"20201229084803","is_ascension_mode":false,"campfire_choices":[{"data":"Eruption","floor":7,"key":"SMITH"},{"floor":15,"key":"REST"},{"floor":24,"key":"REST"}],"circlet_count":0,"master_deck":["Strike_R","Strike_R","Strike_R","Strike_R","Strike_R","Defend_R","Defend_R","Spot Weakness","Eruption+1","Life Link","Cleave","Armaments","FollowUp","Sword Boomerang","Hemokinesis","Inflame","FlyingSleeves","Feed","Thunderclap+1","ReplayTheSpireMod:Stacked+1","Pot Of Greed","Pot Of Greed","Sword Boomerang+1","Flex"],"relics":["Replay:M_SmolderingBlood","Golden Idol","NlothsMask","Replay:Rubber Ducky","Strawberry","Sozu","Blue Candle","Grinning Jar","Replay:Bandana","Membership Card"],"acts_visited":["Exordium","TheCity"],"potions_floor_usage":[16,23],"damage_taken":[{"damage":10,"enemies":"Jaw Worm","floor":1,"turns":4},{"damage":1,"enemies":"2 Louse","floor":3,"turns":3},{"damage":31,"enemies":"Lagavulin","floor":6,"turns":5},{"damage":6,"enemies":"Cultist","floor":8,"turns":3},{"damage":9,"enemies":"Exordium Thugs","floor":10,"turns":3},{"damage":5,"enemies":"Gremlin Nob","floor":12,"turns":3},{"damage":5,"enemies":"Exordium Wildlife","floor":14,"turns":3},{"damage":2,"enemies":"Slime Boss","floor":16,"turns":3},{"damage":24,"enemies":"2 Thieves","floor":18,"turns":4},{"damage":23,"enemies":"3 Byrds","floor":19,"turns":4},{"damage":24,"enemies":"Centurion and Healer","floor":22,"turns":2},{"damage":19,"enemies":"Book of Stabbing","floor":23,"turns":4},{"damage":22,"enemies":"Snake Plant","floor":25,"turns":3},{"damage":24,"enemies":"Shelled Parasite and Fungi","floor":28,"turns":2}],"seed_played":"-5083196618437456567","potions_obtained":[{"floor":6,"key":"DistilledChaos"},{"floor":8,"key":"PowerPotion"},{"floor":16,"key":"Explosive Potion"}],"is_trial":false,"path_per_floor":["M","?","M","?","?","E","R","M","T","M","$","E","$","M","R","B",null,"M","M","?","?","M","E","R","M","T","$","M"],"character_chosen":"IRONCLAD","items_purchased":["Sword Boomerang","Inflame","FlyingSleeves","Membership Card","Flex"],"campfire_rested":2,"item_purchase_floors":[11,13,13,27,27],"current_hp_per_floor":[84,84,83,81,81,50,50,44,44,35,35,37,37,32,58,56,88,67,44,44,44,20,4,32,10,10,10,0,0],"gold":49,"neow_bonus":"TEN_PERCENT_HP_BONUS","is_daily":false,"chose_seed":false,"campfire_upgraded":1,"win_rate":0.0,"timestamp":1609206483,"path_taken":["M","?","M","?","?","E","R","M","T","?","?","E","$","M","R","BOSS","M","M","?","?","M","E","R","M","T","$","M"],"items_purchased_type":["Card","Card","Card","Relic","Card"],"build_version":"2020-12-22","purchased_purges":2,"victory":false,"max_hp_per_floor":[88,88,88,81,81,81,81,81,81,81,81,88,88,88,88,88,88,91,91,91,91,91,94,94,94,94,94,97,97],"card_choices":[{"not_picked":["True Grit","Evolve"],"picked":"Spot Weakness","floor":1},{"not_picked":["Shockwave","Intimidate"],"picked":"Life Link","floor":3},{"not_picked":["Headbutt","Sever Soul"],"picked":"Cleave","floor":6},{"not_picked":["CrushJoints","BowlingBash"],"picked":"Armaments","floor":8},{"not_picked":["Defy Death","Body Slam"],"picked":"FollowUp","floor":10},{"not_picked":["Uppercut","Corruption"],"picked":"Hemokinesis","floor":12},{"not_picked":["Fire Breathing","Replay:Undeath\u0027s Touch","Intimidate"],"picked":"SKIP","floor":14},{"not_picked":["Corruption","Fiend Fire"],"picked":"Feed","floor":16},{"not_picked":["Abandon","Flame Barrier","Thunderclap"],"picked":"SKIP","floor":18},{"not_picked":["ReplayTheSpireMod:Limb From Limb","Entrench"],"picked":"Thunderclap+1","floor":19},{"not_picked":["Wild Strike","Abandon"],"picked":"ReplayTheSpireMod:Stacked+1","floor":22},{"not_picked":["Entrench","Thunderclap","Abandon+1"],"picked":"SKIP","floor":23},{"not_picked":["Reckless Charge+1","Power Through"],"picked":"Sword Boomerang+1","floor":25}],"player_experience":37315,"relics_obtained":[{"floor":6,"key":"Replay:Rubber Ducky"},{"floor":12,"key":"Strawberry"},{"floor":23,"key":"Grinning Jar"},{"floor":26,"key":"Replay:Bandana"}],"event_choices":[{"damage_healed":0,"gold_gain":0,"player_choice":"Lose Max HP","damage_taken":0,"relics_obtained":["Golden Idol"],"max_hp_gain":0,"max_hp_loss":7,"event_name":"Golden Idol","floor":4,"gold_loss":0},{"damage_healed":0,"gold_gain":0,"player_choice":"Trade","damage_taken":0,"relics_obtained":["NlothsMask"],"max_hp_gain":0,"max_hp_loss":0,"event_name":"FaceTrader","floor":5,"gold_loss":0},{"damage_healed":0,"gold_gain":0,"player_choice":"Gave Potion","damage_taken":0,"relics_obtained":["Blue Candle"],"max_hp_gain":0,"max_hp_loss":0,"event_name":"WeMeetAgain","floor":21,"gold_loss":0}],"is_beta":false,"boss_relics":[{"not_picked":["Tiny House","Ring of Chaos"],"picked":"Sozu"}],"items_purged_floors":[11,27],"is_endless":false,"potions_floor_spawned":[6,8,16,22],"killed_by":"Shelled Parasite and Fungi","ascension_level":0}}