{"host":"q6ma3hi3lrvu4bic","time":1609202276,"event":{"mods":["AchievementEnabler","Bartender","BaseMod","Better Match","Better Sensory Stone","CapriCore","Dio Mod","Gold Saver","Hermit","Hero for Fun","Hunter ??","Jorbs\u0027s Wanderer Trilogy","Luminous","Mad Scientist","Marisa????????","Melee Mod","Minty Spire (QoL Compilation)","Potionbrewer","Replay The Spire","SOS???????","Shade Mod","StSLib","The Alterego","The Blackbeard","The Bladedancer","The Bug Knight","The Cursed","The Dragon Tamer","The Exalted","The Forsaken","The Hierophant","The Immortal","The Kombatant","The Marked","The Necromancer","The Runesmith","The Saiyan","The Servant 0.9.4","The Vixen","The Wild Card","TheHero","TheSwordswoman","Yuyuko"],"gold_per_floor":[866,866,876,759,770,800,817,835,916,946,946,946,979,997,997,1101,1101,1119,1139,1139,1154,646,672,672,391,391,491,507,507,523,536,536,536,536,641,641,652,702,702,702,718,718,732,732,755,774,774,774,792,7,7,7],"floor_reached":53,"playtime":5269,"items_purged":[],"score":674,"play_id":"eb24967b-6b36-4cc8-9604-bb7e90c560be","local_time":"20201228193756","is_ascension_mode":false,"campfire_choices":[{"floor":12,"key":"REST"},{"floor":15,"key":"REST"},{"floor":24,"key":"REST"},{"floor":29,"key":"REST"},{"floor":34,"key":"REST"},{"floor":42,"key":"REST"},{"floor":44,"key":"REST"},{"floor":48,"key":"REST"},{"data":"1","floor":51,"key":"LIFT"}],"circlet_count":0,"master_deck":["Shade:Strike_Shade","Shade:Strike_Shade","Shade:Strike_Shade","Shade:Defend_Shade","Shade:Defend_Shade","Shade:Defend_Shade","Shade:Defend_Shade","Shade:AnimateDead","Shade:CarefulCut","Shade:CommandSoldier","Shade:Patience","Shade:PoundOfFlesh","Shade:UnbarTheGrave","Shade:Frenzy","Shade:FreshBones","Shade:ClawBack","TheKombatant:attHighStrike_s","Shade:FingerOfDeath","Shade:SensePrey","Shade:UnbarTheGrave","Clumsy","ReplayTheSpireMod:Restless Dread","Replay:Hysterical Blindness","Shade:RavenousHorde+1","Shade:ExtraLimbs","Madness","Shade:WallOfFlesh","Shade:FreshBones","Shade:OpenGraves","Shade:AuraOfUnlife","Shade:Carnophage+1","Shade:Trample","Shade:Brains","Shade:OpenGraves+1","Shade:LyeBath","Shade:OfferingToTheBeyond+1","Shade:Frenzy+1","Shade:SanguineRitual","theForsaken:PlagueCurse","Shade:Frenzy+1","Shade:ExtraLimbs+1","Shade:Patience+1","Shade:SkeletonArmy+1","Shade:OfferingToTheBeyond+1","Dark Shackles"],"relics":["Shade:YorickSkull","Power_Wrist","Bromod:ArcanePulse","Bottled Lightning","Bromod:ArcaneConsequence","Bromod:ArcaneDeflection","Replay:Ancient Bell","Potion Belt","HollowMod:LifeEnderRelic","Girya","Bromod:ArcaneMomentum","Chemical X","Cleaning_Rag","Frozen Egg 2","potionbrewer:RamsHorn","Bromod:ArcaneFury","ReplayTheSpireMod:Ninjato","ChewingGum","CatCart","theForsaken:PlagueMask","Pen Nib","Lee\u0027s Waffle","Boot","Iron Hammer"],"acts_visited":["Exordium","TheCity","TheBeyond"],"potions_floor_usage":[10,16,16,16,21,23,23,23,27,27,27,28,31,35,38,52,52,52],"damage_taken":[{"damage":2,"enemies":"Jaw Worm","floor":1,"turns":4},{"damage":2,"enemies":"Cultist","floor":3,"turns":3},{"damage":0,"enemies":"Small Slimes","floor":5,"turns":2},{"damage":1,"enemies":"Replay:BlueRogue","floor":6,"turns":5},{"damage":28,"enemies":"Exordium Thugs","floor":7,"turns":5},{"damage":0,"enemies":"2 Fungi Beasts","floor":8,"turns":3},{"damage":16,"enemies":"3 Sentries","floor":10,"turns":5},{"damage":11,"enemies":"Gremlin Nob","floor":13,"turns":4},{"damage":2,"enemies":"Gremlin Gang","floor":14,"turns":4},{"damage":23,"enemies":"Slime Boss","floor":16,"turns":9},{"damage":2,"enemies":"3 Byrds","floor":18,"turns":4},{"damage":4,"enemies":"Chosen","floor":19,"turns":5},{"damage":4,"enemies":"Centurion and Healer","floor":21,"turns":8},{"damage":8,"enemies":"Book of Stabbing","floor":23,"turns":6},{"damage":17,"enemies":"Colosseum Slavers","floor":27,"turns":4},{"damage":5,"enemies":"Colosseum Nobs","floor":27,"turns":4},{"damage":2,"enemies":"Shelled Parasite and Fungi","floor":28,"turns":7},{"damage":31,"enemies":"Cultist and Chosen","floor":30,"turns":7},{"damage":16,"enemies":"Centurion and Healer","floor":31,"turns":7},{"damage":28,"enemies":"Champ","floor":35,"turns":11},{"damage":18,"enemies":"Orb Walker","floor":37,"turns":4},{"damage":4,"enemies":"Orin","floor":38,"turns":8},{"damage":24,"enemies":"3 Darklings","floor":41,"turns":6},{"damage":26,"enemies":"Maw","floor":43,"turns":7},{"damage":10,"enemies":"Sphere and 2 Shapes","floor":46,"turns":5},{"damage":31,"enemies":"3 Darklings","floor":49,"turns":6},{"damage":14,"enemies":"Awakened One","floor":52,"turns":7}],"seed_played":"6400961155503401460","potions_obtained":[{"floor":6,"key":"Elixir"},{"floor":8,"key":"Strength Potion"},{"floor":13,"key":"Fire Potion"},{"floor":14,"key":"Explosive Potion"},{"floor":18,"key":"ColorlessPotion"},{"floor":21,"key":"LiquidMemories"},{"floor":23,"key":"potionbrewer:SplittingPotion"},{"floor":28,"key":"FearPotion"},{"floor":30,"key":"Elixir"},{"floor":35,"key":"LifebloodPotion"},{"floor":43,"key":"Adrenaline Potion"},{"floor":46,"key":"Swift Potion"},{"floor":49,"key":"DistilledChaos"}],"is_trial":false,"path_per_floor":["M","?","M","?","M","E","M","M","T","E","?","R","E","M","R","B",null,"M","M","?","M","$","E","R","$","T","?","M","R","M","M","PTL","PTL","R","B",null,"M","?","?","?","M","R","M","R","T","M","?","R","M","$","R","B",null],"character_chosen":"SHADE","items_purchased":["Bromod:ArcaneMomentum","Chemical X","Shade:FreshBones","Shade:OpenGraves","Fire Potion","Fire Potion","Frozen Egg 2","Shade:Carnophage+1","Lee\u0027s Waffle","Boot","Iron Hammer","Shade:OfferingToTheBeyond+1","Dark Shackles"],"campfire_rested":8,"item_purchase_floors":[22,22,22,22,22,22,25,25,50,50,50,50,50],"current_hp_per_floor":[69,69,67,67,67,66,38,38,38,22,22,44,33,31,53,30,71,69,65,47,43,43,35,57,57,57,35,33,55,24,8,8,8,30,2,71,53,49,49,49,25,47,21,43,43,33,33,55,24,78,78,64],"gold":7,"neow_bonus":"TEN_PERCENT_HP_BONUS","is_daily":false,"chose_seed":false,"campfire_upgraded":0,"win_rate":0.0,"timestamp":1609202276,"path_taken":["M","?","M","?","?","E","M","M","T","E","?","R","E","M","R","BOSS","M","M","?","M","$","E","R","?","T","?","M","R","M","M","PTL","PTL","R","BOSS","M","?","?","?","?","R","M","R","T","M","?","R","M","$","R","BOSS"],"items_purchased_type":["Relic","Relic","Card","Card","Potion","Potion","Relic","Card","Relic","Relic","Relic","Card","Card"],"build_version":"2020-12-22","purchased_purges":0,"victory":true,"max_hp_per_floor":[71,71,71,71,71,71,71,71,71,71,71,71,71,71,71,71,71,71,71,71,71,71,71,71,71,71,71,71,71,71,71,71,71,71,71,71,71,71,71,71,71,71,71,71,71,71,71,71,71,78,78,78],"card_choices":[{"not_picked":["Shade:GreyBargain","Shade:Premonition"],"picked":"Shade:CommandSoldier","floor":1},{"not_picked":["Shade:GreyBargain","Shade:SkeletonHug"],"picked":"Shade:Patience","floor":3},{"not_picked":["Shade:FuneraryArmor","Shade:GreyBargain"],"picked":"Shade:PoundOfFlesh","floor":5},{"not_picked":["Shade:WallOfFlesh","Shade:Trample"],"picked":"Shade:UnbarTheGrave","floor":6},{"not_picked":["Shade:Trample","Shade:GraveStillness"],"picked":"Shade:Frenzy","floor":7},{"not_picked":["Shade:GraveStillness","Shade:AncientSpear"],"picked":"Shade:FreshBones","floor":8},{"not_picked":["Shade:AblativeArmor","Shade:OfferingToTheBeyond"],"picked":"Shade:ClawBack","floor":10},{"not_picked":["Shade:Doomsay","Shade:FeralStrike"],"picked":"Shade:FingerOfDeath","floor":13},{"not_picked":["Shade:Awaken","Shade:FleshToFlesh"],"picked":"Shade:SensePrey","floor":14},{"not_picked":["Shade:SelfBurial","Shade:Tombstone"],"picked":"Shade:UnbarTheGrave","floor":16},{"not_picked":["Parasite","ReplayTheSpireMod:Doomed"],"picked":"Clumsy","floor":17},{"not_picked":["Shame","ReplayTheSpireMod:IOU"],"picked":"ReplayTheSpireMod:Restless Dread","floor":17},{"not_picked":["Doubt","Injury"],"picked":"Replay:Hysterical Blindness","floor":17},{"not_picked":["Shade:BoneShards+1","Shade:GoDigging"],"picked":"Shade:RavenousHorde+1","floor":18},{"not_picked":["Shade:RavenousHorde","Shade:Haruspicy+1"],"picked":"Shade:ExtraLimbs","floor":19},{"not_picked":["Shade:ScuttlingHand","Shade:BoneShards"],"picked":"Shade:WallOfFlesh","floor":21},{"not_picked":["Shade:Brains","Shade:LastGasp"],"picked":"Shade:AuraOfUnlife","floor":23},{"not_picked":["Shade:Haruspicy+1","Shade:GraveStillness"],"picked":"Shade:Trample","floor":27},{"not_picked":["Shade:FuneraryArmor","Shade:Doomsay"],"picked":"Shade:Brains","floor":28},{"not_picked":["Shade:SkeletonArmy","Shade:SpontaneousRitual"],"picked":"Shade:OpenGraves+1","floor":30},{"not_picked":["Shade:GoDigging","Shade:GraveStillness"],"picked":"Shade:LyeBath","floor":31},{"not_picked":["Shade:LoseControl","Shade:GreaterAnimation+1"],"picked":"Shade:OfferingToTheBeyond+1","floor":35},{"not_picked":["Shade:SanguineRitual+1","Shade:Premonition"],"picked":"Shade:Frenzy+1","floor":37},{"not_picked":["Shade:Haruspicy+1","Shade:DangerousRitual"],"picked":"Shade:SanguineRitual","floor":38},{"not_picked":["Shade:ClawBack+1","Shade:AncientSpear"],"picked":"Shade:Frenzy+1","floor":41},{"not_picked":["Shade:FeralStrike","Shade:ScuttlingHand"],"picked":"Shade:ExtraLimbs+1","floor":43},{"not_picked":["Shade:Haruspicy+1","Shade:Premonition+1"],"picked":"Shade:Patience+1","floor":46},{"not_picked":["Shade:BoneShards","Shade:SkeletonHug+1"],"picked":"Shade:SkeletonArmy+1","floor":49}],"player_experience":40416,"relics_obtained":[{"floor":6,"key":"Bromod:ArcanePulse"},{"floor":9,"key":"Bottled Lightning"},{"floor":10,"key":"Bromod:ArcaneConsequence"},{"floor":13,"key":"Bromod:ArcaneDeflection"},{"floor":23,"key":"Cleaning_Rag"},{"floor":26,"key":"potionbrewer:RamsHorn"},{"floor":27,"key":"Bromod:ArcaneFury"},{"floor":27,"key":"ReplayTheSpireMod:Ninjato"},{"floor":38,"key":"CatCart"},{"floor":45,"key":"Pen Nib"}],"event_choices":[{"damage_healed":0,"gold_gain":0,"player_choice":"Leave","damage_taken":0,"max_hp_gain":0,"max_hp_loss":0,"event_name":"The Cleric","floor":2,"gold_loss":0},{"damage_healed":0,"gold_gain":0,"player_choice":"Paid Gold","damage_taken":0,"relics_obtained":["Power_Wrist"],"max_hp_gain":0,"max_hp_loss":0,"event_name":"WeMeetAgain","floor":4,"gold_loss":117},{"cards_removed":["Shade:Strike_Shade"],"damage_healed":0,"gold_gain":0,"player_choice":"Took Card","damage_taken":0,"max_hp_gain":0,"max_hp_loss":0,"event_name":"NoteForYourself","floor":11,"gold_loss":0,"cards_obtained":["TheKombatant:attHighStrike_s"]},{"damage_healed":0,"gold_gain":0,"player_choice":"CARD POTION ","damage_taken":18,"max_hp_gain":0,"max_hp_loss":0,"event_name":"Knowing Skull","floor":20,"potions_obtained":["LifebloodPotion"],"gold_loss":0,"cards_obtained":["Madness"]},{"damage_healed":0,"gold_gain":0,"player_choice":"Fight","damage_taken":0,"max_hp_gain":0,"max_hp_loss":0,"event_name":"Colosseum","floor":27,"gold_loss":0},{"damage_healed":0,"gold_gain":0,"player_choice":"Fought Nobs","damage_taken":0,"max_hp_gain":0,"max_hp_loss":0,"event_name":"Colosseum","floor":27,"gold_loss":0},{"damage_healed":0,"gold_gain":0,"player_choice":"Fight","damage_taken":0,"max_hp_gain":0,"max_hp_loss":0,"event_name":"OrinTheCat","floor":38,"gold_loss":0},{"damage_healed":0,"gold_gain":0,"player_choice":"Obtain Plague Curse","damage_taken":0,"max_hp_gain":0,"max_hp_loss":0,"event_name":"Plague Doctor","floor":39,"gold_loss":0,"cards_obtained":["theForsaken:PlagueCurse"]},{"damage_healed":0,"gold_gain":0,"player_choice":"Ignored","damage_taken":0,"max_hp_gain":0,"max_hp_loss":0,"event_name":"SecretPortal","floor":40,"gold_loss":0},{"damage_healed":0,"gold_gain":0,"player_choice":"Ignored","damage_taken":0,"max_hp_gain":0,"max_hp_loss":0,"event_name":"Tomb of Lord Red Mask","floor":47,"gold_loss":0}],"is_beta":false,"boss_relics":[{"not_picked":["Replay:Bronze Core","Velvet Choker"],"picked":"Replay:Ancient Bell"},{"not_picked":["Runesmith:AutoHammer","Toy Ornithopter"],"picked":"Potion Belt"},{"not_picked":["Eternal Feather","InkBottle"],"picked":"HollowMod:LifeEnderRelic"},{"not_picked":["Peace Pipe","Incense Burner"],"picked":"Girya"},{"not_picked":["Painkiller Herb","Replay:Wanted Poster"],"picked":"ChewingGum"}],"items_purged_floors":[],"is_endless":false,"potions_floor_spawned":[6,8,13,14,18,21,23,28,30,35,43,46,49],"ascension_level":0}}