{"host":"kev6uqotw4tlyx8l","time":1609208077,"event":{"mods":["Act Like it!","Aspiration","BaseMod","Colored Powertips","Dota2Spire","Downfall","Hallownest","Infinite Spire","Marisa????????","Minty Spire (QoL Compilation)","Quick Restart","Remilia??????","Replay The Spire","StSLib","The Cursed","The Marked","The Mystic","The Servant 0.9.4"],"gold_per_floor":[109,28,28,28,39,39,71,83,110,76,76,86,105,124,124,228,228,247,247],"floor_reached":18,"playtime":506,"items_purged":[],"score":189,"play_id":"fbf151a5-096d-4f40-8c4d-8b7af7457aa6","local_time":"20201229091437","is_ascension_mode":false,"campfire_choices":[{"floor":6,"key":"REST"},{"floor":11,"key":"REST"},{"floor":15,"key":"DIG"}],"circlet_count":0,"master_deck":["Strike_G","Strike_G","Strike_G","Strike_G","Strike_G+1","Defend_G","Defend_G","Defend_G","Defend_G","Defend_G+1","Survivor","Neutralize","Phantasmal Killer","Slice","Underhanded Strike","Terror","Venomology","Predator","Well Laid Plans","Eviscerate","Infinite Blades","Predator","Prepared","aspiration:Lunge","Dagger Throw"],"relics":["Ring of the Snake","Divine Protection","Gremlin Food","Pantograph","Dota2Spire:Vanguard","Dota2Spire:ArmletOfMordiggian","aspiration:RitualDagger"],"acts_visited":["Exordium","TheCity"],"potions_floor_usage":[7,12,14,16,16,16],"damage_taken":[{"damage":4,"enemies":"Cultist","floor":1,"turns":3},{"damage":0,"enemies":"Small Slimes","floor":5,"turns":3},{"damage":0,"enemies":"Lagavulin","floor":7,"turns":4},{"damage":2,"enemies":"Jaw Worm","floor":8,"turns":3},{"damage":0,"enemies":"Exordium Thugs","floor":12,"turns":3},{"damage":5,"enemies":"Lots of Slimes","floor":13,"turns":3},{"damage":4,"enemies":"Large Slime","floor":14,"turns":4},{"damage":41,"enemies":"The Guardian","floor":16,"turns":6},{"damage":42,"enemies":"Spheric Guardian","floor":18,"turns":4}],"seed_played":"7927620196071542414","potions_obtained":[{"floor":7,"key":"Elixir"},{"floor":13,"key":"SkillPotion"},{"floor":14,"key":"Adrenaline Potion"}],"is_trial":false,"path_per_floor":["M","$","?","?","M","R","E","M","T","$","R","M","M","M","R","B",null,"M"],"character_chosen":"THE_SILENT","items_purchased":["Underhanded Strike","Terror","Eviscerate"],"campfire_rested":2,"item_purchase_floors":[2,2,10],"current_hp_per_floor":[66,66,59,59,59,70,70,68,68,68,70,70,65,61,61,38,70,28,28],"gold":247,"neow_bonus":"ONE_RANDOM_RARE_CARD","is_daily":false,"chose_seed":false,"campfire_upgraded":0,"win_rate":0.0,"timestamp":1609208077,"path_taken":["M","$","?","?","M","R","E","M","T","?","R","M","?","M","R","BOSS","M"],"items_purchased_type":["Card","Card","Card"],"build_version":"2020-12-22","purchased_purges":0,"victory":false,"max_hp_per_floor":[70,70,70,70,70,70,70,70,70,70,70,70,70,70,70,70,70,70,70],"card_choices":[{"not_picked":["Prepared","Bane"],"picked":"Slice","floor":1},{"not_picked":["Dodge and Roll","Prepared"],"picked":"Venomology","floor":5},{"not_picked":["Dagger Throw","Deflect"],"picked":"Predator","floor":7},{"not_picked":["Backflip","Outmaneuver"],"picked":"Well Laid Plans","floor":8},{"not_picked":["ReplayTheSpireMod:The Works","Blade Dance"],"picked":"Infinite Blades","floor":12},{"not_picked":["Endless Agony","Flying Knee"],"picked":"Predator","floor":13},{"not_picked":["Expertise","Fluid Movement"],"picked":"Prepared","floor":14},{"not_picked":["Bullet Time","Envenom"],"picked":"aspiration:Lunge","floor":16},{"not_picked":["Draining Mist+1","Deflect"],"picked":"Dagger Throw","floor":18}],"player_experience":42165,"relics_obtained":[{"floor":4,"key":"Gremlin Food"},{"floor":7,"key":"Pantograph"},{"floor":9,"key":"Dota2Spire:Vanguard"},{"floor":15,"key":"Dota2Spire:ArmletOfMordiggian"}],"event_choices":[{"damage_healed":0,"gold_gain":0,"player_choice":"Success","damage_taken":7,"relics_obtained":["Divine Protection"],"max_hp_gain":0,"max_hp_loss":0,"event_name":"Scrap Ooze","floor":3,"gold_loss":0}],"is_beta":false,"boss_relics":[{"not_picked":["Black Star","Dota2Spire:Bloodstone"],"picked":"aspiration:RitualDagger"}],"items_purged_floors":[],"is_endless":false,"potions_floor_spawned":[7,13,14],"killed_by":"Spheric Guardian","ascension_level":0}}