{"host":"6v6lk9rcoiasjngj","time":1609259260,"event":{"mods":["Ascension Reborn","BaseMod","Better Third Choice","Colored Map","Conspire","Downfall","Duelist Mod","GifTheSpireLib","Googly Eyes","Hubris","Infinite Spire","Minty Spire (QoL Compilation)","Quick Restart","RRrroohrrRGHHhhh!!","Replay The Spire","Reworked Bosses","Somnambulant","Spicy Shops","StSLib","Stuff the Spire","The Blue Laboratory","The Cursed","The Disciple","The Factory","The Florist","The Hierophant","The Jungle","The Sage","The Servant 0.9.4","The Valiant","egg"],"gold_per_floor":[184,194,194,13,13,46,60,76,126,144,178,192,223,223,223,320,320,332,332,28,28,28,59,59,88,88,102,114,145,158,158,158],"floor_reached":31,"playtime":4152,"items_purged":[],"score":365,"play_id":"84d24868-f557-4518-9223-d56eb52dc560","local_time":"20201229112740","is_ascension_mode":false,"campfire_choices":[{"data":"sagemod:Salty_Strike","floor":15.0,"key":"SMITH"},{"data":"sagemod:Prey","floor":24,"key":"SMITH"}],"circlet_count":0,"master_deck":["sagemod:Strike","sagemod:Strike","sagemod:Strike","sagemod:Defend","sagemod:Defend","sagemod:Defend","sagemod:Defend","sagemod:Fly","sagemod:Upwards+1","sagemod:On_The_Head","sagemod:Armor_Brew","sagemod:Fire_Brew","sagemod:Fire_Brew","sagemod:Energetic_Brew","sagemod:Salty_Strike","sagemod:Ambition","sagemod:How_To_Warm_Elephants","sagemod:Step_Back","sagemod:Grounded_Strike","sagemod:Salty_Strike+1","sagemod:Step_Back","sagemod:Altitude","sagemod:Lunchtime","hubris:DuctTapeCard","sagemod:Pincer_Repair","sagemod:Spoiled_Food+1"],"relics":["sagemod:Flying_Carpet","NeowsBlessing","hubris:Towel","Potion Belt","infinitespire:Lychee Nut","Happy Flower","Eternal Feather","Onion Ring","Replay:Grab Bag","hubris:TerracottaHorce","Velvet Choker","Black Star","SlaversCollar","Juzu Bracelet","Lizard Tail","hubris:DeckOfHolding","TungstenRod","Smiling Mask","Nunchaku","hubris:DuctTape","hubris:DisguiseKit","StoneCalendar"],"acts_visited":["Exordium","TheCity"],"potions_floor_usage":[25,25,25,25,25,25,25,25,25,25,27,27,28,28,28,29,29,29,29,29,29,30,30,30,31],"damage_taken":[{"damage":0.0,"enemies":"conspire:RoseBush","floor":1.0,"turns":1.0},{"damage":0.0,"enemies":"Cultist","floor":2.0,"turns":1.0},{"damage":0.0,"enemies":"3 Sentries","floor":6.0,"turns":2.0},{"damage":11.0,"enemies":"Jaw Worm","floor":7.0,"turns":5.0},{"damage":2.0,"enemies":"2 Fungi Beasts","floor":8.0,"turns":3.0},{"damage":3.0,"enemies":"Red Slaver","floor":10.0,"turns":3.0},{"damage":10.0,"enemies":"Gremlin Nob","floor":11.0,"turns":7.0},{"damage":4.0,"enemies":"Gremlin Gang","floor":12.0,"turns":4.0},{"damage":0.0,"enemies":"Lagavulin","floor":13.0,"turns":8.0},{"damage":24.0,"enemies":"Hexaghost","floor":16.0,"turns":9.0},{"damage":8.0,"enemies":"Chosen","floor":18.0,"turns":7.0},{"damage":8.0,"enemies":"conspire:SneckoGhost","floor":23.0,"turns":12.0},{"damage":17,"enemies":"Gremlin Leader","floor":25,"turns":11},{"damage":0,"enemies":"2 Thieves","floor":27,"turns":5},{"damage":7,"enemies":"Centurion and Healer","floor":28,"turns":11},{"damage":45,"enemies":"theDuelist:KaibaA2","floor":29,"turns":8},{"damage":8,"enemies":"Snake Plant","floor":30,"turns":7},{"damage":31,"enemies":"Cultist and Chosen","floor":31,"turns":6}],"seed_played":"2742645359999641386","potions_obtained":[{"floor":6.0,"key":"Swift Potion"},{"floor":7.0,"key":"BlessingOfTheForge"},{"floor":8.0,"key":"Weak Potion"},{"floor":11.0,"key":"Block Potion"},{"floor":12.0,"key":"blueLaboratory:PhilterOfMotion"},{"floor":13.0,"key":"Explosive Potion"},{"floor":13.0,"key":"Block Potion"},{"floor":16.0,"key":"Fire Potion"},{"floor":18.0,"key":"Explosive Potion"},{"floor":18.0,"key":"Fire Potion"},{"floor":18.0,"key":"Block Potion"},{"floor":18.0,"key":"Energy Potion"},{"floor":23.0,"key":"Block Potion"},{"floor":23.0,"key":"Fire Potion"},{"floor":23.0,"key":"Fire Potion"},{"floor":23,"key":"sagemod:Fata_Morgana"},{"floor":25,"key":"Block Potion"},{"floor":25,"key":"AttackPotion"},{"floor":28,"key":"Energy Potion"},{"floor":28,"key":"Explosive Potion"},{"floor":28,"key":"Fire Potion"},{"floor":29,"key":"Fire Potion"},{"floor":29,"key":"Fire Potion"},{"floor":29,"key":"Energy Potion"},{"floor":29,"key":"SteroidPotion"}],"is_trial":false,"path_per_floor":["M","M","?","$","?","E","M","M","T","M","E","M","E","T","R","B",null,"M","?","$","?","?","E","R","E","T","M","M","E","M","M"],"character_chosen":"THE_SAGE","items_purchased":["Potion Belt","sagemod:Fire_Brew","sagemod:Prey","Lizard Tail"],"campfire_rested":0,"item_purchase_floors":[4,4,20,20],"current_hp_per_floor":[50,50,50,50,50,37,29,32,32,34,27,29,35,35,37,14,37,29,29,29,29,29,27,37,21,21,27,40,1,25,0,0],"gold":158,"neow_bonus":"THREE_ENEMY_KILL","is_daily":false,"chose_seed":false,"campfire_upgraded":2,"win_rate":0.0,"timestamp":1609259260,"path_taken":["M","M","?","$","?","E","M","M","T","?","E","M","E","?","R","BOSS","M","?","$","?","?","E","R","E","T","M","M","E","M","M"],"items_purchased_type":["Relic","Card","Card","Relic"],"build_version":"2020-12-22","purchased_purges":0,"victory":false,"max_hp_per_floor":[50,50,50,50,50,37,37,37,37,37,37,37,37,37,37,37,37,37,37,37,37,37,37,37,37,37,37,51,51,51,51,51],"card_choices":[{"not_picked":["sagemod:Step_Back","sagemod:How_To_Warm_Elephants"],"picked":"sagemod:On_The_Head","floor":1.0},{"not_picked":["sagemod:Pincer_Repair","sagemod:Burning_Flask"],"picked":"sagemod:Armor_Brew","floor":2.0},{"not_picked":["sagemod:Anti_Ancient_Attack","sagemod:Rickety_Defense"],"picked":"sagemod:Energetic_Brew","floor":6.0},{"not_picked":["sagemod:Cane_Strike","sagemod:On_Fire"],"picked":"sagemod:Salty_Strike","floor":7.0},{"not_picked":["sagemod:How_To_Befriend_A_Turtle","sagemod:Burning_Flask"],"picked":"sagemod:Ambition","floor":8.0},{"not_picked":["sagemod:Slalom","sagemod:Ambition"],"picked":"sagemod:How_To_Warm_Elephants","floor":10.0},{"not_picked":["sagemod:Slalom","sagemod:Deadly_Contraption"],"picked":"sagemod:Step_Back","floor":11.0},{"not_picked":["sagemod:Slalom","sagemod:Energetic_Brew"],"picked":"sagemod:Grounded_Strike","floor":12.0},{"not_picked":["sagemod:Grounded_Strike","sagemod:Slalom"],"picked":"sagemod:Salty_Strike","floor":13.0},{"not_picked":["sagemod:Vigorous_Body","sagemod:Meditation"],"picked":"sagemod:Cultist_Form","floor":16.0},{"not_picked":["sagemod:How_To_Charm_A_Sentry","sagemod:Turn_Around"],"picked":"sagemod:Step_Back","floor":18.0},{"not_picked":["sagemod:How_To_Wake_Lyons","sagemod:Armor_Brew"],"picked":"sagemod:Altitude","floor":23},{"not_picked":["sagemod:How_To_Befriend_A_Turtle","sagemod:How_To_Wake_Lyons+1"],"picked":"sagemod:Lunchtime","floor":25},{"not_picked":["sagemod:Spoon_Strike+1","sagemod:Study","sagemod:Crank+1"],"picked":"SKIP","floor":27},{"not_picked":["sagemod:Armor_Brew","sagemod:Energetic_Brew"],"picked":"sagemod:Pincer_Repair","floor":28},{"not_picked":["sagemod:Step_Back+1","sagemod:How_To_Murder_Ants"],"picked":"sagemod:Spoiled_Food+1","floor":29},{"not_picked":["sagemod:Salty_Strike+1","sagemod:Tinker","sagemod:Shining_Powder","Combust"],"picked":"SKIP","floor":30}],"player_experience":812301,"relics_obtained":[{"floor":6.0,"key":"infinitespire:Lychee Nut"},{"floor":11.0,"key":"Happy Flower"},{"floor":13.0,"key":"Eternal Feather"},{"floor":14.0,"key":"Onion Ring"},{"floor":23,"key":"hubris:DeckOfHolding"},{"floor":23,"key":"TungstenRod"},{"floor":25,"key":"Smiling Mask"},{"floor":25,"key":"Nunchaku"},{"floor":26,"key":"hubris:DuctTape"},{"floor":29,"key":"hubris:DisguiseKit"},{"floor":29,"key":"StoneCalendar"}],"event_choices":[{"damage_healed":0.0,"max_hp_gain":0.0,"max_hp_loss":0.0,"gold_gain":0.0,"event_name":"Upgrade Shrine","player_choice":"Upgraded","floor":5.0,"gold_loss":0.0,"damage_taken":0.0,"cards_upgraded":["sagemod:Upwards"]},{"damage_healed":0.0,"max_hp_gain":0.0,"max_hp_loss":0.0,"gold_gain":0.0,"event_name":"WeMeetAgain","player_choice":"Gave Potion","floor":19.0,"gold_loss":0.0,"damage_taken":0.0,"relics_obtained":["Juzu Bracelet"]},{"damage_healed":0.0,"max_hp_gain":0.0,"max_hp_loss":0.0,"gold_gain":0.0,"cards_transformed":["sagemod:Strike"],"event_name":"Transmorgrifier","player_choice":"Transformed","floor":21.0,"gold_loss":0.0,"damage_taken":0.0,"cards_obtained":["sagemod:Meditation"]}],"is_beta":false,"boss_relics":[{"not_picked":["Pandora\u0027s Box","infinitespire:Cupcake"],"picked":"Replay:Grab Bag"},{"not_picked":["hubris:VirtuousBlindfold","hubris:RunicObelisk"],"picked":"hubris:TerracottaHorce"},{"not_picked":["Replay:Fungal Core","hubris:CrackedHourglass"],"picked":"Velvet Choker"},{"not_picked":["conspire:RunicOctahedron","Ring of Chaos"],"picked":"Black Star"},{"not_picked":["StuffTheSpire:RunicHypercube","Replay:Drink Me"],"picked":"SlaversCollar"}],"items_purged_floors":[],"is_endless":false,"potions_floor_spawned":[6,7,8,12,23,25,29],"killed_by":"Cultist and Chosen","ascension_level":0}}