{"host":"ao8ok4k25npyixk7","time":1609210401,"event":{"mods":["BaseMod","Colored Map","Minty Spire (QoL Compilation)"],"gold_per_floor":[111,52,71,71,71,71,104,104,104,137,156,166,129,142,142,240,240,259,244,259,15,33,33,46,66,66,80,80,115,115,2,2,99,99,119,69,87,87,87,87,105,105,105,121,137,3,3,29,29,29],"floor_reached":51,"playtime":3185,"items_purged":["Strike_G","Expertise"],"score":1104,"play_id":"96bfd92e-fdcd-4411-8131-62ed1232f48c","local_time":"20201229035321","is_ascension_mode":true,"campfire_choices":[{"data":"Deadly Poison","floor":6,"key":"SMITH"},{"data":"Leg Sweep","floor":8,"key":"SMITH"},{"data":"Noxious Fumes","floor":15,"key":"SMITH"},{"data":"Apotheosis","floor":23,"key":"SMITH"},{"floor":32,"key":"REST"},{"data":"Calculated Gamble","floor":40,"key":"SMITH"},{"data":"Wraith Form v2","floor":42,"key":"SMITH"},{"data":"Doppelganger","floor":47,"key":"SMITH"},{"floor":49,"key":"REST"}],"circlet_count":0,"master_deck":["AscendersBane","Survivor","Neutralize","Doppelganger+1","Deadly Poison+1","Infinite Blades","Leg Sweep+1","PiercingWail","PiercingWail","Noxious Fumes+1","Envenom","Die Die Die","Prepared","Bouncing Flask+1","Prepared","Apotheosis+1","Blur","Footwork","Slice","PiercingWail","Deflect","Wraith Form v2+1","All Out Attack","Escape Plan","Sucker Punch","Escape Plan","Reflex","Distraction","Backflip","Die Die Die","Calculated Gamble+1","Panacea","Deflect","Dagger Spray+1","Deflect+1","Secret Technique","Blind","Tactician+1"],"relics":["Ring of the Snake","MealTicket","Question Card","Letter Opener","Happy Flower","Darkstone Periapt","Runic Pyramid","Membership Card","StrikeDummy","Omamori","Pandora\u0027s Box","Mercury Hourglass","Pantograph"],"acts_visited":["Exordium","TheCity","TheBeyond"],"potions_floor_usage":[7,12,16,16,25],"damage_taken":[{"damage":4,"enemies":"Jaw Worm","floor":1,"turns":5},{"damage":0,"enemies":"Cultist","floor":3,"turns":4},{"damage":40,"enemies":"Gremlin Nob","floor":7,"turns":5},{"damage":3,"enemies":"Lagavulin","floor":10,"turns":9},{"damage":0,"enemies":"2 Louse","floor":11,"turns":3},{"damage":1,"enemies":"Looter","floor":12,"turns":4},{"damage":0,"enemies":"3 Louse","floor":14,"turns":5},{"damage":10,"enemies":"Slime Boss","floor":16,"turns":9},{"damage":1,"enemies":"Spheric Guardian","floor":18,"turns":4},{"damage":8,"enemies":"2 Thieves","floor":19,"turns":4},{"damage":0,"enemies":"Chosen and Byrds","floor":20,"turns":6},{"damage":6,"enemies":"3 Cultists","floor":22,"turns":5},{"damage":16,"enemies":"Shelled Parasite and Fungi","floor":24,"turns":8},{"damage":9,"enemies":"Cultist and Chosen","floor":25,"turns":6},{"damage":6,"enemies":"Chosen and Byrds","floor":27,"turns":7},{"damage":30,"enemies":"Slavers","floor":29,"turns":5},{"damage":20,"enemies":"Colosseum Slavers","floor":30,"turns":6},{"damage":22,"enemies":"Champ","floor":33,"turns":13},{"damage":21,"enemies":"3 Shapes","floor":35,"turns":4},{"damage":1,"enemies":"Orb Walker","floor":37,"turns":6},{"damage":17,"enemies":"Sphere and 2 Shapes","floor":41,"turns":8},{"damage":3,"enemies":"3 Darklings","floor":44,"turns":3},{"damage":8,"enemies":"4 Shapes","floor":45,"turns":3},{"damage":5,"enemies":"Giant Head","floor":48,"turns":9},{"damage":64,"enemies":"Donu and Deca","floor":50,"turns":10}],"seed_played":"1869917754153792105","potions_obtained":[{"floor":3,"key":"Weak Potion"},{"floor":10,"key":"Weak Potion"},{"floor":11,"key":"Poison Potion"},{"floor":14,"key":"CultistPotion"},{"floor":19,"key":"FairyPotion"},{"floor":22,"key":"Fire Potion"},{"floor":27,"key":"SteroidPotion"}],"is_trial":false,"path_per_floor":["M","?","M","$","T","R","E","R","T","E","M","M","$","M","R","B",null,"M","M","M","$","M","R","M","M","T","M","?","E","?","$","R","B",null,"M","$","M","?","?","R","M","R","T","M","M","$","R","E","R","B",null],"character_chosen":"THE_SILENT","items_purchased":["Noxious Fumes","Membership Card","Apotheosis","Omamori","Secret Technique","Blind"],"campfire_rested":2,"item_purchase_floors":[13,21,21,31,46,46],"current_hp_per_floor":[59,59,59,70,70,70,30,30,30,27,27,26,41,41,41,31,60,59,51,51,66,60,60,44,35,35,29,52,22,2,17,38,16,57,36,51,50,50,50,50,33,33,33,30,22,37,37,32,53,6],"gold":29,"neow_bonus":"ONE_RANDOM_RARE_CARD","is_daily":false,"chose_seed":false,"campfire_upgraded":7,"win_rate":0.0,"timestamp":1609210401,"path_taken":["M","?","M","?","?","R","E","R","T","E","M","M","$","M","R","BOSS","M","M","M","$","M","R","M","M","T","?","?","E","?","$","R","BOSS","M","$","M","?","?","R","M","R","T","M","M","$","R","E","R","BOSS"],"items_purchased_type":["Card","Relic","Card","Relic","Card","Card"],"build_version":"2020-12-22","purchased_purges":2,"victory":true,"max_hp_per_floor":[70,70,70,70,70,70,70,70,70,70,70,70,70,70,70,70,70,70,70,70,70,70,70,70,70,70,70,70,70,70,70,70,70,70,70,70,70,70,70,70,70,70,70,70,70,70,70,70,70,70],"card_choices":[{"not_picked":["Poisoned Stab","Riddle With Holes"],"picked":"Deadly Poison","floor":1},{"not_picked":["Flying Knee","Sucker Punch"],"picked":"Infinite Blades","floor":3},{"not_picked":["Masterful Stab","Reflex","Slice"],"picked":"Leg Sweep","floor":7},{"not_picked":["Expertise","Cloak And Dagger","Slice"],"picked":"PiercingWail","floor":10},{"not_picked":["Leg Sweep","Predator","Blur"],"picked":"Dash","floor":11},{"not_picked":["Dagger Throw","Concentrate","Dodge and Roll"],"picked":"PiercingWail","floor":12},{"not_picked":["Prepared","Cloak And Dagger","Infinite Blades"],"picked":"Envenom","floor":14},{"not_picked":["Bullet Time","Envenom","Doppelganger"],"picked":"Die Die Die","floor":16},{"not_picked":["Underhanded Strike","Slice","All Out Attack"],"picked":"Prepared","floor":18},{"not_picked":["All Out Attack","Acrobatics","Poisoned Stab"],"picked":"Bouncing Flask+1","floor":19},{"not_picked":["Cloak And Dagger","Blade Dance","Dagger Spray"],"picked":"Prepared","floor":20},{"not_picked":["Slice","Escape Plan","Outmaneuver"],"picked":"Blur","floor":22},{"not_picked":["Flying Knee","Acrobatics","Crippling Poison"],"picked":"Footwork","floor":24},{"not_picked":["Reflex","Dodge and Roll","Bouncing Flask"],"picked":"Slice","floor":25},{"not_picked":["Terror","Flying Knee","A Thousand Cuts"],"picked":"PiercingWail","floor":27},{"not_picked":["Deadly Poison","PiercingWail","Distraction"],"picked":"Deflect","floor":29},{"not_picked":["Phantasmal Killer","Unload","Glass Knife"],"picked":"Wraith Form v2","floor":33},{"not_picked":["Reflex","Acrobatics","Bane"],"picked":"Calculated Gamble","floor":35},{"not_picked":["Quick Slash","Dash","Sucker Punch","Dodge and Roll"],"picked":"SKIP","floor":37},{"not_picked":["PanicButton","Enlightenment","Panache"],"picked":"Panacea","floor":39},{"not_picked":["Sucker Punch","Poisoned Stab+1","Cloak And Dagger"],"picked":"Deflect","floor":41},{"not_picked":["Acrobatics","Blade Dance","Dagger Throw"],"picked":"Dagger Spray+1","floor":44},{"not_picked":["Bane","Footwork+1","Dodge and Roll"],"picked":"Deflect+1","floor":45},{"not_picked":["Leg Sweep","All Out Attack","Dagger Spray"],"picked":"Tactician+1","floor":48}],"player_experience":230598,"relics_obtained":[{"floor":5,"key":"Question Card"},{"floor":7,"key":"Letter Opener"},{"floor":9,"key":"Happy Flower"},{"floor":10,"key":"Darkstone Periapt"},{"floor":29,"key":"StrikeDummy"},{"floor":43,"key":"Mercury Hourglass"},{"floor":48,"key":"Pantograph"}],"event_choices":[{"damage_healed":0,"gold_gain":0,"player_choice":"Paid Gold","damage_taken":0,"relics_obtained":["MealTicket"],"max_hp_gain":0,"max_hp_loss":0,"event_name":"WeMeetAgain","floor":2,"gold_loss":59},{"damage_healed":23,"gold_gain":0,"player_choice":"Heal","damage_taken":0,"max_hp_gain":0,"max_hp_loss":0,"event_name":"The Library","floor":28,"gold_loss":0},{"damage_healed":0,"gold_gain":0,"player_choice":"Fight","damage_taken":0,"max_hp_gain":0,"max_hp_loss":0,"event_name":"Colosseum","floor":30,"gold_loss":0},{"damage_healed":0,"gold_gain":0,"player_choice":"Fled From Nobs","damage_taken":0,"max_hp_gain":0,"max_hp_loss":0,"event_name":"Colosseum","floor":30,"gold_loss":0},{"cards_removed":["Dash"],"damage_healed":0,"gold_gain":0,"player_choice":"Removed Attack","damage_taken":0,"max_hp_gain":0,"max_hp_loss":0,"event_name":"Falling","floor":38,"gold_loss":0},{"damage_healed":0,"gold_gain":0,"player_choice":"Memory 1","damage_taken":0,"max_hp_gain":0,"max_hp_loss":0,"event_name":"SensoryStone","floor":39,"gold_loss":0}],"is_beta":false,"boss_relics":[{"not_picked":["Fusion Hammer","Calling Bell"],"picked":"Runic Pyramid"},{"not_picked":["Ring of the Serpent","WristBlade"],"picked":"Pandora\u0027s Box"}],"items_purged_floors":[31,36],"is_endless":false,"potions_floor_spawned":[3,10,11,14,19,22,24,27,37,45],"ascension_level":12}}