{"host":"dth8fvkfiulu86fi","time":1609242463,"event":{"mods":["2.2 Compatiblity","AchievementEnabler","BaseMod","Better Third Choice","Colored Map","Colored Powertips","Minty Spire (QoL Compilation)","Rare Cards Sparkle","StSLib","SuperFastMode","Synergy Search"],"gold_per_floor":[114,114,43,118,193,223,1,16,16,16,16,31,46,61,61,161,161,176,176,6,21,46,46,76,76,76,106,25,40,55,70,70,170,170,185,200,3,28,28,28,43,19,19,19,34,49,5,35,35,35,35],"floor_reached":50,"playtime":1414,"items_purged":[],"score":635,"play_id":"ed35d6fc-1200-466d-b2b7-226845ee417b","local_time":"20201229124743","daily_mods":["Allstar","Red Cards","Night Terrors"],"is_ascension_mode":false,"campfire_choices":[{"floor":10.0,"key":"REST"},{"data":"Mind Blast","floor":15.0,"key":"SMITH"},{"floor":23.0,"key":"REST"},{"floor":25.0,"key":"REST"},{"data":"BattleHymn","floor":32.0,"key":"SMITH"},{"data":"Panache","floor":40,"key":"SMITH"},{"data":"DeceiveReality","floor":44,"key":"SMITH"},{"data":"Judgement","floor":49,"key":"SMITH"}],"circlet_count":0,"master_deck":["Strike_P","Strike_P","Strike_P","Strike_P","Defend_P","Defend_P","Defend_P","Defend_P","Eruption","Vigilance","Mind Blast+1","Trip","Secret Weapon","Anger","Prostrate","Flex","Consecrate","ClearTheMind","Shrug It Off","Power Through","EmptyFist","Shrug It Off","CarveReality+1","Blind+1","Dramatic Entrance+1","EmptyFist+1","Dropkick","EmptyFist+1","Ghostly Armor","Anger","Protect","Perfected Strike+1","Flame Barrier","Iron Wave","Wallop","ClearTheMind+1","BattleHymn+1","Judgement+1","Flex+1","Flex","Mind Blast+1","Panache+1","Feel No Pain","Twin Strike","Havoc+1","DeceiveReality+1","Clothesline","Consecrate","Inflame+1","Perseverance","Consecrate","FlurryOfBlows+1"],"relics":["HolyWater","Pocketwatch","Bag of Marbles","Dream Catcher","Astrolabe","Membership Card","Happy Flower","Damaru","TeardropLocket","Mercury Hourglass","DollysMirror","Gambling Chip","Omamori","Toy Ornithopter"],"acts_visited":["Exordium","TheCity","TheBeyond"],"potions_floor_usage":[38,50],"damage_taken":[{"damage":27.0,"enemies":"Jaw Worm","floor":1.0,"turns":4.0},{"damage":8.0,"enemies":"Lagavulin","floor":6.0,"turns":3.0},{"damage":0.0,"enemies":"2 Louse","floor":8.0,"turns":1.0},{"damage":0.0,"enemies":"Cultist","floor":12.0,"turns":1.0},{"damage":0.0,"enemies":"Large Slime","floor":13.0,"turns":4.0},{"damage":0.0,"enemies":"Exordium Thugs","floor":14.0,"turns":1.0},{"damage":21.0,"enemies":"Slime Boss","floor":16.0,"turns":6.0},{"damage":2.0,"enemies":"Shell Parasite","floor":18.0,"turns":3.0},{"damage":10.0,"enemies":"2 Thieves","floor":21.0,"turns":2.0},{"damage":23.0,"enemies":"Gremlin Leader","floor":24.0,"turns":4.0},{"damage":0.0,"enemies":"Slavers","floor":27.0,"turns":2.0},{"damage":0.0,"enemies":"Centurion and Healer","floor":29.0,"turns":1.0},{"damage":0.0,"enemies":"Shelled Parasite and Fungi","floor":30.0,"turns":2.0},{"damage":0.0,"enemies":"Snake Plant","floor":31.0,"turns":1.0},{"damage":20.0,"enemies":"Champ","floor":33.0,"turns":8.0},{"damage":0.0,"enemies":"3 Shapes","floor":35.0,"turns":2.0},{"damage":0.0,"enemies":"Orb Walker","floor":36.0,"turns":1.0},{"damage":0,"enemies":"2 Orb Walkers","floor":38,"turns":1},{"damage":0,"enemies":"Transient","floor":41,"turns":5},{"damage":3,"enemies":"4 Shapes","floor":45,"turns":2},{"damage":8,"enemies":"3 Darklings","floor":46,"turns":2},{"damage":0,"enemies":"Nemesis","floor":48,"turns":3},{"damage":55,"enemies":"Time Eater","floor":50,"turns":7}],"seed_played":"6838610760785432018","potions_obtained":[{"floor":1.0,"key":"ColorlessPotion"},{"floor":8.0,"key":"Dexterity Potion"},{"floor":13.0,"key":"ColorlessPotion"},{"floor":27.0,"key":"Energy Potion"},{"floor":29.0,"key":"Fire Potion"},{"floor":36.0,"key":"DuplicationPotion"},{"floor":38,"key":"ColorlessPotion"},{"floor":45,"key":"Energy Potion"}],"is_trial":false,"path_per_floor":["M","?","$","?","?","E","$","M","T","R","$","M","M","M","R","B",null,"M","?","$","M","T","R","E","R","T","E","$","M","M","M","R","B",null,"M","M","$","?","?","R","M","$","T","R","M","M","$","E","R","B"],"character_chosen":"WATCHER","items_purchased":["Prostrate","Flex","Bag of Marbles","ClearTheMind","PathToVictory","Membership Card","Dropkick","Flame Barrier","Iron Wave","Wallop","DollysMirror","Panache","Feel No Pain","Twin Strike","Clothesline","Perseverance","Consecrate"],"campfire_rested":3,"item_purchase_floors":[3,3,7,7,7,20,20,28,28,28,37,37,37,37,42,47,47],"current_hp_per_floor":[45,45,45,34,27,19,19,19,19,67,67,67,67,67,67,46,67,65,65,65,55,55,62,39,57,57,57,57,57,57,57,57,37,57,57,57,57,57,57,57,57,57,57,57,54,46,46,46,46,0,0],"gold":35,"neow_bonus":"","is_daily":true,"chose_seed":false,"campfire_upgraded":5,"win_rate":0.0,"timestamp":1609242463,"path_taken":["M","?","$","?","?","E","$","M","T","R","$","M","?","M","R","BOSS","M","?","$","M","?","R","E","R","T","E","$","M","M","M","R","BOSS","M","?","?","?","?","R","M","$","T","R","M","?","$","E","R","BOSS"],"items_purchased_type":["Card","Card","Relic","Card","Card","Relic","Card","Card","Card","Card","Relic","Card","Card","Card","Card","Card","Card"],"build_version":"2020-12-22","purchased_purges":0,"victory":false,"max_hp_per_floor":[72,72,72,72,72,72,72,72,72,67,67,67,67,67,67,67,67,67,67,67,67,67,62,62,57,57,57,57,57,57,57,57,57,57,57,57,57,57,57,57,57,57,57,57,57,57,57,57,57,57,57],"card_choices":[{"not_picked":["FollowUp","SashWhip"],"picked":"Anger","floor":1.0},{"not_picked":["Judgement","Shrug It Off"],"picked":"Consecrate","floor":6.0},{"not_picked":["FlyingSleeves","Rupture","Perseverance"],"picked":"SKIP","floor":8.0},{"not_picked":["Cleave","Sentinel"],"picked":"Shrug It Off","floor":10.0},{"not_picked":["TalkToTheHand","Armaments"],"picked":"Power Through","floor":12.0},{"not_picked":["ForeignInfluence","FollowUp"],"picked":"EmptyFist","floor":13.0},{"not_picked":["EmptyMind","Pray"],"picked":"Shrug It Off","floor":14.0},{"not_picked":["WindmillStrike","PathToVictory"],"picked":"EmptyFist+1","floor":18.0},{"not_picked":["SignatureMove","Iron Wave+1"],"picked":"EmptyFist+1","floor":21.0},{"not_picked":["Heavy Blade","Iron Wave"],"picked":"Ghostly Armor","floor":23.0},{"not_picked":["Hemokinesis","Berserk"],"picked":"Anger","floor":24.0},{"not_picked":["Sword Boomerang","Body Slam"],"picked":"Protect","floor":25.0},{"not_picked":["Evaluate","Fasting2+1"],"picked":"Perfected Strike+1","floor":27.0},{"not_picked":["Halt","Armaments"],"picked":"ClearTheMind+1","floor":29.0},{"not_picked":["Conclude","Juggernaut","Crescendo"],"picked":"SKIP","floor":30.0},{"not_picked":["CrushJoints","Perfected Strike"],"picked":"BattleHymn","floor":31.0},{"not_picked":["Alpha","SpiritShield"],"picked":"Judgement","floor":33.0},{"not_picked":["BowlingBash+1","Prostrate+1"],"picked":"Flex+1","floor":35.0},{"not_picked":["Ghostly Armor","Battle Trance"],"picked":"Flex","floor":36.0},{"not_picked":["Shockwave","Evaluate+1"],"picked":"Havoc+1","floor":38},{"not_picked":["FlyingSleeves","True Grit"],"picked":"DeceiveReality","floor":41},{"not_picked":["Protect","Cleave+1"],"picked":"Consecrate","floor":45},{"not_picked":["FollowUp+1","Body Slam+1"],"picked":"Inflame+1","floor":46},{"not_picked":["Evaluate","Havoc+1"],"picked":"FlurryOfBlows+1","floor":48}],"player_experience":1121350,"relics_obtained":[{"floor":6.0,"key":"Pocketwatch"},{"floor":9.0,"key":"Dream Catcher"},{"floor":22.0,"key":"Happy Flower"},{"floor":24.0,"key":"Damaru"},{"floor":26.0,"key":"TeardropLocket"},{"floor":27.0,"key":"Mercury Hourglass"},{"floor":38,"key":"Gambling Chip"},{"floor":43,"key":"Omamori"},{"floor":48,"key":"Toy Ornithopter"}],"event_choices":[{"damage_healed":0.0,"max_hp_gain":0.0,"max_hp_loss":0.0,"gold_gain":0.0,"event_name":"Golden Wing","player_choice":"Ignored","floor":2.0,"gold_loss":0.0,"damage_taken":0.0},{"damage_healed":0.0,"max_hp_gain":0.0,"max_hp_loss":0.0,"gold_gain":75.0,"event_name":"betterThird:BetterGoop","player_choice":"Gold","floor":4.0,"gold_loss":0.0,"damage_taken":11.0},{"damage_healed":0.0,"max_hp_gain":0.0,"max_hp_loss":0.0,"gold_gain":75.0,"event_name":"FaceTrader","player_choice":"Touch","floor":5.0,"gold_loss":0.0,"damage_taken":7.0},{"damage_healed":0.0,"max_hp_gain":0.0,"max_hp_loss":0.0,"gold_gain":0.0,"event_name":"Cursed Tome","player_choice":"Ignored","floor":19.0,"gold_loss":0.0,"damage_taken":0.0},{"damage_healed":0,"gold_gain":0,"player_choice":"Fight","damage_taken":0,"max_hp_gain":0,"max_hp_loss":0,"event_name":"Mysterious Sphere","floor":38,"gold_loss":0},{"damage_healed":0,"gold_gain":0,"player_choice":"Ignored","damage_taken":0,"max_hp_gain":0,"max_hp_loss":0,"event_name":"Purifier","floor":39,"gold_loss":0}],"is_beta":false,"boss_relics":[{"not_picked":["SlaversCollar","Empty Cage"],"picked":"Astrolabe"},{"not_picked":["Coffee Dripper","Black Star"],"picked":"HolyWater"}],"items_purged_floors":[],"is_endless":false,"potions_floor_spawned":[1,8,13,27,29,30,36,38,45,46],"killed_by":"Time Eater","ascension_level":0}}