{"host":"qwv9nni2x0umspiu","time":1609231163,"event":{"mods":["BaseMod","Downfall","Minty Spire (QoL Compilation)","Replay The Spire","StSLib","The Hierophant","Wandering Minibosses"],"gold_per_floor":[111,129,129,54,54,84,84,95,118,148,164,174,174,189,189,233,233,295,362,362,78,78,78,141,141,210,210,50,40,40],"floor_reached":29,"playtime":1200,"items_purged":["hierophant:Strike_Hierophant","hierophant:Defend_Hierophant"],"score":627,"play_id":"4acad0ad-3308-41bb-8c18-1acda38d767b","local_time":"20201229003923","is_ascension_mode":true,"campfire_choices":[{"data":"hierophant:Exaltation","floor":7.0,"key":"SMITH"},{"floor":13.0,"key":"REST"},{"data":"hierophant:HammerAndAnvil","floor":15.0,"key":"SMITH"},{"data":"hierophant:Upheaval","floor":23.0,"key":"SMITH"},{"floor":25.0,"key":"REST"},{"data":"hierophant:Community","floor":27.0,"key":"SMITH"}],"circlet_count":0,"master_deck":["AscendersBane","hierophant:Strike_Hierophant","hierophant:Strike_Hierophant","hierophant:Strike_Hierophant","hierophant:Punish+1","hierophant:Defend_Hierophant","hierophant:Defend_Hierophant","hierophant:Defend_Hierophant","hierophant:ChurchCoffers+1","hierophant:Smite","hierophant:Exaltation+1","hierophant:Shelter","hierophant:HammerAndAnvil+1","hierophant:HammerAndAnvil","hierophant:BulkyChest+1","hierophant:Upheaval+1","hierophant:Community+1","hierophant:Encroach+1"],"relics":["hierophant:PropheticMaskRelic","NeowsBlessing","Bag of Marbles","Replay:Wax Seal","Pear","Busted Crown","NlothsMask","War Paint","Lee\u0027s Waffle"],"acts_visited":["Exordium","TheCity"],"potions_floor_usage":[],"damage_taken":[{"damage":0.0,"enemies":"Cultist","floor":1.0,"turns":1.0},{"damage":0.0,"enemies":"Small Slimes","floor":2.0,"turns":1.0},{"damage":0.0,"enemies":"3 Sentries","floor":6.0,"turns":1.0},{"damage":0.0,"enemies":"2 Louse","floor":8.0,"turns":1.0},{"damage":27.0,"enemies":"Replay:BlueRogue","floor":10.0,"turns":6.0},{"damage":16.0,"enemies":"Exordium Thugs","floor":11.0,"turns":4.0},{"damage":0.0,"enemies":"2 Fungi Beasts","floor":12.0,"turns":2.0},{"damage":12.0,"enemies":"Exordium Wildlife","floor":14.0,"turns":3.0},{"damage":11.0,"enemies":"Hexaghost","floor":16.0,"turns":7.0},{"damage":33.0,"enemies":"2 Thieves","floor":18.0,"turns":5.0},{"damage":0.0,"enemies":"Chosen","floor":19.0,"turns":1.0},{"damage":53.0,"enemies":"Replay:Snechameleon","floor":24.0,"turns":10.0},{"damage":91,"enemies":"Slavers","floor":29,"turns":8}],"seed_played":"-1760317272211504522","potions_obtained":[{"floor":2.0,"key":"SmokeBomb"},{"floor":8.0,"key":"FairyPotion"},{"floor":10.0,"key":"FairyPotion"},{"floor":16.0,"key":"DuplicationPotion"},{"floor":19.0,"key":"Explosive Potion"}],"is_trial":false,"path_per_floor":["M","M","$","$","?","E","R","M","T","E","M","M","R","M","R","B",null,"M","M","?","$","T","R","E","R","T","R","$","E"],"character_chosen":"HIEROPHANT","items_purchased":["hierophant:Upheaval","hierophant:Community","hierophant:Encroach","Lee\u0027s Waffle"],"campfire_rested":2,"item_purchase_floors":[21,21,21,28],"current_hp_per_floor":[68,68,68,68,45,45,45,45,45,28,12,12,37,25,25,14,67,34,34,34,34,34,34,11,36,36,36,92,1,1],"gold":40,"neow_bonus":"THREE_ENEMY_KILL","is_daily":false,"chose_seed":false,"campfire_upgraded":4,"win_rate":0.0,"timestamp":1609231163,"path_taken":["M","M","?","$","?","E","R","M","T","E","M","M","R","M","R","BOSS","M","M","?","$","?","R","E","R","T","R","$","E"],"items_purchased_type":["Card","Card","Card","Relic"],"build_version":"2020-12-22","purchased_purges":2,"victory":false,"max_hp_per_floor":[75,75,75,75,75,75,75,75,75,85,85,85,85,85,85,85,85,85,85,85,85,85,85,85,85,85,85,92,92,92],"card_choices":[{"not_picked":["hierophant:RustyCrate","hierophant:DisplayOfPower","hierophant:Patience"],"picked":"SKIP","floor":1.0},{"not_picked":["hierophant:Endure","hierophant:Zeal"],"picked":"hierophant:Smite","floor":2.0},{"not_picked":["hierophant:SealAway","hierophant:ThreeLashes"],"picked":"hierophant:Exaltation","floor":6.0},{"not_picked":["hierophant:Smite","hierophant:DisplayOfPower","hierophant:MirrorShield"],"picked":"SKIP","floor":8.0},{"not_picked":["hierophant:Martyrdom","hierophant:AuricForm"],"picked":"hierophant:Shelter","floor":10.0},{"not_picked":["hierophant:MorningPrayer","hierophant:FieryStrike"],"picked":"hierophant:HammerAndAnvil","floor":11.0},{"not_picked":["hierophant:OrnateBuckler","hierophant:RepressedViolence"],"picked":"hierophant:HammerAndAnvil","floor":12.0},{"not_picked":["hierophant:ThreeLashes","hierophant:FieryStrike","hierophant:ConvertCurrency"],"picked":"SKIP","floor":14.0},{"not_picked":["hierophant:DeathKnell","hierophant:Cornucopia"],"picked":"hierophant:BulkyChest","floor":16.0},{"not_picked":["hierophant:DisplayOfPower"],"picked":"SKIP","floor":18.0},{"not_picked":["hierophant:Rebuild+1"],"picked":"SKIP","floor":19.0},{"not_picked":["hierophant:Shelter"],"picked":"SKIP","floor":24.0}],"player_experience":1329195,"relics_obtained":[{"floor":6.0,"key":"Bag of Marbles"},{"floor":9.0,"key":"Replay:Wax Seal"},{"floor":10.0,"key":"Pear"},{"floor":24.0,"key":"War Paint"}],"event_choices":[{"damage_healed":0.0,"max_hp_gain":0.0,"max_hp_loss":0.0,"gold_gain":0.0,"event_name":"Shining Light","player_choice":"Entered Light","floor":5.0,"gold_loss":0.0,"damage_taken":23.0,"cards_upgraded":["hierophant:ChurchCoffers","hierophant:Punish"]},{"damage_healed":0.0,"max_hp_gain":0.0,"max_hp_loss":0.0,"gold_gain":0.0,"event_name":"FaceTrader","player_choice":"Trade","floor":20.0,"gold_loss":0.0,"damage_taken":0.0,"relics_obtained":["NlothsMask"]}],"is_beta":false,"boss_relics":[{"not_picked":["Painkiller Herb","ChewingGum"],"picked":"Busted Crown"}],"items_purged_floors":[4,21],"is_endless":false,"potions_floor_spawned":[2,8,10,11,16,19],"killed_by":"Slavers","ascension_level":20}}