{"host":"61ejhfsushs0xmcl","time":1609240082,"event":{"mods":["ATMod(阿瑾Mod)","Act Like it!","Arknights The Spire","BaseMod","Colored Map","Gensokyo","Gold Saver","Marisa（F雨　魔理沙）","Minty Spire (QoL Compilation)","MostiFishMod","Pale of the Ancients","Spicy Shops","StSLib","TestMod","Waifu the Spire","[地精首领爬塔]The Maniac","残留之物","篝火指南"],"gold_per_floor":[117,517,517,438,453,453,477,457,457,457,488,323,342,19,19,248,248,272,372,385,403,422,556,556,671,720,720,720,720,849,849,83,279,279,295,205,27,66,151,304,304,536,560,596,749,243,243,368,368,493,632,702,702,218,218,354,117,117,117,342],"floor_reached":61,"playtime":2643,"items_purged":["PlaceholderMod:BaseDefend","PlaceholderMod:BaseDefend","PlaceholderMod:PoisonWhip","Bite","Bite","Bite","PlaceholderMod:BaseDefend"],"score":1647,"play_id":"5bc12b74-3d1c-4dca-9759-49c00524b9b4","local_time":"20201229190802","is_ascension_mode":false,"campfire_choices":[{"data":"AT_OneInchPunch","floor":6.0,"key":"SMITH"},{"data":"PlaceholderMod:FastReaction","floor":10.0,"key":"SMITH"},{"data":"PlaceholderMod:CorePoison","floor":15.0,"key":"SMITH"},{"data":"PlaceholderMod:AbsorbTouch","floor":24.0,"key":"SMITH"},{"data":"PlaceholderMod:HornyCollision","floor":28.0,"key":"SMITH"},{"data":"PlaceholderMod:EnergyAbsorb","floor":41.0,"key":"SMITH"},{"data":"PlaceholderMod:MultiReaction","floor":47.0,"key":"SMITH"},{"floor":49.0,"key":"RECALL"},{"data":"PlaceholderMod:Eat","floor":55.0,"key":"SMITH"}],"circlet_count":0,"master_deck":["PlaceholderMod:BaseDefend+1","PlaceholderMod:Crystal","AT_OneInchPunch+1","PlaceholderMod:FastReaction+1","PlaceholderMod:CorePoison+1","PlaceholderMod:MultiReaction+1","PlaceholderMod:ThreeBenzyolStart","PlaceholderMod:AbsorbTouch+1","PlaceholderMod:HornyCollision+1","PlaceholderMod:EnergyAbsorb+1","Bite","Bite+1","PlaceholderMod:Eat+1","MostiFishMod:Culaccino+1","InnerPeace+1","MilkyWay+1"],"relics":["PlaceholderMod:Tancle","testmod-TestBox","AT_ATBox","NeowsBlessing","testmod-Prudence","The Courier","SynthV:TestCard","Bloody Idol","Blue Candle","ats:Originium","testmod-Brilliant","AT_TheCollector","testmod-HeartOfStrike","PlaceholderMod:LiveLive","AT_DeathDance","Pen Nib","Meat on the Bone","Enchiridion","Omamori","AT_Kusabimaru","Bag of Preparation","testmod-Recursion","PrismaticShard","AT_MibuBalloonWealth","testmod-Maize","AT_BladeRuinedKing","AT_ArcaneBoots","HornCleat","DianPoetry","AT_ChloranthyRing","testmod-CrystalShield","paleoftheancients:Timepiece","paleoftheancients:KeyRelic","Oddly Smooth Stone","Coffee Dripper","Gremlin Horn","paleoftheancients:SoulOfTheWatcher","War Paint","PlaceholderMod:SlimeBlood","AT_RedTearstoneRing","Lee\u0027s Waffle","testmod-IntensifyImprint"],"acts_visited":["Exordium","TheCity","TheBeyond","TheBeyond"],"potions_floor_usage":[60,60],"damage_taken":[{"damage":0.0,"enemies":"2 Louse","floor":1.0,"turns":1.0},{"damage":0.0,"enemies":"Small Slimes","floor":5.0,"turns":1.0},{"damage":0.0,"enemies":"Cultist","floor":7.0,"turns":1.0},{"damage":18.0,"enemies":"3 Sentries","floor":11.0,"turns":6.0},{"damage":6.0,"enemies":"Large Slime","floor":13.0,"turns":2.0},{"damage":1.0,"enemies":"The Guardian","floor":16.0,"turns":6.0},{"damage":12.0,"enemies":"2 Thieves","floor":18.0,"turns":4.0},{"damage":0.0,"enemies":"Chosen","floor":20.0,"turns":2.0},{"damage":2.0,"enemies":"Centurion and Healer","floor":21.0,"turns":5.0},{"damage":0.0,"enemies":"3 Cultists","floor":22.0,"turns":1.0},{"damage":14.0,"enemies":"Slavers","floor":23.0,"turns":2.0},{"damage":11.0,"enemies":"Sentry and Sphere","floor":25.0,"turns":4.0},{"damage":0.0,"enemies":"Gremlin Leader","floor":30.0,"turns":1.0},{"damage":27.0,"enemies":"Champ","floor":33.0,"turns":8.0},{"damage":3.0,"enemies":"3 Darklings","floor":35.0,"turns":2.0},{"damage":3.0,"enemies":"Orb Walker","floor":38.0,"turns":2.0},{"damage":7.0,"enemies":"Sphere and 2 Shapes","floor":39.0,"turns":4.0},{"damage":0.0,"enemies":"Nemesis","floor":40.0,"turns":5.0},{"damage":0.0,"enemies":"Reptomancer","floor":42.0,"turns":2.0},{"damage":0.0,"enemies":"Transient","floor":44.0,"turns":5.0},{"damage":5.0,"enemies":"Giant Head","floor":45.0,"turns":4.0},{"damage":0.0,"enemies":"Mind Bloom Boss Battle","floor":48.0,"turns":4.0},{"damage":18.0,"enemies":"Time Eater","floor":50.0,"turns":3.0},{"damage":0.0,"enemies":"Time Eater","floor":51.0,"turns":5.0},{"damage":0.0,"enemies":"Time Eater","floor":52.0,"turns":2.0},{"damage":0,"enemies":"Time Eater","floor":56,"turns":1},{"damage":0,"enemies":"paleoftheancients:N","floor":60,"turns":4}],"seed_played":"-9079115373080002388","potions_obtained":[{"floor":7.0,"key":"Fire Potion"},{"floor":8.0,"key":"AttackPotion"},{"floor":21.0,"key":"Weak Potion"},{"floor":33.0,"key":"Energy Potion"},{"floor":38.0,"key":"Strength Potion"},{"floor":45.0,"key":"PowerPotion"},{"floor":48.0,"key":"SteroidPotion"},{"floor":51.0,"key":"Explosive Potion"}],"is_trial":false,"path_per_floor":["M","?","?","?","M","R","M","?","T","R","E","$","M","$","R","B",null,"M","?","M","M","M","E","R","M","T","?","R","?","E","?","R","B",null,"M","?","$","M","M","E","R","E","T","M","E","$","R","?","R","B","M","M","?","$","R","M","R","T","?","B",null],"character_chosen":"THE_PLACEHOLDER","items_purchased":["AT_TheCollector","PlaceholderMod:ThreeBenzyolStart","testmod-HeartOfStrike","Omamori","AT_Kusabimaru","Bag of Preparation","testmod-SpacePotion","PrismaticShard","AT_MibuBalloonWealth","DianPoetry","testmod-SpacePotion","AT_ChloranthyRing","War Paint","PlaceholderMod:SlimeBlood","AT_RedTearstoneRing","Lee\u0027s Waffle"],"campfire_rested":0,"item_purchase_floors":[12,12,14,32,32,32,32,37,37,46,46,46,54,54,57,57],"current_hp_per_floor":[78,78,59,59,59,59,59,59,59,59,41,41,35,35,35,34,78,66,66,66,64,64,50,50,39,39,39,39,39,49,33,33,44,54,54,54,54,54,54,54,54,54,54,54,54,54,54,54,54,54,54,54,54,54,54,54,61,61,61,61],"gold":342,"neow_bonus":"THREE_ENEMY_KILL","is_daily":false,"chose_seed":false,"campfire_upgraded":8,"win_rate":0.0,"timestamp":1609240082,"path_taken":["M","?","?","?","?","R","M","?","T","R","E","$","?","$","R","BOSS","M","?","?","M","M","E","R","M","T","?","R","?","E","?","R","BOSS","M","?","?","M","M","E","R","E","T","M","E","$","R","?","R","BOSS","M","M","?","$","R","M","R","T","?","BOSS"],"items_purchased_type":["Relic","Card","Relic","Relic","Relic","Relic","Potion","Relic","Relic","Relic","Potion","Relic","Relic","Relic","Relic","Relic"],"build_version":"2020-12-22","purchased_purges":7,"victory":true,"max_hp_per_floor":[78,78,78,78,78,78,78,78,78,78,78,78,78,78,78,78,78,78,78,78,78,78,78,78,78,78,78,78,54,54,54,54,54,54,54,54,54,54,54,54,54,54,54,54,54,54,54,54,54,54,54,54,54,54,54,54,61,61,61,61],"card_choices":[{"not_picked":["PlaceholderMod:HornyBlast","PlaceholderMod:FastReaction","PlaceholderMod:ProliferateStrike"],"picked":"SKIP","floor":1.0},{"not_picked":["PlaceholderMod:HornyBlast","PlaceholderMod:ProliferateStrike"],"picked":"PlaceholderMod:FastReaction","floor":1.0},{"not_picked":["PlaceholderMod:DirectingGroup","PlaceholderMod:HornyBlast","PlaceholderMod:StressReaction","PlaceholderMod:ParasiteChange","PlaceholderMod:ConsolidateHit"],"picked":"SKIP","floor":5.0},{"not_picked":["PlaceholderMod:SprayAttack","PlaceholderMod:HealingAttack","PlaceholderMod:DirectingGroup","PlaceholderMod:ChainPoly"],"picked":"PlaceholderMod:CorePoison","floor":7.0},{"not_picked":["PlaceholderMod:PoisonAbsorb","PlaceholderMod:DirectingGroup","PlaceholderMod:HardStrike","PlaceholderMod:Hard"],"picked":"PlaceholderMod:MultiReaction","floor":11.0},{"not_picked":["PlaceholderMod:DirectingGroup","PlaceholderMod:HardStrike","PlaceholderMod:SpinBlade","PlaceholderMod:PoisonExcitation","PlaceholderMod:Hard"],"picked":"SKIP","floor":13.0},{"not_picked":["PlaceholderMod:Assimilation","PlaceholderMod:FinalSpray","PlaceholderMod:MultiReaction","PlaceholderMod:Eat"],"picked":"PlaceholderMod:AbsorbTouch","floor":16.0},{"not_picked":["PlaceholderMod:ContinueSpray","PlaceholderMod:SeverePoisonStrike","PlaceholderMod:HardStinger","PlaceholderMod:DirectingGroup","PlaceholderMod:PoisonBlast"],"picked":"SKIP","floor":18.0},{"not_picked":["PlaceholderMod:PoisonBlast+1","PlaceholderMod:Sweep","PlaceholderMod:PoisonAbsorb","PlaceholderMod:Internalization","PlaceholderMod:ChainPoly"],"picked":"SKIP","floor":20.0},{"not_picked":["PlaceholderMod:SeverePoisonStrike","PlaceholderMod:PoisonExcitation+1","PlaceholderMod:HardStrike","PlaceholderMod:StrongAcid+1","PlaceholderMod:StressReaction"],"picked":"SKIP","floor":21.0},{"not_picked":["PlaceholderMod:Turn","PlaceholderMod:SprayAttack","PlaceholderMod:SeverePoisonStrike","PlaceholderMod:NearChange","PlaceholderMod:StrongAcid"],"picked":"SKIP","floor":22.0},{"not_picked":["PlaceholderMod:PericyclicReaction","PlaceholderMod:ThreeBenzyolStart","PlaceholderMod:PoisonExcitation","PlaceholderMod:DirectingGroup"],"picked":"PlaceholderMod:HornyCollision","floor":23.0},{"not_picked":["PlaceholderMod:Polyp+1","PlaceholderMod:DirectingGroup","PlaceholderMod:SpinBlade","PlaceholderMod:TriggerStrike"],"picked":"PlaceholderMod:EnergyAbsorb","floor":25.0},{"not_picked":["PlaceholderMod:ConsolidateHit","PlaceholderMod:StrongAcid","PlaceholderMod:Sweep","PlaceholderMod:CorePoison","PlaceholderMod:PoisonBlast"],"picked":"SKIP","floor":30.0},{"not_picked":["PlaceholderMod:AbsorbTouch","PlaceholderMod:QualitativeChange","PlaceholderMod:CorePoison","PlaceholderMod:Assimilation"],"picked":"PlaceholderMod:Eat","floor":33.0},{"not_picked":["PlaceholderMod:AttackAsDefend","PlaceholderMod:DissolvingSpikes","PlaceholderMod:ParasiteChange+1","PlaceholderMod:Colorful+1","PlaceholderMod:HardStinger"],"picked":"SKIP","floor":35.0},{"not_picked":["Masterful Stab+1","AT_BodySlamDance+1","maniac:Confront","FlyingSleeves+1","PlaceholderMod:PoisonAbsorb+1"],"picked":"SKIP","floor":38.0},{"not_picked":["Ball Lightning+1","MostiFishMod:Clarity","maniac:PanickyParry","Barrage+1","PlaceholderMod:Internalization+1"],"picked":"SKIP","floor":39.0},{"not_picked":["ThirdEye","PlaceholderMod:Hyperplasia+1","MostiFishMod:BrandingRite+1","Pommel Strike","BootSequence+1"],"picked":"SKIP","floor":40.0},{"not_picked":["AT_RightCognition","testmod-PocketStoneCalender+1","ats:Flexible Camouflage+1","Dodge and Roll+1"],"picked":"MostiFishMod:Culaccino","floor":42.0},{"not_picked":["Blade Dance+1","Scrape","AT_WarpDrive","Wild Strike+1","Halt"],"picked":"SKIP","floor":44.0},{"not_picked":["Force Field","testmod-TemporaryDeletion+1","Escape Plan","WreathOfFlame","ShootingEcho+1"],"picked":"SKIP","floor":45.0},{"not_picked":["ats:Collapsing Strike","Darkness","Ball Lightning+1","ats:Poison Spread+1"],"picked":"InnerPeace+1","floor":48.0},{"not_picked":["Compile Driver","Enlightenment","Berserk","PlaceholderMod:SeverePoisonStrike+1","DoubleSpark+1"],"picked":"SKIP","floor":51.0},{"not_picked":["DeepEcoloBomb+1","ats:Poison Spread","maniac:ShelteringEdge","CrushJoints"],"picked":"MilkyWay+1","floor":52.0},{"not_picked":["maniac:ShiftingShadows","Outmaneuver","Cold Snap","maniac:FoilArmor+1","ats:Cat Scratch"],"picked":"SKIP","floor":56}],"player_experience":817794,"relics_obtained":[{"floor":1.0,"key":"SynthV:TestCard"},{"floor":11.0,"key":"ats:Originium"},{"floor":11.0,"key":"testmod-Brilliant"},{"floor":23.0,"key":"ats:Originium"},{"floor":23.0,"key":"AT_DeathDance"},{"floor":26.0,"key":"Pen Nib"},{"floor":30.0,"key":"ats:Originium"},{"floor":30.0,"key":"Meat on the Bone"},{"floor":31.0,"key":"Enchiridion"},{"floor":40.0,"key":"testmod-Maize"},{"floor":42.0,"key":"AT_BladeRuinedKing"},{"floor":43.0,"key":"AT_SpeedBoots"},{"floor":45.0,"key":"HornCleat"},{"floor":48.0,"key":"testmod-CrystalShield"},{"floor":51.0,"key":"paleoftheancients:SoulOfTheWatcher"},{"floor":58,"key":"testmod-IntensifyImprint"}],"event_choices":[{"damage_healed":0.0,"max_hp_gain":0.0,"max_hp_loss":0.0,"gold_gain":400.0,"event_name":"恩洛斯的盘子","player_choice":"Sell","floor":2.0,"relics_lost":["DaveBox"],"gold_loss":0.0,"damage_taken":0.0},{"damage_healed":0.0,"max_hp_gain":0.0,"max_hp_loss":0.0,"gold_gain":0.0,"event_name":"Golden Idol","player_choice":"Take Damage","floor":3.0,"gold_loss":0.0,"damage_taken":19.0,"relics_obtained":["Golden Idol"]},{"damage_healed":0.0,"max_hp_gain":0.0,"max_hp_loss":0.0,"gold_gain":0.0,"event_name":"WeMeetAgain","player_choice":"Paid Gold","floor":4.0,"gold_loss":79.0,"damage_taken":0.0,"relics_obtained":["Blue Candle"]},{"damage_healed":0.0,"max_hp_gain":0.0,"max_hp_loss":0.0,"gold_gain":0.0,"event_name":"The Woman in Blue","player_choice":"Bought 1 Potion","floor":8.0,"gold_loss":0.0,"damage_taken":0.0},{"damage_healed":0.0,"max_hp_gain":0.0,"max_hp_loss":0.0,"gold_gain":100.0,"event_name":"Golden Shrine","player_choice":"Pray","floor":19.0,"gold_loss":0.0,"damage_taken":0.0},{"damage_healed":0.0,"max_hp_gain":0.0,"max_hp_loss":0.0,"gold_gain":0.0,"event_name":"Forgotten Altar","player_choice":"Gave Idol","floor":27.0,"relics_lost":["Golden Idol"],"gold_loss":0.0,"damage_taken":0.0,"relics_obtained":["Bloody Idol"]},{"damage_healed":0.0,"max_hp_gain":0.0,"max_hp_loss":24.0,"gold_gain":0.0,"event_name":"Vampires","player_choice":"Became a vampire","floor":29.0,"gold_loss":0.0,"damage_taken":0.0,"cards_obtained":["Bite","Bite","Bite","Bite","Bite"]},{"damage_healed":0.0,"max_hp_gain":0.0,"max_hp_loss":0.0,"gold_gain":0.0,"event_name":"Cursed Tome","player_choice":"Obtained Book","floor":31.0,"gold_loss":0.0,"damage_taken":16.0},{"cards_removed":["PlaceholderMod:BaseDefend"],"damage_healed":0.0,"max_hp_gain":0.0,"max_hp_loss":0.0,"gold_gain":0.0,"event_name":"Designer","player_choice":"Upgrade and Remove","floor":36.0,"gold_loss":90.0,"damage_taken":0.0,"cards_upgraded":["Bite"]},{"damage_healed":0.0,"max_hp_gain":0.0,"max_hp_loss":0.0,"gold_gain":0.0,"event_name":"MindBloom","player_choice":"Fight","floor":48.0,"gold_loss":0.0,"damage_taken":0.0},{"damage_healed":0.0,"max_hp_gain":0.0,"max_hp_loss":0.0,"gold_gain":0.0,"event_name":"给自己的盒子","player_choice":"Ignored","floor":53.0,"gold_loss":0.0,"damage_taken":0.0}],"is_beta":false,"boss_relics":[{"not_picked":["GuanYuAspect","Philosopher\u0027s Stone"],"picked":"PlaceholderMod:LiveLive"},{"not_picked":["FrostBlade","testmod-IncinerationGenerator"],"picked":"testmod-Recursion"}],"items_purged_floors":[12,14,32,32,46,46,54],"is_endless":false,"potions_floor_spawned":[7,13,16,21,23,33,38,45,48,51],"ascension_level":0}}