{"host":"nk1hwk2qadwaubm5","time":1609257137,"event":{"mods":["BaseMod","Hermit","Hubris","Infinite Spire","Marisa????????","Minty Spire (QoL Compilation)","Replay The Spire","StSLib","The Animator","The Cursed","The Jungle","The Servant 0.9.4"],"gold_per_floor":[117,127,127,127,127,159,159,175,175,203,203,218,0,63,63,162,162,180,180,197,215,215,241,241,87,87,100,114,134,145,174,174,275,275,295,341,127,127,127],"floor_reached":38,"playtime":3598,"items_purged":["Strike_B"],"score":488,"play_id":"d7f733e7-ee58-41de-a334-a74a67e7317d","local_time":"20201229165217","is_ascension_mode":true,"campfire_choices":[{"data":"Zap","floor":7.0,"key":"SMITH"},{"floor":15.0,"key":"REST"},{"data":"Heatsinks","floor":24.0,"key":"SMITH"},{"data":"Mirror Shield","floor":32,"key":"SMITH"}],"circlet_count":0,"master_deck":["Strike_B","Strike_B","Defend_B","Defend_B","Defend_B","Defend_B","Zap+1","Dualcast","Biased Cognition+1","Doom and Gloom","Self Repair","Echo Form+1","Buffer+1","Undo","AbeCurse","Heatsinks+1","Turbo","Mirror Shield+1","Hologram+1","Static Discharge+1","Capacitor","Defragment+1","Defragment","Buffer","Defragment","Force Field"],"relics":["Cracked Core","hubris:Icosahedron","hubris:Towel","Replay:Baseball","Gremlin Horn","Eternal Feather","Prayer Wheel","Guide Book","Abe\u0027s Treasure","Snack Pack","White Beast Statue","infinitespire:Broken Mirror","hubris:Stopwatch","Replay:Towering Pillar of Hats","ClockworkSouvenir"],"acts_visited":["Exordium","TheCity","TheBeyond"],"potions_floor_usage":[30,33,33,35,36],"damage_taken":[{"damage":1.0,"enemies":"Cultist","floor":1.0,"turns":3.0},{"damage":0.0,"enemies":"2 Louse","floor":2.0,"turns":2.0},{"damage":49.0,"enemies":"Lagavulin","floor":6.0,"turns":7.0},{"damage":12.0,"enemies":"Jaw Worm","floor":8.0,"turns":2.0},{"damage":1.0,"enemies":"Replay:BlueRogue","floor":10.0,"turns":4.0},{"damage":5.0,"enemies":"Large Slime","floor":12.0,"turns":5.0},{"damage":2.0,"enemies":"Fading Forest","floor":16.0,"turns":11.0},{"damage":0.0,"enemies":"3 Byrds","floor":18.0,"turns":3.0},{"damage":7.0,"enemies":"Chosen","floor":20.0,"turns":5.0},{"damage":14.0,"enemies":"Centurion and Healer","floor":21.0,"turns":5.0},{"damage":28.0,"enemies":"Replay:Snechameleon","floor":23.0,"turns":7.0},{"damage":8.0,"enemies":"Snake Plant","floor":27.0,"turns":5.0},{"damage":17.0,"enemies":"Cultist and Chosen","floor":28.0,"turns":8.0},{"damage":4,"enemies":"Shelled Parasite and Fungi","floor":29,"turns":6},{"damage":12,"enemies":"Chosen and Byrds","floor":30,"turns":7},{"damage":25,"enemies":"Book of Stabbing","floor":31,"turns":5},{"damage":58,"enemies":"Automaton","floor":33,"turns":8},{"damage":36,"enemies":"3 Darklings","floor":35,"turns":4},{"damage":40,"enemies":"2 Orb Walkers","floor":36,"turns":6},{"damage":0,"enemies":"Orin","floor":38,"turns":10}],"seed_played":"5182279656284927151","potions_obtained":[{"floor":10.0,"key":"SpeedPotion"},{"floor":12.0,"key":"SkillPotion"},{"floor":14.0,"key":"SkillPotion"},{"floor":14.0,"key":"LiquidMemories"},{"floor":20.0,"key":"Regen Potion"},{"floor":27.0,"key":"SteroidPotion"},{"floor":30,"key":"Cursed Concoction"},{"floor":31,"key":"Strength Potion"},{"floor":33,"key":"DuplicationPotion"},{"floor":35,"key":"Weak Potion"},{"floor":36,"key":"Swift Potion"}],"is_trial":false,"path_per_floor":["M","M","?","?","?","E","R","M","T","E","?","M","$","?","R","B",null,"M","?","M","M","?","E","R","$","T","M","M","M","M","E","R","B",null,"M","?","$","?"],"character_chosen":"DEFECT","items_purchased":["Guide Book","Mirror Shield","ClockworkSouvenir","Force Field"],"campfire_rested":1,"item_purchase_floors":[13,25,37,37],"current_hp_per_floor":[74,74,74,74,79,30,30,18,18,24,24,26,26,6,39,44,80,80,80,80,80,80,66,75,75,75,74,64,67,67,49,61,10,80,51,25,25,25,25],"gold":127,"neow_bonus":"ONE_RANDOM_RARE_CARD","is_daily":false,"chose_seed":false,"campfire_upgraded":3,"win_rate":0.0,"timestamp":1609257137,"path_taken":["M","M","?","?","?","E","R","M","T","E","?","?","$","?","R","BOSS","M","?","M","?","?","E","R","$","T","M","M","M","M","E","R","BOSS","M","?","$","?"],"items_purchased_type":["Relic","Card","Relic","Card"],"build_version":"2020-12-22","purchased_purges":1,"victory":false,"max_hp_per_floor":[75,75,75,75,80,80,80,80,80,80,80,80,80,80,80,80,80,80,80,80,80,80,80,80,80,80,80,80,80,80,80,80,80,80,80,80,80,80,80],"card_choices":[{"not_picked":["ReplayTheSpireMod:System Scan","Redo"],"picked":"Doom and Gloom","floor":1.0},{"not_picked":["Gash","Panic Button","Time Bomb"],"picked":"SKIP","floor":2.0},{"not_picked":["BasicCrystalCard","Barrage","Compile Driver"],"picked":"SKIP","floor":6.0},{"not_picked":["Cold Snap","Consume"],"picked":"Self Repair","floor":8.0},{"not_picked":["Go for the Eyes","FTL"],"picked":"ReplayTheSpireMod:Fabricate Wheel","floor":10.0},{"not_picked":["Panic Button","Conserve Battery"],"picked":"Buffer","floor":12.0},{"not_picked":["Rip and Tear","Lockon","Double Energy"],"picked":"SKIP","floor":12.0},{"not_picked":["Scrape","Hologram"],"picked":"Undo","floor":14.0},{"not_picked":["Streamline+1","Gash","Barrage"],"picked":"SKIP","floor":18.0},{"not_picked":["Compile Driver","Reprogram+1","Sweeping Beam"],"picked":"SKIP","floor":18.0},{"not_picked":["Go for the Eyes","BootSequence+1"],"picked":"Heatsinks","floor":20.0},{"not_picked":["BootSequence","Aggregate","Gash"],"picked":"SKIP","floor":20.0},{"not_picked":["Meteor Strike","Doom and Gloom","Redo"],"picked":"SKIP","floor":21.0},{"not_picked":["Sweeping Beam","Coolheaded","Streamline"],"picked":"SKIP","floor":21.0},{"not_picked":["Aggregate","Panic Button"],"picked":"Turbo","floor":23.0},{"not_picked":["Coolheaded+1","Scrape","Panic Button"],"picked":"SKIP","floor":27.0},{"not_picked":["hubris:PowerSurge+1","Beam Cell","Streamline"],"picked":"SKIP","floor":27.0},{"not_picked":["Rebound","BasicCrystalCard"],"picked":"Hologram+1","floor":28},{"not_picked":["Sweeping Beam","Gash+1","Undo"],"picked":"SKIP","floor":28},{"not_picked":["Compile Driver","ReplayTheSpireMod:Reroute Power+1"],"picked":"Static Discharge+1","floor":29},{"not_picked":["Ball Lightning+1","Cold Snap","Leap"],"picked":"SKIP","floor":29},{"not_picked":["Steam","Leap+1"],"picked":"Capacitor","floor":30},{"not_picked":["Heatsinks","Steam"],"picked":"Defragment+1","floor":30},{"not_picked":["Stack+1","Scrape"],"picked":"Defragment","floor":31},{"not_picked":["Reboot","All For One"],"picked":"Buffer","floor":33},{"not_picked":["Conserve Battery+1","Double Energy"],"picked":"Defragment","floor":35},{"not_picked":["Leap","Fission","Stack+1"],"picked":"SKIP","floor":35}],"player_experience":317887,"relics_obtained":[{"floor":6.0,"key":"Replay:Baseball"},{"floor":9.0,"key":"Gremlin Horn"},{"floor":10.0,"key":"Eternal Feather"},{"floor":23.0,"key":"Snack Pack"},{"floor":26.0,"key":"White Beast Statue"},{"floor":31,"key":"infinitespire:Broken Mirror"},{"floor":36,"key":"Replay:Towering Pillar of Hats"}],"event_choices":[{"damage_healed":0.0,"max_hp_gain":5.0,"max_hp_loss":0.0,"gold_gain":0.0,"event_name":"Big Fish","player_choice":"Donut","floor":5.0,"gold_loss":0.0,"damage_taken":0.0},{"damage_healed":0.0,"max_hp_gain":0.0,"max_hp_loss":0.0,"gold_gain":0.0,"event_name":"Upgrade Shrine","player_choice":"Upgraded","floor":11.0,"gold_loss":0.0,"damage_taken":0.0,"cards_upgraded":["ReplayTheSpireMod:Fabricate Wheel"]},{"cards_removed":["Strike_B"],"damage_healed":0.0,"max_hp_gain":0.0,"max_hp_loss":0.0,"gold_gain":0.0,"event_name":"Bonfire Elementals","player_choice":"Offered Basic","floor":19.0,"gold_loss":0.0,"damage_taken":0.0},{"damage_healed":0.0,"max_hp_gain":0.0,"max_hp_loss":0.0,"gold_gain":0.0,"event_name":"Upgrade Shrine","player_choice":"Upgraded","floor":22.0,"gold_loss":0.0,"damage_taken":0.0,"cards_upgraded":["Buffer"]},{"damage_healed":0,"gold_gain":0,"player_choice":"Fight","damage_taken":0,"max_hp_gain":0,"max_hp_loss":0,"event_name":"Mysterious Sphere","floor":36,"gold_loss":0},{"damage_healed":0,"gold_gain":0,"player_choice":"Fight","damage_taken":0,"max_hp_gain":0,"max_hp_loss":0,"event_name":"OrinTheCat","floor":38,"gold_loss":0}],"is_beta":false,"boss_relics":[{"not_picked":["Inserter","Empty Cage"],"picked":"Abe\u0027s Treasure"},{"not_picked":["hubris:BlackHole","hubris:CrackedHourglass"],"picked":"hubris:Stopwatch"}],"items_purged_floors":[13],"is_endless":false,"potions_floor_spawned":[10,12,16,20,27,28,29,30,31,33,35,36],"killed_by":"Orin","ascension_level":3}}