{"host":"uonldg9uriwfhjjx","time":1609247163,"event":{"mods":["AchievementEnabler","BaseMod","Minty Spire (QoL Compilation)","Relic Stats"],"gold_per_floor":[113,113,131,131,131,160,46,46,46,60,60,85,113,132,132,211,211,226,226,58,58,108,108,142,142,142,169,184,60,74,85,85,158,158,174,188,188,34,34,34,51,61,61,80,80,95,127,127,127,127,127],"floor_reached":50,"playtime":2076,"items_purged":["Strike_R"],"score":994,"play_id":"ee519885-b2f4-4e3e-be03-6393cc81a73e","local_time":"20201229080603","is_ascension_mode":true,"campfire_choices":[{"data":"Pommel Strike","floor":8.0,"key":"SMITH"},{"data":"Inflame","floor":11.0,"key":"SMITH"},{"data":"Purity","floor":15.0,"key":"SMITH"},{"floor":23.0,"key":"REST"},{"floor":25.0,"key":"REST"},{"data":"Flex","floor":32,"key":"SMITH"},{"data":"Armaments","floor":40,"key":"SMITH"},{"data":"Demon Form","floor":49,"key":"SMITH"}],"circlet_count":0,"master_deck":["AscendersBane","Strike_R","Defend_R","Bash+1","Twin Strike+1","Inflame+1","Pommel Strike+1","Purity+1","Thunderclap","Inflame+1","Cleave+1","Demon Form+1","Havoc+1","True Grit+1","Seeing Red+1","Heavy Blade+1","Pummel+1","Enlightenment","Flex+1","Pummel+1","Feel No Pain","Twin Strike+1","Spot Weakness","Metallicize","Wild Strike+1","Feel No Pain","Power Through","Armaments+1","Intimidate","Burning Pact","Corruption","Sentinel"],"relics":["Burning Blood","NeowsBlessing","Bottled Tornado","Molten Egg 2","MealTicket","Centennial Puzzle","Astrolabe","Nilry\u0027s Codex","Blood Vial","Prayer Wheel","Bag of Marbles","Philosopher\u0027s Stone","Happy Flower","Incense Burner","Dream Catcher"],"acts_visited":["TheCity","TheBeyond"],"potions_floor_usage":[28,33,50,50],"damage_taken":[{"damage":0.0,"enemies":"Cultist","floor":1.0,"turns":1.0},{"damage":0.0,"enemies":"2 Louse","floor":3.0,"turns":1.0},{"damage":0.0,"enemies":"Gremlin Nob","floor":6.0,"turns":1.0},{"damage":0.0,"enemies":"Small Slimes","floor":10.0,"turns":3.0},{"damage":25.0,"enemies":"3 Sentries","floor":13.0,"turns":5.0},{"damage":6.0,"enemies":"Looter","floor":14.0,"turns":2.0},{"damage":38.0,"enemies":"Slime Boss","floor":16.0,"turns":5.0},{"damage":1.0,"enemies":"3 Byrds","floor":18.0,"turns":2.0},{"damage":37.0,"enemies":"Slavers","floor":24.0,"turns":3.0},{"damage":24.0,"enemies":"Book of Stabbing","floor":27.0,"turns":2.0},{"damage":0,"enemies":"2 Thieves","floor":28,"turns":1},{"damage":0,"enemies":"Snecko","floor":30,"turns":2},{"damage":12,"enemies":"Chosen and Byrds","floor":31,"turns":3},{"damage":60,"enemies":"Champ","floor":33,"turns":7},{"damage":7,"enemies":"3 Darklings","floor":35,"turns":4},{"damage":53,"enemies":"3 Shapes","floor":36,"turns":9},{"damage":7,"enemies":"Jaw Worm Horde","floor":41,"turns":2},{"damage":8,"enemies":"4 Shapes","floor":42,"turns":8},{"damage":17,"enemies":"Sphere and 2 Shapes","floor":44,"turns":6},{"damage":1,"enemies":"Maw","floor":46,"turns":8},{"damage":26,"enemies":"Giant Head","floor":47,"turns":6},{"damage":89,"enemies":"Awakened One","floor":50,"turns":9}],"seed_played":"1156319588987576735","potions_obtained":[{"floor":3.0,"key":"ColorlessPotion"},{"floor":10.0,"key":"LiquidMemories"},{"floor":13.0,"key":"SteroidPotion"},{"floor":24.0,"key":"LiquidMemories"},{"floor":27.0,"key":"DuplicationPotion"},{"floor":30,"key":"Fire Potion"},{"floor":35,"key":"ElixirPotion"}],"is_trial":false,"path_per_floor":["M","?","M","?","?","E","$","R","T","M","R","T","E","M","R","B",null,"M","?","$","?","?","R","E","R","T","E","M","$","M","M","R","B",null,"M","M","?","$","?","R","M","M","T","M","?","M","E","?","R","B"],"character_chosen":"IRONCLAD","items_purchased":["Purity","Thunderclap","Pummel+1","Enlightenment","Twin Strike+1","Happy Flower"],"campfire_rested":2,"item_purchase_floors":[7,7,20,20,29,38],"current_hp_per_floor":[74,67,73,50,50,56,56,56,56,62,62,62,43,43,43,11,59,64,43,58,37,37,61,30,54,54,38,46,61,69,65,65,13,63,64,19,19,34,34,34,35,35,35,26,26,33,15,80,80,0,0],"gold":127,"neow_bonus":"THREE_ENEMY_KILL","is_daily":false,"chose_seed":false,"campfire_upgraded":6,"win_rate":0.0,"timestamp":1609247163,"path_taken":["M","?","M","?","?","E","$","R","T","M","R","?","E","?","R","BOSS","M","?","$","?","?","R","E","R","T","E","M","$","M","M","R","BOSS","M","M","?","$","?","R","?","M","T","M","?","M","E","?","R","BOSS"],"items_purchased_type":["Card","Card","Card","Card","Card","Relic"],"build_version":"2020-12-22","purchased_purges":1,"victory":false,"max_hp_per_floor":[75,75,75,75,75,75,75,75,75,75,75,75,75,75,75,75,75,75,80,80,80,80,80,80,80,80,80,80,80,80,80,80,80,80,80,80,80,80,80,80,80,80,80,80,80,80,80,80,80,80,80],"relic_stats":{"Blood Vial":24,"Centennial Puzzle":[45],"Dream Catcher":0,"Happy Flower":[13],"counters":[22,90],"Astrolabe":["Havoc","True Grit","Seeing Red"],"MealTicket":45,"Prayer Wheel":9,"obtain_stats":[{"NeowsBlessing":0,"Happy Flower":38,"Nilry\u0027s Codex":21,"Astrolabe":17,"Incense Burner":43,"Bottled Tornado":6,"Burning Blood":0,"Blood Vial":24,"Centennial Puzzle":13,"Dream Catcher":47,"Molten Egg 2":9,"MealTicket":12,"Prayer Wheel":26,"Philosopher\u0027s Stone":34,"Bag of Marbles":27},{"NeowsBlessing":0,"Happy Flower":16,"Nilry\u0027s Codex":8,"Astrolabe":7,"Incense Burner":18,"Bottled Tornado":3,"Burning Blood":0,"Blood Vial":9,"Centennial Puzzle":5,"Dream Catcher":21,"Molten Egg 2":3,"MealTicket":4,"Prayer Wheel":9,"Philosopher\u0027s Stone":14,"Bag of Marbles":10},{"NeowsBlessing":0,"Happy Flower":51,"Nilry\u0027s Codex":20,"Astrolabe":18,"Incense Burner":61,"Bottled Tornado":3,"Burning Blood":0,"Blood Vial":23,"Centennial Puzzle":11,"Dream Catcher":81,"Molten Egg 2":3,"MealTicket":6,"Prayer Wheel":23,"Philosopher\u0027s Stone":38,"Bag of Marbles":25}],"Burning Blood":126},"card_choices":[{"not_picked":["Clash","Cleave"],"picked":"Twin Strike","floor":1.0},{"not_picked":["Bloodletting","Shrug It Off"],"picked":"Inflame","floor":3.0},{"not_picked":["Combust","Rage"],"picked":"Pommel Strike","floor":6.0},{"not_picked":["Pommel Strike+1","Thunderclap+1"],"picked":"Inflame","floor":10.0},{"not_picked":["Shockwave","Bludgeon+1","Corruption"],"picked":"SKIP","floor":13.0},{"not_picked":["Metallicize","Anger+1"],"picked":"Cleave+1","floor":14.0},{"not_picked":["Double Tap","Reaper+1"],"picked":"Demon Form","floor":16.0},{"not_picked":["Warcry","Perfected Strike+1"],"picked":"Heavy Blade+1","floor":18.0},{"not_picked":["Thunderclap+1","Perfected Strike+1"],"picked":"Flex","floor":24.0},{"not_picked":["Armaments","Berserk","Pummel+1"],"picked":"SKIP","floor":27.0},{"not_picked":["Bloodletting+1","True Grit"],"picked":"Pummel+1","floor":28},{"not_picked":["Rage","Pommel Strike+1"],"picked":"Feel No Pain","floor":28},{"not_picked":["Fire Breathing","Cleave+1"],"picked":"Spot Weakness","floor":30},{"not_picked":["Burning Pact","Headbutt+1","Heavy Blade+1"],"picked":"SKIP","floor":30},{"not_picked":["Juggernaut","Armaments"],"picked":"Metallicize","floor":31},{"not_picked":["Uppercut+1","Burning Pact"],"picked":"Wild Strike+1","floor":31},{"not_picked":["Blood for Blood+1","Dark Embrace"],"picked":"Feel No Pain","floor":35},{"not_picked":["Thunderclap+1","Warcry+1","Entrench"],"picked":"SKIP","floor":35},{"not_picked":["Rage","Clothesline+1"],"picked":"Power Through","floor":36},{"not_picked":["Clash+1","Clothesline+1"],"picked":"Armaments","floor":36},{"not_picked":["Body Slam+1","Havoc"],"picked":"Intimidate","floor":41},{"not_picked":["Pommel Strike+1","Anger+1","Whirlwind+1"],"picked":"SKIP","floor":41},{"not_picked":["Shrug It Off+1","Sever Soul+1"],"picked":"Burning Pact","floor":42},{"not_picked":["Clash+1","Shrug It Off+1"],"picked":"Corruption","floor":42},{"not_picked":["Iron Wave+1","Combust"],"picked":"Sentinel","floor":44},{"not_picked":["Shrug It Off","Cleave+1","Uppercut+1"],"picked":"SKIP","floor":44},{"not_picked":["Hemokinesis+1","Headbutt+1","Rage"],"picked":"SKIP","floor":46},{"not_picked":["Cleave+1","Evolve","Metallicize+1"],"picked":"SKIP","floor":46},{"not_picked":["Body Slam+1","Perfected Strike+1","Warcry"],"picked":"SKIP","floor":47}],"player_experience":654939,"relics_obtained":[{"floor":6.0,"key":"Bottled Tornado"},{"floor":9.0,"key":"Molten Egg 2"},{"floor":12.0,"key":"MealTicket"},{"floor":13.0,"key":"Centennial Puzzle"},{"floor":21.0,"key":"Nilry\u0027s Codex"},{"floor":24.0,"key":"Blood Vial"},{"floor":26.0,"key":"Prayer Wheel"},{"floor":27.0,"key":"Bag of Marbles"},{"floor":43,"key":"Incense Burner"},{"floor":47,"key":"Dream Catcher"}],"event_choices":[{"cards_removed":["Strike_R"],"damage_healed":0.0,"max_hp_gain":0.0,"max_hp_loss":0.0,"gold_gain":0.0,"event_name":"Golden Wing","player_choice":"Card Removal","floor":2.0,"gold_loss":0.0,"damage_taken":7.0},{"damage_healed":0.0,"max_hp_gain":0.0,"max_hp_loss":0.0,"gold_gain":0.0,"event_name":"Shining Light","player_choice":"Entered Light","floor":4.0,"gold_loss":0.0,"damage_taken":23.0,"cards_upgraded":["Bash","Twin Strike"]},{"damage_healed":0.0,"max_hp_gain":0.0,"max_hp_loss":0.0,"gold_gain":0.0,"event_name":"Living Wall","player_choice":"Grow","floor":5.0,"gold_loss":0.0,"damage_taken":0.0,"cards_upgraded":["Inflame"]},{"damage_healed":0.0,"max_hp_gain":5.0,"max_hp_loss":0.0,"gold_gain":0.0,"event_name":"Forgotten Altar","player_choice":"Shed Blood","floor":19.0,"gold_loss":0.0,"damage_taken":26.0},{"damage_healed":0.0,"max_hp_gain":0.0,"max_hp_loss":0.0,"gold_gain":0.0,"event_name":"Cursed Tome","player_choice":"Obtained Book","floor":21.0,"gold_loss":0.0,"damage_taken":21.0},{"damage_healed":0.0,"max_hp_gain":0.0,"max_hp_loss":0.0,"gold_gain":50.0,"event_name":"Nest","player_choice":"Stole From Cult","floor":22.0,"gold_loss":0.0,"damage_taken":0.0},{"damage_healed":0,"gold_gain":0,"player_choice":"Ignored","damage_taken":0,"max_hp_gain":0,"max_hp_loss":0,"event_name":"The Moai Head","floor":37,"gold_loss":0},{"cards_removed":["Strike_R"],"damage_healed":0,"gold_gain":0,"player_choice":"Purged","damage_taken":0,"max_hp_gain":0,"max_hp_loss":0,"event_name":"Purifier","floor":39,"gold_loss":0},{"cards_removed":["Defend_R"],"damage_healed":0,"gold_gain":0,"player_choice":"Removed Skill","damage_taken":0,"max_hp_gain":0,"max_hp_loss":0,"event_name":"Falling","floor":45,"gold_loss":0},{"damage_healed":65,"gold_gain":0,"player_choice":"Full Heal","damage_taken":0,"max_hp_gain":0,"max_hp_loss":0,"event_name":"Wheel of Change","floor":48,"gold_loss":0}],"is_beta":false,"boss_relics":[{"not_picked":["Cursed Key","Velvet Choker"],"picked":"Astrolabe"},{"not_picked":["SacredBark","Runic Dome"],"picked":"Philosopher\u0027s Stone"}],"items_purged_floors":[29],"is_endless":false,"potions_floor_spawned":[3,10,13,24,27,30,35,36,44],"killed_by":"Awakened One","ascension_level":15}}