{"host":"whloki2o3dp1b07n","time":1609237644,"event":{"mods":["Abigail Mod","Act Like it!","Arknights The Spire","BaseMod","Better Synergies","Block Reminder","CapriCore","Colored Map","Colored Powertips","DNKmod","Evolution","Friendly Minions","GifTheSpireLib","GungeonMod","HexUI Lib","Koishi","Marked Mod","Minty Spire (QoL Compilation)","StSLib","Swap Starting Deck Mod","The Bug Knight","The Caster","The Marked","Transform Curses"],"gold_per_floor":[113,113,0,13,13,13,38,52,52,64,64,77,88,100,100,199,249,266,276,42,55,67,67,86,101,101,101,101,114,214,234,234,338,338,352,10,10,310,19,19,49,59,84,44,3,3,22,22,22,22],"floor_reached":51,"playtime":3268,"items_purged":["Pain"],"score":731,"play_id":"e25d48f8-5eea-46f4-90b3-70e791de2f69","local_time":"20201229052724","is_ascension_mode":false,"campfire_choices":[{"data":"ats:Part Time Job","floor":6,"key":"SMITH"},{"data":"ats:Burning Ground","floor":11,"key":"SMITH"},{"data":"ats:Assault Order","floor":15,"key":"SMITH"},{"floor":23,"key":"REST"},{"floor":27,"key":"REST"},{"floor":32,"key":"REST"},{"floor":40,"key":"REST"},{"floor":46,"key":"REST"},{"floor":49,"key":"DIG"}],"circlet_count":0,"master_deck":["ats:Strike C+1","ats:Strike G+1","ats:Strike S+1","ats:Strike V+1","ats:Armor Crushing Shot","ats:Defend+1","ats:Defend+1","ats:Defend+1","ats:Defend+1","ats:Emotion Absorption","ats:Part Time Job+1","ats:Mental Burst","ats:Curse Doll","ats:Volcano","ats:Burning Ground+1","ats:Assault Order+1","ats:Poison Spread","ats:Shell Defense","ats:True Silver Slash","ats:Magnetic Hammer","ats:Consecutive Shot Auto","ats:Ignite+1","ats:Apocalypse","ats:Hammer On","ats:Revitalization","ats:Automatic Cover+1","ats:Revitalization","ats:Explosion Area Strengthen+1","ats:Rapid Magazine","ats:Burning Ground","ats:Disruption Kick","ats:Blood Oath","ats:Part Time Job","ats:Poison Spread","ats:Flame Of Heaven","ats:Sword Rain","ats:Powerful Strike+1","ats:Composite Medical Shells+1","ats:Part Time Job","Parasite","ats:Explosion Area Strengthen"],"relics":["ats:Sanity","EVO:Axolotl","WarpedTongs","DemoMod:PinkGuonStone","ats:Originium","Blood Vial","DemoMod:MemoryAlloy","Tiny House","Orichalcum","ats:Ability Aura","Fusion Hammer","Gremlin Horn","ats:MaxSp1","ats:Originium","Shovel","Juzu Bracelet","Toy Ornithopter"],"acts_visited":["Exordium","TheCity","TheBeyond"],"potions_floor_usage":[16,16,18,33,33,33,50,50],"damage_taken":[{"damage":10,"enemies":"Jaw Worm","floor":1,"turns":5},{"damage":5,"enemies":"Cultist","floor":4,"turns":5},{"damage":13,"enemies":"3 Sentries","floor":7,"turns":7},{"damage":0,"enemies":"2 Louse","floor":8,"turns":2},{"damage":7,"enemies":"Lots of Slimes","floor":10,"turns":2},{"damage":5,"enemies":"Looter","floor":12,"turns":4},{"damage":7,"enemies":"2 Fungi Beasts","floor":13,"turns":3},{"damage":10,"enemies":"Red Slaver","floor":14,"turns":2},{"damage":34,"enemies":"Hexaghost","floor":16,"turns":7},{"damage":30,"enemies":"2 Thieves","floor":18,"turns":3},{"damage":14,"enemies":"Chosen","floor":19,"turns":6},{"damage":31,"enemies":"Shelled Parasite and Fungi","floor":21,"turns":7},{"damage":32,"enemies":"Snake Plant","floor":22,"turns":6},{"damage":43,"enemies":"Chosen and Byrds","floor":24,"turns":9},{"damage":24,"enemies":"Centurion and Healer","floor":25,"turns":8},{"damage":20,"enemies":"Snake Plant","floor":29,"turns":5},{"damage":61,"enemies":"Sentry and Sphere","floor":31,"turns":9},{"damage":100,"enemies":"Collector","floor":33,"turns":10},{"damage":2,"enemies":"Orb Walker","floor":35,"turns":4},{"damage":62,"enemies":"Nemesis","floor":41,"turns":6},{"damage":1,"enemies":"3 Shapes","floor":42,"turns":2},{"damage":47,"enemies":"Writhing Mass","floor":47,"turns":9},{"damage":137,"enemies":"Awakened One","floor":50,"turns":15}],"seed_played":"7537704386857173594","potions_obtained":[{"floor":8,"key":"Strength Potion"},{"floor":12,"key":"Strength Potion"},{"floor":13,"key":"ats:Emergency Sanity Potion"},{"floor":16,"key":"Fire Potion"},{"floor":17,"key":"Strength Potion"},{"floor":24,"key":"SpeedPotion"},{"floor":33,"key":"Dexterity Potion"},{"floor":42,"key":"ats:Top Emergency Sanity Potion"}],"is_trial":false,"path_per_floor":["M","?","$","M","?","R","E","M","T","M","R","M","M","M","R","B",null,"M","M","$","M","M","R","M","M","T","R","?","M","?","M","R","B",null,"M","$","?","?","$","R","E","M","T","?","$","R","M","$","R","B",null],"character_chosen":"DOCTOR_CLASS","items_purchased":["ats:Part Time Job","ats:Apocalypse","Orichalcum","ats:Hammer On","Gremlin Horn","ats:Part Time Job","ats:Poison Spread","ats:MaxSp1","ats:Flame Of Heaven","ats:Sword Rain","ats:Part Time Job"],"campfire_rested":5,"item_purchase_floors":[3,20,20,20,36,36,36,39,39,39,45],"current_hp_per_floor":[69,69,69,75,82,82,79,81,81,76,76,77,75,67,67,84,91,64,57,57,45,32,59,47,53,53,80,80,69,69,37,64,45,91,91,91,91,91,91,91,55,56,56,56,56,83,75,75,75,70],"gold":22,"neow_bonus":"TEN_PERCENT_HP_BONUS","is_daily":false,"chose_seed":false,"campfire_upgraded":3,"win_rate":0.0,"timestamp":1609237644,"path_taken":["M","?","?","M","?","R","E","M","T","M","R","M","M","?","R","BOSS","M","M","$","M","M","R","M","M","T","R","?","M","?","M","R","BOSS","M","$","?","?","$","R","E","?","T","?","?","R","M","?","R","BOSS"],"items_purchased_type":["Card","Card","Relic","Card","Relic","Card","Card","Relic","Card","Card","Card"],"build_version":"2020-12-22","purchased_purges":1,"victory":true,"max_hp_per_floor":[79,79,79,79,86,86,86,86,86,86,86,86,86,86,86,86,91,91,91,91,91,91,91,91,91,91,91,91,91,91,91,91,91,91,91,91,91,91,91,91,91,91,91,91,91,91,91,91,91,91],"card_choices":[{"not_picked":["ats:Cat Scratch","ats:Soul Absorption"],"picked":"ats:Revitalization","floor":1},{"not_picked":["ats:Consecutive Shot Auto","ats:Part Time Job"],"picked":"ats:Mental Burst","floor":4},{"not_picked":["ats:Powerful Strike","ats:Flexible Camouflage"],"picked":"ats:Curse Doll","floor":7},{"not_picked":["ats:Apocalypse","ats:Poison Spread"],"picked":"ats:Volcano","floor":8},{"not_picked":["ats:Assault Order","ats:Ignite"],"picked":"ats:Burning Ground","floor":10},{"not_picked":["ats:Durian","ats:Childhood Dance"],"picked":"ats:Assault Order","floor":12},{"not_picked":["ats:Leaping Hammer","ats:Curse Doll"],"picked":"ats:Poison Spread","floor":13},{"not_picked":["ats:Curse Doll","ats:Leaping Hammer"],"picked":"ats:Shell Defense","floor":14},{"not_picked":["ats:Roar Of Ursus","ats:Fractured Body"],"picked":"ats:True Silver Slash","floor":16},{"not_picked":["ats:Soul Absorption","ats:Shell Defense"],"picked":"ats:Magnetic Hammer","floor":17},{"not_picked":["ats:Poison Spread","ats:Mental Burst"],"picked":"ats:Consecutive Shot Auto","floor":18},{"not_picked":["ats:Childhood Dance","ats:Assault Order+1"],"picked":"ats:Ignite+1","floor":19},{"not_picked":["ats:LN2 Cannon","ats:Hammer On"],"picked":"ats:Revitalization","floor":21},{"not_picked":["ats:Hammer On","ats:Assault Order"],"picked":"ats:Automatic Cover+1","floor":22},{"not_picked":["ats:Counter Healing Mode","ats:Demon Strength"],"picked":"ats:Revitalization","floor":24},{"not_picked":["ats:Revitalization+1","ats:Poison Spread"],"picked":"ats:Explosion Area Strengthen+1","floor":25},{"not_picked":["ats:Powerful Strike","ats:Consecutive Shot Auto"],"picked":"ats:Rapid Magazine","floor":29},{"not_picked":["ats:Closed Bolt Burst Fire","ats:LN2 Cannon"],"picked":"ats:Burning Ground","floor":31},{"not_picked":["ats:Wolf Pack","ats:Durian"],"picked":"ats:Disruption Kick","floor":33},{"not_picked":["ats:Revitalization+1","ats:Childhood Dance"],"picked":"ats:Blood Oath","floor":35},{"not_picked":["ats:Automatic Cover","ats:Dogmatic Field"],"picked":"ats:Powerful Strike+1","floor":41},{"not_picked":["ats:Healing Strengthening+1","ats:Shadow Raid+1"],"picked":"ats:Composite Medical Shells","floor":42},{"not_picked":["ats:Shell Defense+1","ats:Consecutive Shot Auto"],"picked":"ats:Explosion Area Strengthen","floor":47}],"player_experience":1105608,"relics_obtained":[{"floor":7,"key":"ats:Originium"},{"floor":7,"key":"Blood Vial"},{"floor":9,"key":"DemoMod:MemoryAlloy"},{"floor":26,"key":"ats:Ability Aura"},{"floor":41,"key":"ats:Originium"},{"floor":41,"key":"Shovel"},{"floor":43,"key":"Juzu Bracelet"},{"floor":49,"key":"Toy Ornithopter"}],"event_choices":[{"damage_healed":0,"gold_gain":0,"player_choice":"Rummage","damage_taken":0,"relics_obtained":["WarpedTongs"],"max_hp_gain":0,"max_hp_loss":0,"event_name":"Accursed Blacksmith","floor":2,"gold_loss":0,"cards_obtained":["Pain"]},{"cards_removed":["ats:Revitalization"],"damage_healed":0,"gold_gain":0,"player_choice":"Gave Card","damage_taken":0,"relics_obtained":["DemoMod:PinkGuonStone"],"max_hp_gain":0,"max_hp_loss":0,"event_name":"WeMeetAgain","floor":5,"gold_loss":0},{"damage_healed":0,"gold_gain":0,"player_choice":"Simplicity","damage_taken":0,"max_hp_gain":0,"max_hp_loss":0,"event_name":"Back to Basics","floor":28,"gold_loss":0,"cards_upgraded":["ats:Strike C","ats:Strike G","ats:Strike S","ats:Strike V","ats:Defend","ats:Defend","ats:Defend"]},{"damage_healed":0,"gold_gain":100,"player_choice":"Pray","damage_taken":0,"max_hp_gain":0,"max_hp_loss":0,"event_name":"Golden Shrine","floor":30,"gold_loss":0},{"damage_healed":0,"gold_gain":0,"player_choice":"Ignored","damage_taken":0,"max_hp_gain":0,"max_hp_loss":0,"event_name":"Mysterious Sphere","floor":37,"gold_loss":0},{"damage_healed":0,"gold_gain":300,"player_choice":"Gold","damage_taken":0,"max_hp_gain":0,"max_hp_loss":0,"event_name":"Wheel of Change","floor":38,"gold_loss":0},{"damage_healed":0,"gold_gain":0,"player_choice":"Upgrade","damage_taken":0,"max_hp_gain":0,"max_hp_loss":0,"event_name":"Designer","floor":44,"gold_loss":40,"cards_upgraded":["ats:Composite Medical Shells"]}],"is_beta":false,"boss_relics":[{"not_picked":["SacredBark","Busted Crown"],"picked":"Tiny House"},{"not_picked":["Velvet Choker","Coffee Dripper"],"picked":"Fusion Hammer"}],"items_purged_floors":[3],"is_endless":false,"potions_floor_spawned":[8,12,13,16,24,29,33,42],"ascension_level":0}}