{"host":"a1u4jo6xlg3w0wsm","time":1609242738,"event":{"mods":["BaseMod","Downfall","Hermit","Minty Spire (QoL Compilation)","Rare Cards Sparkle","Replay The Spire","StSLib"],"gold_per_floor":[119,119,139,156,5,36,36,48,127,127,127,146,163,163,163,163,163],"floor_reached":16,"playtime":1160,"items_purged":[],"score":102,"play_id":"d5936ccc-4e14-4c11-8486-81bb18848ac0","local_time":"20201230005218","is_ascension_mode":false,"campfire_choices":[{"data":"hermit:Combo","floor":7.0,"key":"SMITH"},{"floor":11.0,"key":"REST"},{"floor":15.0,"key":"REST"}],"circlet_count":0,"master_deck":["hermit:Strike_Hermit","hermit:Strike_Hermit","hermit:Strike_Hermit","hermit:Strike_Hermit","hermit:Defend_Hermit","hermit:Defend_Hermit","hermit:Defend_Hermit","hermit:Defend_Hermit","hermit:Snapshot","hermit:Covet","hermit:TrackingShot","hermit:BigShot","hermit:Vantage","hermit:FullyLoaded","hermit:Combo+1","hermit:Deadeye","hermit:Snipe","hermit:GoldenBullet","hermit:Brawl","Regret"],"relics":["hermit:Momento","NeowsBlessing","Replay:Towering Pillar of Hats","Eternal Feather","Replay:Wax Seal"],"acts_visited":["Exordium"],"potions_floor_usage":[],"damage_taken":[{"damage":0.0,"enemies":"2 Louse","floor":1.0,"turns":1.0},{"damage":0.0,"enemies":"Cultist","floor":3.0,"turns":1.0},{"damage":0.0,"enemies":"Jaw Worm","floor":4.0,"turns":1.0},{"damage":21.0,"enemies":"3 Sentries","floor":6.0,"turns":10.0},{"damage":34.0,"enemies":"Lots of Slimes","floor":8.0,"turns":5.0},{"damage":12.0,"enemies":"3 Louse","floor":12.0,"turns":4.0},{"damage":10.0,"enemies":"2 Fungi Beasts","floor":13.0,"turns":5.0},{"damage":66,"enemies":"Fading Forest","floor":16,"turns":7}],"seed_played":"-3531764392595861068","potions_obtained":[{"floor":1.0,"key":"SkillPotion"},{"floor":8.0,"key":"SkillPotion"}],"is_trial":false,"path_per_floor":["M","?","M","M","$","E","R","M","T","?","R","M","M","?","R","B"],"character_chosen":"HERMIT","items_purchased":["hermit:FullyLoaded","hermit:Combo"],"campfire_rested":2,"item_purchase_floors":[5,5],"current_hp_per_floor":[75,75,75,75,75,54,54,20,20,13,44,32,22,22,56,0,0],"gold":163,"neow_bonus":"THREE_ENEMY_KILL","is_daily":false,"chose_seed":false,"campfire_upgraded":1,"win_rate":0.0,"timestamp":1609242738,"path_taken":["M","?","M","?","$","E","R","M","T","?","R","?","M","?","R","BOSS"],"items_purchased_type":["Card","Card"],"build_version":"2020-12-13","purchased_purges":0,"victory":false,"max_hp_per_floor":[75,75,75,75,75,75,75,75,75,75,75,75,75,75,75,75,75],"card_choices":[{"not_picked":["hermit:TakeCover","hermit:Dive"],"picked":"hermit:TrackingShot","floor":1.0},{"not_picked":["hermit:Manifest","hermit:EyeOfTheStorm"],"picked":"hermit:BigShot","floor":3.0},{"not_picked":["hermit:FlashPowder","hermit:Desperado"],"picked":"hermit:Vantage","floor":4.0},{"not_picked":["hermit:Shortfuse","hermit:Purgatory"],"picked":"hermit:Deadeye","floor":6.0},{"not_picked":["hermit:Feint","hermit:Vantage"],"picked":"hermit:Snipe","floor":8.0},{"not_picked":["hermit:Desperado","hermit:DeadOrAlive"],"picked":"hermit:GoldenBullet","floor":12.0},{"not_picked":["hermit:Headshot","hermit:Manifest"],"picked":"hermit:Brawl","floor":13.0}],"player_experience":223421,"relics_obtained":[{"floor":6.0,"key":"Replay:Towering Pillar of Hats"},{"floor":9.0,"key":"Eternal Feather"}],"event_choices":[{"damage_healed":0.0,"max_hp_gain":0.0,"max_hp_loss":0.0,"gold_gain":0.0,"event_name":"Purifier","player_choice":"Ignored","floor":2.0,"gold_loss":0.0,"damage_taken":0.0},{"damage_healed":0.0,"max_hp_gain":0.0,"max_hp_loss":0.0,"gold_gain":0.0,"event_name":"Wheel of Change","player_choice":"Damaged","floor":10.0,"gold_loss":0.0,"damage_taken":7.0},{"damage_healed":0.0,"max_hp_gain":0.0,"max_hp_loss":0.0,"gold_gain":0.0,"event_name":"Big Fish","player_choice":"Box","floor":14.0,"gold_loss":0.0,"damage_taken":0.0,"relics_obtained":["Replay:Wax Seal"],"cards_obtained":["Regret"]}],"is_beta":false,"boss_relics":[],"items_purged_floors":[],"is_endless":false,"potions_floor_spawned":[1,8],"killed_by":"Fading Forest","ascension_level":0}}