{"host":"6pgtslebjnyv5xmi","time":1609226428,"event":{"mods":["AchievementEnabler","BaseMod","Colored Map","Minty Spire (QoL Compilation)","Rare Cards Sparkle","StSLib","SuperFastMode","everything is the same but u backflip on backflip"],"gold_per_floor":[116,134,84,84,84,110,13,25,25,37,47,67,101,112,112,112,112],"floor_reached":16,"playtime":538,"items_purged":["Defend_B"],"score":174,"play_id":"9afbf926-e9ab-476f-90e0-21c0cbe24ab2","local_time":"20201229162028","is_ascension_mode":true,"campfire_choices":[{"data":"Zap","floor":15,"key":"SMITH"}],"circlet_count":0,"master_deck":["Strike_B","Strike_B","Strike_B","Defend_B","Defend_B","Defend_B","Zap+1","Dualcast","Turbo","Beam Cell","Gash","Beam Cell","Ball Lightning"],"relics":["Cracked Core","NeowsBlessing","Shuriken","Happy Flower","Vajra","Blood Vial"],"acts_visited":["Exordium"],"potions_floor_usage":[13,16,16],"damage_taken":[{"damage":0,"enemies":"Jaw Worm","floor":1,"turns":1},{"damage":0,"enemies":"Cultist","floor":2,"turns":1},{"damage":0,"enemies":"Gremlin Nob","floor":6,"turns":1},{"damage":6,"enemies":"2 Louse","floor":8,"turns":2},{"damage":2,"enemies":"Large Slime","floor":10,"turns":5},{"damage":6,"enemies":"Exordium Thugs","floor":11,"turns":3},{"damage":5,"enemies":"2 Fungi Beasts","floor":12,"turns":3},{"damage":30,"enemies":"Lagavulin","floor":13,"turns":4},{"damage":7,"enemies":"3 Louse","floor":14,"turns":2},{"damage":29,"enemies":"Slime Boss","floor":16,"turns":7}],"seed_played":"7696402857412681155","potions_obtained":[{"floor":2,"key":"SkillPotion"},{"floor":6,"key":"FocusPotion"},{"floor":11,"key":"Ancient Potion"},{"floor":12,"key":"LiquidMemories"}],"is_trial":false,"path_per_floor":["M","M","?","?","$","E","$","M","T","M","M","M","E","M","R","B"],"character_chosen":"DEFECT","items_purchased":["Beam Cell"],"campfire_rested":0,"item_purchase_floors":[7],"current_hp_per_floor":[75,75,75,75,75,75,75,69,69,67,61,56,26,21,21,0,0],"gold":112,"neow_bonus":"THREE_ENEMY_KILL","is_daily":false,"chose_seed":false,"campfire_upgraded":1,"win_rate":0.0,"timestamp":1609226428,"path_taken":["M","M","?","?","$","E","$","M","T","?","M","M","E","M","R","BOSS"],"items_purchased_type":["Card"],"build_version":"2020-12-22","purchased_purges":1,"victory":false,"max_hp_per_floor":[75,75,75,75,75,75,75,75,75,75,75,75,75,75,75,75,75],"card_choices":[{"not_picked":["Steam","Compile Driver","White Noise"],"picked":"SKIP","floor":1},{"not_picked":["Barrage","White Noise"],"picked":"Turbo","floor":2},{"not_picked":["White Noise","Double Energy","Steam"],"picked":"SKIP","floor":6},{"not_picked":["Capacitor","Steam"],"picked":"Gash","floor":8},{"not_picked":["Sweeping Beam","Cold Snap","Coolheaded"],"picked":"SKIP","floor":10},{"not_picked":["Turbo","Rebound"],"picked":"Beam Cell","floor":11},{"not_picked":["Amplify","Coolheaded","Sweeping Beam"],"picked":"SKIP","floor":12},{"not_picked":["Stack","Sunder","Heatsinks"],"picked":"SKIP","floor":13},{"not_picked":["Turbo","Coolheaded"],"picked":"Ball Lightning","floor":14}],"player_experience":570058,"relics_obtained":[{"floor":6,"key":"Happy Flower"},{"floor":9,"key":"Vajra"},{"floor":13,"key":"Blood Vial"}],"event_choices":[{"cards_removed":["Strike_B"],"damage_healed":0,"gold_gain":0,"player_choice":"Card Removal","damage_taken":0,"max_hp_gain":0,"max_hp_loss":0,"event_name":"The Cleric","floor":3,"gold_loss":50},{"damage_healed":0,"gold_gain":0,"player_choice":"Gave Potion","damage_taken":0,"relics_obtained":["Shuriken"],"max_hp_gain":0,"max_hp_loss":0,"event_name":"WeMeetAgain","floor":4,"gold_loss":0}],"is_beta":false,"boss_relics":[],"items_purged_floors":[7],"is_endless":false,"potions_floor_spawned":[2,6,11,12],"killed_by":"Slime Boss","ascension_level":5}}