{"host":"htqwg582tjjtn9p7","time":1609233772,"event":{"mods":["2.2 Compatiblity","AchievementEnabler","Act Like it!","Aspiration","BaseMod","Better Third Choice","Colored Map","Conspire","Curses Come First","Displayed Cursed Tome","Energized Spire","Force Act Four","GifTheSpireLib","Hermit","Highlight Path","JesterMod","Mad Scientist","Minty Spire (QoL Compilation)","Pale of the Ancients","Permanent Neow","Random Character Button","Relic Stats","Replay The Spire","Robot Space Explorer","Somnambulant","Spicy Shops","Spikes Relics","StSLib","Stuff the Spire","The Blue Laboratory","The Disciple","The Dragon Tamer","The Forsaken","The Gatherer","The Judge","The Jungle","The Marked","The Runesmith","The Servant 0.9.4"],"gold_per_floor":[110,110,120,132,132,132,1,27,50,50,0,0,34,34,34,34,34],"floor_reached":16,"playtime":485,"items_purged":["Regret"],"score":196,"play_id":"f73553f7-09e3-4f0c-9578-2a2437f1e485","local_time":"20201229102252","is_ascension_mode":true,"campfire_choices":[{"data":"theForsaken:Smite","floor":6,"key":"SMITH"},{"floor":10,"key":"REST"},{"data":"theForsaken:FuryStrikes","floor":12,"key":"SMITH"}],"circlet_count":0,"master_deck":["AscendersBane","theForsaken:TheForsaken_Strike","theForsaken:TheForsaken_Strike","theForsaken:TheForsaken_Strike","theForsaken:TheForsaken_Strike","theForsaken:TheForsaken_Defend","theForsaken:TheForsaken_Defend","theForsaken:TheForsaken_Defend","theForsaken:TheForsaken_Defend","theForsaken:Smite+1","theForsaken:Penitence","theForsaken:NobleSacrifice","theForsaken:NobleSacrifice","BlessedFruit","BlessedFruit","theForsaken:FountainOfLife","theForsaken:FuryStrikes+1"],"relics":["theForsaken:JudgementScales","Shuriken","Girya","HeavenlyBonsai","Anchor","Replay:Multitool"],"acts_visited":["Exordium"],"potions_floor_usage":[8,8,16],"damage_taken":[{"damage":15,"enemies":"Jaw Worm","floor":1,"turns":7},{"damage":8,"enemies":"Cultist","floor":3,"turns":4},{"damage":16,"enemies":"Small Slimes","floor":4,"turns":8},{"damage":20,"enemies":"Gremlin Nob","floor":8,"turns":6},{"damage":6,"enemies":"Looter","floor":11,"turns":5},{"damage":17,"enemies":"Lagavulin","floor":13,"turns":7},{"damage":40,"enemies":"Gremlin Nob","floor":16,"turns":5}],"seed_played":"224654932140945976","potions_obtained":[{"floor":3,"key":"PowerPotion"},{"floor":8,"key":"blueLaboratory:HorrorPotion"},{"floor":13,"key":"FearPotion"}],"is_trial":false,"path_per_floor":["M","?","M","M","?","R","$","E","T","R","M","R","E","PTL","PTL","E"],"character_chosen":"THE_FORSAKEN","items_purchased":["PowerPotion"],"campfire_rested":1,"item_purchase_floors":[7],"current_hp_per_floor":[43,43,38,27,27,27,27,24,24,42,43,43,39,39,39,6,6],"gold":34,"neow_bonus":"RANDOM_EVENT","is_daily":false,"chose_seed":false,"campfire_upgraded":2,"win_rate":0.0,"timestamp":1609233772,"path_taken":["M","?","?","M","?","R","$","E","T","R","M","R","E","PTL","PTL","E"],"items_purchased_type":["Potion"],"build_version":"2020-12-22","purchased_purges":1,"victory":false,"max_hp_per_floor":[61,61,61,61,61,61,61,61,61,61,65,65,69,69,69,71,71],"relic_stats":{"counters":[7,42],"Shuriken":[0],"obtain_stats":[{"Girya":2,"Anchor":9,"Shuriken":0,"Replay:Multitool":13,"HeavenlyBonsai":8,"theForsaken:JudgementScales":0},{"Girya":1,"Anchor":4,"Shuriken":0,"Replay:Multitool":6,"HeavenlyBonsai":4,"theForsaken:JudgementScales":0},{"Girya":7,"Anchor":25,"Shuriken":0,"Replay:Multitool":37,"HeavenlyBonsai":25,"theForsaken:JudgementScales":0}]},"card_choices":[{"not_picked":["theForsaken:BottledPlague","theForsaken:WardingHymn"],"picked":"theForsaken:NobleSacrifice","floor":1},{"not_picked":["theForsaken:Parry","theForsaken:CorruptedWord"],"picked":"theForsaken:NobleSacrifice","floor":3},{"not_picked":["theForsaken:PowerUp","theForsaken:RainingSunlight","theForsaken:HorrifyingStrike"],"picked":"SKIP","floor":4},{"not_picked":["theForsaken:ScorchingSunlight","theForsaken:Preservation"],"picked":"theForsaken:FountainOfLife","floor":8},{"not_picked":["theForsaken:FatRoll","theForsaken:ShieldCharge"],"picked":"theForsaken:FuryStrikes","floor":11},{"not_picked":["theForsaken:Preservation","theForsaken:Mantra","theForsaken:BindingThorns"],"picked":"SKIP","floor":13}],"player_experience":1823786,"relics_obtained":[{"floor":2,"key":"Girya"},{"floor":8,"key":"HeavenlyBonsai"},{"floor":9,"key":"Anchor"},{"floor":13,"key":"Replay:Multitool"}],"event_choices":[{"damage_healed":0,"gold_gain":0,"player_choice":"Box","damage_taken":0,"relics_obtained":["Shuriken"],"max_hp_gain":0,"max_hp_loss":0,"event_name":"Big Fish","floor":0,"gold_loss":0,"cards_obtained":["Regret"]},{"damage_healed":0,"gold_gain":0,"player_choice":"Relic","damage_taken":0,"max_hp_gain":0,"max_hp_loss":0,"event_name":"Wheel of Change","floor":2,"gold_loss":0},{"damage_healed":0,"gold_gain":0,"player_choice":"Ignored","damage_taken":0,"max_hp_gain":0,"max_hp_loss":0,"event_name":"Golden Idol","floor":5,"gold_loss":0}],"is_beta":false,"boss_relics":[],"items_purged_floors":[7],"is_endless":false,"potions_floor_spawned":[3,8,13],"killed_by":"Gremlin Nob","ascension_level":17}}