{"host":"ayh4nqhr0ddw4ozv","time":1609227412,"event":{"mods":["BaseMod","Minty Spire (QoL Compilation)","Relic Stats","Robot Space Explorer","StSLib"],"gold_per_floor":[114,127,127,152,175,175,206,206,206,206,32,75,40,53,53,149,149,174,194,210,210,180,211,229,229,229,252,252,252,13,38,38,131,131,154,174,190,190,190],"floor_reached":38,"playtime":2183,"items_purged":["RobotSpaceExplorer:Strike"],"score":779,"play_id":"a8524ec5-31d1-412b-a861-ba5fe59d3e0d","local_time":"20201228233652","is_ascension_mode":true,"campfire_choices":[{"data":"RobotSpaceExplorer:DroneSwarm","floor":6,"key":"SMITH"},{"data":"RobotSpaceExplorer:MiniDrones","floor":8,"key":"SMITH"},{"floor":15,"key":"REST"},{"data":"RobotSpaceExplorer:DoubleBlock","floor":25,"key":"SMITH"},{"floor":32,"key":"REST"}],"circlet_count":0,"master_deck":["AscendersBane","RobotSpaceExplorer:Strike","RobotSpaceExplorer:Defend","RobotSpaceExplorer:Defend","RobotSpaceExplorer:Scan","RobotSpaceExplorer:MiniLasers","RobotSpaceExplorer:DroneSwarm+1","RobotSpaceExplorer:Jetpack","RobotSpaceExplorer:Probe","RobotSpaceExplorer:Comet","RobotSpaceExplorer:MiniDrones+1","RobotSpaceExplorer:PlasmaMissile","RobotSpaceExplorer:Pulsar","RobotSpaceExplorer:DoubleBlock+1","RobotSpaceExplorer:PowerGlove","RobotSpaceExplorer:Arsenal","RobotSpaceExplorer:Pulsar+1","RobotSpaceExplorer:ShovelStrike+1","RobotSpaceExplorer:SlimeMissile+1","RobotSpaceExplorer:TurboDodge","RobotSpaceExplorer:Smokescreen+1","RobotSpaceExplorer:Blaster","RobotSpaceExplorer:MiniDrones","RobotSpaceExplorer:ScrapToss","RobotSpaceExplorer:Scanner","RobotSpaceExplorer:Accelerator","RobotSpaceExplorer:StarLightning+1"],"relics":["RobotSpaceExplorer:RoboCore","Golden Idol","Pear","RobotSpaceExplorer:PlasmaHourglass","White Beast Statue","Astrolabe","Blood Vial","Bottled Flame","Kunai","RobotSpaceExplorer:Reprocessor"],"acts_visited":["Exordium","TheCity","TheBeyond"],"potions_floor_usage":[7,16,20,23,23,27,33,33,38,38],"damage_taken":[{"damage":0,"enemies":"Jaw Worm","floor":1,"turns":5},{"damage":0,"enemies":"Small Slimes","floor":2,"turns":4},{"damage":1,"enemies":"2 Louse","floor":4,"turns":3},{"damage":5,"enemies":"Exordium Thugs","floor":5,"turns":4},{"damage":30,"enemies":"Gremlin Nob","floor":7,"turns":5},{"damage":11,"enemies":"3 Sentries","floor":12,"turns":5},{"damage":5,"enemies":"3 Louse","floor":14,"turns":2},{"damage":27,"enemies":"Slime Boss","floor":16,"turns":8},{"damage":1,"enemies":"Chosen","floor":18,"turns":4},{"damage":1,"enemies":"Shell Parasite","floor":19,"turns":5},{"damage":9,"enemies":"Centurion and Healer","floor":20,"turns":6},{"damage":22,"enemies":"Gremlin Leader","floor":23,"turns":7},{"damage":16,"enemies":"Snake Plant","floor":24,"turns":7},{"damage":10,"enemies":"3 Cultists","floor":27,"turns":4},{"damage":2,"enemies":"Snecko","floor":31,"turns":6},{"damage":0,"enemies":"Collector","floor":33,"turns":10},{"damage":29,"enemies":"3 Darklings","floor":35,"turns":5},{"damage":5,"enemies":"3 Shapes","floor":36,"turns":5},{"damage":0,"enemies":"Maw","floor":37,"turns":7},{"damage":51,"enemies":"2 Orb Walkers","floor":38,"turns":4}],"seed_played":"-1854370413065865408","potions_obtained":[{"floor":1,"key":"RobotSpaceExplorer:RecyclePotion"},{"floor":2,"key":"GamblersBrew"},{"floor":14,"key":"FearPotion"},{"floor":16,"key":"SneckoOil"},{"floor":18,"key":"Weak Potion"},{"floor":19,"key":"Regen Potion"},{"floor":20,"key":"Block Potion"},{"floor":22,"key":"EssenceOfSteel"},{"floor":23,"key":"LiquidMemories"},{"floor":24,"key":"Explosive Potion"},{"floor":27,"key":"Weak Potion"},{"floor":33,"key":"BlessingOfTheForge"},{"floor":35,"key":"Swift Potion"},{"floor":36,"key":"Block Potion"}],"is_trial":false,"path_per_floor":["M","M","?","M","M","R","E","R","T","?","$","E","?","M","R","B",null,"M","M","M","?","?","E","M","R","T","M","?","?","$","M","R","B",null,"M","M","M","?"],"character_chosen":"RobotSpaceExplorer","items_purchased":["RobotSpaceExplorer:PlasmaMissile","RobotSpaceExplorer:Pulsar","Kunai"],"campfire_rested":2,"item_purchase_floors":[11,11,30],"current_hp_per_floor":[64,64,48,47,42,42,22,22,22,22,22,11,29,24,46,19,60,59,58,64,64,64,42,28,28,28,20,20,20,20,20,42,44,67,40,37,39,0,0],"gold":190,"neow_bonus":"THREE_RARE_CARDS","is_daily":false,"chose_seed":false,"campfire_upgraded":3,"win_rate":0.0,"timestamp":1609227412,"path_taken":["M","M","?","M","M","R","E","R","T","?","$","E","?","M","R","BOSS","M","M","M","?","?","E","M","R","T","?","?","?","?","M","R","BOSS","M","M","M","?"],"items_purchased_type":["Card","Card","Relic"],"build_version":"2020-12-22","purchased_purges":1,"victory":false,"max_hp_per_floor":[64,64,64,64,64,64,74,74,74,74,74,74,74,74,74,74,74,74,74,74,74,74,74,74,74,74,74,74,74,74,74,74,74,74,74,74,74,74,74],"relic_stats":{"Blood Vial":16,"counters":[20,106],"Golden Idol":122,"Astrolabe":["RobotSpaceExplorer:Pulsar","RobotSpaceExplorer:ShovelStrike","RobotSpaceExplorer:SlimeMissile"],"Kunai":[13],"obtain_stats":[{"Blood Vial":23,"Bottled Flame":26,"Pear":7,"Golden Idol":3,"RobotSpaceExplorer:PlasmaHourglass":9,"Astrolabe":17,"RobotSpaceExplorer:RoboCore":0,"Kunai":30,"RobotSpaceExplorer:Reprocessor":34,"White Beast Statue":12},{"Blood Vial":12,"Bottled Flame":13,"Pear":5,"Golden Idol":2,"RobotSpaceExplorer:PlasmaHourglass":5,"Astrolabe":8,"RobotSpaceExplorer:RoboCore":0,"Kunai":14,"RobotSpaceExplorer:Reprocessor":16,"White Beast Statue":6},{"Blood Vial":58,"Bottled Flame":65,"Pear":21,"Golden Idol":9,"RobotSpaceExplorer:PlasmaHourglass":21,"Astrolabe":36,"RobotSpaceExplorer:RoboCore":0,"Kunai":69,"RobotSpaceExplorer:Reprocessor":85,"White Beast Statue":26}]},"card_choices":[{"not_picked":["RobotSpaceExplorer:TrailblazerForm","RobotSpaceExplorer:Explosion"],"picked":"RobotSpaceExplorer:DroneSwarm","floor":0},{"not_picked":["RobotSpaceExplorer:SlimeMissile","RobotSpaceExplorer:FrostMissile"],"picked":"RobotSpaceExplorer:Jetpack","floor":1},{"not_picked":["RobotSpaceExplorer:Counterblock","RobotSpaceExplorer:SurgingShield"],"picked":"RobotSpaceExplorer:Probe","floor":2},{"not_picked":["RobotSpaceExplorer:Counterblock","RobotSpaceExplorer:Probe","RobotSpaceExplorer:MakeshiftVolley"],"picked":"SKIP","floor":4},{"not_picked":["RobotSpaceExplorer:FreezeRay","RobotSpaceExplorer:Probe"],"picked":"RobotSpaceExplorer:Comet","floor":5},{"not_picked":["RobotSpaceExplorer:FranticSearch","RobotSpaceExplorer:Electropulse"],"picked":"RobotSpaceExplorer:MiniDrones","floor":7},{"not_picked":["RobotSpaceExplorer:ShovelStrike","RobotSpaceExplorer:Ammunition"],"picked":"RobotSpaceExplorer:DoubleBlock","floor":12},{"not_picked":["RobotSpaceExplorer:MetalStrike","RobotSpaceExplorer:Counterblock"],"picked":"RobotSpaceExplorer:PowerGlove","floor":14},{"not_picked":["RobotSpaceExplorer:Explosion","RobotSpaceExplorer:Scanner"],"picked":"RobotSpaceExplorer:Arsenal","floor":16},{"not_picked":["RobotSpaceExplorer:PowerCollector","RobotSpaceExplorer:ShockKick","RobotSpaceExplorer:Probe"],"picked":"SKIP","floor":18},{"not_picked":["RobotSpaceExplorer:SurgingShield","RobotSpaceExplorer:ImprovisedAttack+1"],"picked":"RobotSpaceExplorer:TurboDodge","floor":19},{"not_picked":["RobotSpaceExplorer:Probe","RobotSpaceExplorer:Counterblock"],"picked":"RobotSpaceExplorer:Smokescreen+1","floor":20},{"not_picked":["RobotSpaceExplorer:Calculate","RobotSpaceExplorer:ScrapShield","RobotSpaceExplorer:Electroshield"],"picked":"SKIP","floor":23},{"not_picked":["RobotSpaceExplorer:SwiftStep","RobotSpaceExplorer:Electroshield"],"picked":"RobotSpaceExplorer:Blaster","floor":24},{"not_picked":["RobotSpaceExplorer:GlueShot","RobotSpaceExplorer:SurgingStrike"],"picked":"RobotSpaceExplorer:MiniDrones","floor":27},{"not_picked":["RobotSpaceExplorer:RigExplosive","RobotSpaceExplorer:FrostMissile"],"picked":"RobotSpaceExplorer:ScrapToss","floor":31},{"not_picked":["RobotSpaceExplorer:Wormhole","RobotSpaceExplorer:Exploration"],"picked":"RobotSpaceExplorer:Scanner","floor":33},{"not_picked":["RobotSpaceExplorer:ScrapShield","RobotSpaceExplorer:Counterblock+1","RobotSpaceExplorer:SurgingStrike+1"],"picked":"SKIP","floor":35},{"not_picked":["RobotSpaceExplorer:ShovelStrike","RobotSpaceExplorer:MiniDrones"],"picked":"RobotSpaceExplorer:Accelerator","floor":36},{"not_picked":["RobotSpaceExplorer:RigExplosive","RobotSpaceExplorer:SelfCleaning"],"picked":"RobotSpaceExplorer:StarLightning+1","floor":37}],"player_experience":270606,"relics_obtained":[{"floor":7,"key":"Pear"},{"floor":9,"key":"RobotSpaceExplorer:PlasmaHourglass"},{"floor":12,"key":"White Beast Statue"},{"floor":23,"key":"Blood Vial"},{"floor":26,"key":"Bottled Flame"}],"event_choices":[{"damage_healed":0,"gold_gain":0,"player_choice":"Take Damage","damage_taken":16,"relics_obtained":["Golden Idol"],"max_hp_gain":0,"max_hp_loss":0,"event_name":"Golden Idol","floor":3,"gold_loss":0},{"damage_healed":0,"gold_gain":0,"player_choice":"Ignored","damage_taken":0,"max_hp_gain":0,"max_hp_loss":0,"event_name":"Liars Game","floor":10,"gold_loss":0},{"damage_healed":18,"gold_gain":0,"player_choice":"Healed","damage_taken":0,"max_hp_gain":0,"max_hp_loss":0,"event_name":"The Cleric","floor":13,"gold_loss":35},{"cards_removed":["RobotSpaceExplorer:Defend"],"damage_healed":0,"gold_gain":0,"player_choice":"Elegance","damage_taken":0,"max_hp_gain":0,"max_hp_loss":0,"event_name":"Back to Basics","floor":21,"gold_loss":0},{"damage_healed":0,"gold_gain":0,"player_choice":"Bought 2 Potions","damage_taken":0,"max_hp_gain":0,"max_hp_loss":0,"event_name":"The Woman in Blue","floor":22,"gold_loss":0},{"damage_healed":0,"gold_gain":0,"player_choice":"Ignored","damage_taken":0,"max_hp_gain":0,"max_hp_loss":0,"event_name":"Cursed Tome","floor":28,"gold_loss":0},{"damage_healed":0,"gold_gain":0,"player_choice":"Ignored","damage_taken":0,"max_hp_gain":0,"max_hp_loss":0,"event_name":"Vampires","floor":29,"gold_loss":0},{"damage_healed":0,"gold_gain":0,"player_choice":"Fight","damage_taken":0,"max_hp_gain":0,"max_hp_loss":0,"event_name":"Mysterious Sphere","floor":38,"gold_loss":0}],"is_beta":false,"boss_relics":[{"not_picked":["Calling Bell","Sozu"],"picked":"Astrolabe"},{"not_picked":["Snecko Eye","RobotSpaceExplorer:TurboCore"],"picked":"RobotSpaceExplorer:Reprocessor"}],"items_purged_floors":[11],"is_endless":false,"potions_floor_spawned":[1,2,5,14,16,18,19,20,23,24,27,31,33,35,36,37],"killed_by":"2 Orb Walkers","ascension_level":14}}