{"host":"8u7tvcybuv0u72fd","time":1609225117,"event":{"mods":["BaseMod","BetterRewards","Colored Map","Colored Powertips","Minty Spire (QoL Compilation)","Quick Restart","Shop Mod"],"gold_per_floor":[117,18,29,104,114,147,147,162,162,132,166,166,194,211,211,310,310,277,277,38,57,72,72,101,118,118,118,135,135,148,148,148,245,245,264,264,163,187,29,29,40,40,40,55,68,68,80,113,113,113,113,113,26,51,51,51],"floor_reached":55,"playtime":3352,"items_purged":["Strike_R","Strike_R"],"score":987,"play_id":"a9c91550-42b9-49cb-9caf-af5141bbd53c","local_time":"20201229015837","is_ascension_mode":false,"campfire_choices":[{"data":"Body Slam","floor":7.0,"key":"SMITH"},{"data":"Bash","floor":12.0,"key":"SMITH"},{"data":"Clash","floor":15.0,"key":"SMITH"},{"data":"Entrench","floor":23.0,"key":"SMITH"},{"data":"Shrug It Off","floor":27.0,"key":"SMITH"},{"data":"Iron Wave","floor":29.0,"key":"SMITH"},{"data":"Defend_R","floor":32.0,"key":"SMITH"},{"data":"Berserk","floor":40.0,"key":"SMITH"},{"data":"True Grit","floor":42.0,"key":"SMITH"},{"floor":46.0,"key":"RECALL"},{"data":"Defend_R","floor":49.0,"key":"SMITH"},{"data":"Defend_R","floor":52.0,"key":"SMITH"}],"circlet_count":0,"master_deck":["Strike_R","Defend_R","Defend_R+1","Defend_R+1","Defend_R+1","Bash+1","Body Slam+1","Clash+1","Entrench+1","Shrug It Off+1","Headbutt+1","Iron Wave+1","Berserk+1","CurseOfTheBell","True Grit+1","Carnage+1","Flame Barrier+1"],"relics":["Black Blood","Potion Belt","Kunai","TheAbacus","MerchantsRug","Ginger","Champion Belt","Ornamental Fan","Meat on the Bone","Mercury Hourglass","Smiling Mask","Frozen Egg 2","PreservedInsect","Bronze Scales","Calipers","Gremlin Horn","HandDrill","Nunchaku"],"acts_visited":["Exordium","TheCity","TheBeyond","TheEnding"],"potions_floor_usage":[54,54,55,55,55],"damage_taken":[{"damage":5.0,"enemies":"Small Slimes","floor":1.0,"turns":3.0},{"damage":0.0,"enemies":"Cultist","floor":3.0,"turns":3.0},{"damage":1.0,"enemies":"Jaw Worm","floor":5.0,"turns":3.0},{"damage":18.0,"enemies":"Gremlin Nob","floor":6.0,"turns":4.0},{"damage":2.0,"enemies":"Blue Slaver","floor":8.0,"turns":3.0},{"damage":10.0,"enemies":"Lagavulin","floor":11.0,"turns":6.0},{"damage":10.0,"enemies":"3 Sentries","floor":13.0,"turns":8.0},{"damage":5.0,"enemies":"Exordium Thugs","floor":14.0,"turns":4.0},{"damage":23.0,"enemies":"Slime Boss","floor":16.0,"turns":10.0},{"damage":22.0,"enemies":"2 Thieves","floor":18.0,"turns":5.0},{"damage":0.0,"enemies":"Chosen","floor":21.0,"turns":4.0},{"damage":15.0,"enemies":"Snake Plant","floor":22.0,"turns":4.0},{"damage":47.0,"enemies":"Gremlin Leader","floor":24.0,"turns":11.0},{"damage":4.0,"enemies":"Shelled Parasite and Fungi","floor":25.0,"turns":6.0},{"damage":3.0,"enemies":"Cultist and Chosen","floor":28.0,"turns":6.0},{"damage":0.0,"enemies":"Chosen and Byrds","floor":30.0,"turns":4.0},{"damage":70.0,"enemies":"Automaton","floor":33.0,"turns":12.0},{"damage":8.0,"enemies":"Orb Walker","floor":35.0,"turns":4.0},{"damage":14.0,"enemies":"3 Shapes","floor":41.0,"turns":6.0},{"damage":36.0,"enemies":"Transient","floor":44.0,"turns":5.0},{"damage":0.0,"enemies":"Maw","floor":45.0,"turns":8.0},{"damage":4.0,"enemies":"Sphere and 2 Shapes","floor":47.0,"turns":8.0},{"damage":37.0,"enemies":"Nemesis","floor":48.0,"turns":9.0},{"damage":32.0,"enemies":"Awakened One","floor":50.0,"turns":11.0},{"damage":20,"enemies":"Shield and Spear","floor":54,"turns":5},{"damage":103,"enemies":"The Heart","floor":55,"turns":9}],"seed_played":"-1160829871660451000","potions_obtained":[{"floor":5.0,"key":"FearPotion"},{"floor":6.0,"key":"HeartOfIron"},{"floor":8.0,"key":"Explosive Potion"},{"floor":10.0,"key":"Regen Potion"},{"floor":10.0,"key":"ElixirPotion"},{"floor":11.0,"key":"Ancient Potion"},{"floor":22.0,"key":"PowerPotion"},{"floor":24.0,"key":"Fire Potion"},{"floor":30.0,"key":"SkillPotion"},{"floor":35.0,"key":"Fruit Juice"},{"floor":44.0,"key":"Weak Potion"},{"floor":47.0,"key":"LiquidMemories"}],"is_trial":false,"path_per_floor":["M","$","M","?","M","E","R","M","T","?","E","R","E","M","R","B",null,"M","?","$","M","M","R","E","M","T","R","M","R","M","?","R","B",null,"M","?","$","T","$","R","M","R","T","M","M","R","M","E","R","B",null,"R","$","E","B"],"character_chosen":"IRONCLAD","items_purchased":["Potion Belt","Body Slam","Kunai","Strawberry","TheAbacus","MerchantsRug","Energy Potion","Dexterity Potion","Ornamental Fan","True Grit","Calipers","HandDrill","SkillPotion"],"campfire_rested":0,"item_purchase_floors":[0,0,0,0,0,0,2,2,20,37,39,53,53],"current_hp_per_floor":[56,56,62,51,56,58,58,62,62,62,73,73,69,70,70,53,101,91,91,91,101,98,98,63,71,71,71,80,80,92,72,72,26,106,111,111,111,111,111,111,109,109,109,85,97,97,105,80,80,72,111,111,111,103,0,0],"gold":51,"neow_bonus":"","is_daily":false,"chose_seed":false,"campfire_upgraded":11,"win_rate":0.0,"timestamp":1609225117,"path_taken":["M","$","M","?","M","E","R","M","T","?","E","R","E","?","R","BOSS","M","?","$","M","M","R","E","M","T","R","M","R","?","?","R","BOSS","M","?","$","?","?","R","M","R","T","M","M","R","M","E","R","BOSS","R","$","E","BOSS"],"items_purchased_type":["Relic","Card","Relic","Relic","Relic","Relic","Potion","Potion","Relic","Card","Relic","Relic","Potion"],"build_version":"2020-12-22","purchased_purges":2,"victory":false,"max_hp_per_floor":[87,87,87,87,87,101,101,101,101,101,101,101,101,101,101,101,101,101,101,101,101,101,101,101,101,101,101,101,101,101,106,106,106,106,111,111,111,111,111,111,111,111,111,111,111,111,111,111,111,111,111,111,111,111,111,111],"card_choices":[{"not_picked":["Searing Blow","Armaments"],"picked":"Clash","floor":1.0},{"not_picked":["Thunderclap","Second Wind","Clothesline"],"picked":"SKIP","floor":3.0},{"not_picked":["Body Slam","Flame Barrier","Ghostly Armor"],"picked":"SKIP","floor":5.0},{"not_picked":["Barricade","Anger","Body Slam"],"picked":"SKIP","floor":6.0},{"not_picked":["Cleave","Anger","Dual Wield"],"picked":"SKIP","floor":8.0},{"not_picked":["Exhume","Havoc","Impervious"],"picked":"SKIP","floor":11.0},{"not_picked":["Twin Strike","Infernal Blade","Armaments"],"picked":"SKIP","floor":13.0},{"not_picked":["Warcry","Perfected Strike","Combust"],"picked":"SKIP","floor":14.0},{"not_picked":["Body Slam+1","Anger","Cleave"],"picked":"SKIP","floor":18.0},{"not_picked":["Cleave","Wild Strike"],"picked":"Entrench","floor":21.0},{"not_picked":["Twin Strike","Infernal Blade"],"picked":"Shrug It Off","floor":22.0},{"not_picked":["Bloodletting+1","Pummel"],"picked":"Headbutt+1","floor":24.0},{"not_picked":["Ghostly Armor","Wild Strike+1"],"picked":"Iron Wave","floor":25.0},{"not_picked":["Perfected Strike","Havoc","Fire Breathing+1"],"picked":"SKIP","floor":28.0},{"not_picked":["Perfected Strike+1","Clash+1","Sword Boomerang"],"picked":"SKIP","floor":30.0},{"not_picked":["Double Tap","Reaper"],"picked":"Berserk","floor":33.0},{"not_picked":["Heavy Blade","Pummel","Whirlwind+1"],"picked":"SKIP","floor":35.0},{"not_picked":["Iron Wave+1","Havoc","Clash+1"],"picked":"SKIP","floor":41.0},{"not_picked":["Blood for Blood","Entrench+1","Cleave"],"picked":"SKIP","floor":44.0},{"not_picked":["Perfected Strike","Spot Weakness+1","True Grit"],"picked":"SKIP","floor":45.0},{"not_picked":["Sever Soul","Cleave","Clash+1"],"picked":"SKIP","floor":47.0},{"not_picked":["Cleave","Evolve+1"],"picked":"Carnage+1","floor":48.0},{"not_picked":["Evolve+1","Cleave+1"],"picked":"Flame Barrier+1","floor":54}],"player_experience":1241470,"relics_obtained":[{"floor":6.0,"key":"Mango"},{"floor":9.0,"key":"Ginger"},{"floor":11.0,"key":"Champion Belt"},{"floor":13.0,"key":"Matryoshka"},{"floor":24.0,"key":"Tiny Chest"},{"floor":26.0,"key":"Meat on the Bone"},{"floor":26.0,"key":"Mercury Hourglass"},{"floor":34.0,"key":"Smiling Mask"},{"floor":34.0,"key":"Frozen Egg 2"},{"floor":34.0,"key":"Girya"},{"floor":38.0,"key":"PreservedInsect"},{"floor":38.0,"key":"Bronze Scales"},{"floor":48.0,"key":"Gremlin Horn"},{"floor":54,"key":"Nunchaku"}],"event_choices":[{"damage_healed":0.0,"max_hp_gain":0.0,"max_hp_loss":0.0,"gold_gain":75.0,"event_name":"World of Goop","player_choice":"Gather Gold","floor":4.0,"gold_loss":0.0,"damage_taken":11.0},{"damage_healed":0.0,"max_hp_gain":0.0,"max_hp_loss":0.0,"gold_gain":0.0,"event_name":"The Woman in Blue","player_choice":"Bought 2 Potions","floor":10.0,"gold_loss":0.0,"damage_taken":0.0},{"cards_removed":["Strike_R"],"damage_healed":0.0,"max_hp_gain":0.0,"max_hp_loss":0.0,"gold_gain":0.0,"event_name":"Bonfire Elementals","player_choice":"Offered Basic","floor":19.0,"gold_loss":0.0,"damage_taken":0.0},{"damage_healed":0.0,"max_hp_gain":5.0,"max_hp_loss":0.0,"gold_gain":0.0,"event_name":"Forgotten Altar","player_choice":"Shed Blood","floor":31.0,"gold_loss":0.0,"damage_taken":25.0},{"cards_removed":["Strike_R"],"damage_healed":0.0,"max_hp_gain":0.0,"max_hp_loss":0.0,"gold_gain":0.0,"event_name":"Purifier","player_choice":"Purged","floor":36.0,"gold_loss":0.0,"damage_taken":0.0}],"is_beta":false,"boss_relics":[{"not_picked":["Runic Pyramid","Pandora\u0027s Box"],"picked":"Black Blood"},{"not_picked":["Runic Dome","Snecko Eye"],"picked":"Calling Bell"}],"items_purged_floors":[0,37],"is_endless":false,"potions_floor_spawned":[5,6,8,11,22,24,30,35,44,47],"killed_by":"The Heart","ascension_level":0}}