{"host":"sav7uxregyirlf69","time":1609237941,"event":{"mods":["AchievementEnabler","BaseMod","Colored Map","DeckTracker","Keyboard Shortcuts","Minty Spire (QoL Compilation)","READ ME - Guardian Mod","StSLib","SuperFastMode"],"gold_per_floor":[20,40,56,75,0,31,42,42,42,42,42,42],"floor_reached":11,"playtime":206,"items_purged":["Strike_G"],"score":154,"play_id":"63670528-75c0-4c59-8164-b127a17bbaae","local_time":"20201229193221","is_ascension_mode":true,"campfire_choices":[],"circlet_count":0,"master_deck":["AscendersBane","Strike_G","Strike_G","Strike_G","Strike_G","Defend_G","Defend_G","Defend_G","Defend_G","Defend_G","Survivor","Neutralize","Corpse Explosion","Predator","PiercingWail","Escape Plan","Tactician","Dagger Throw"],"relics":["Ring of the Snake","Pantograph","Peace Pipe"],"acts_visited":["Exordium"],"potions_floor_usage":[6,8,11],"damage_taken":[{"damage":6,"enemies":"Small Slimes","floor":1,"turns":5},{"damage":1,"enemies":"2 Louse","floor":2,"turns":3},{"damage":6,"enemies":"Jaw Worm","floor":3,"turns":4},{"damage":3,"enemies":"Looter","floor":4,"turns":3},{"damage":32,"enemies":"Gremlin Nob","floor":6,"turns":4},{"damage":1,"enemies":"Blue Slaver","floor":7,"turns":5},{"damage":0,"enemies":"Exordium Thugs","floor":8,"turns":2},{"damage":16,"enemies":"3 Sentries","floor":11,"turns":4}],"seed_played":"4776074035195307595","potions_obtained":[{"floor":1,"key":"CunningPotion"},{"floor":2,"key":"Fruit Juice"},{"floor":6,"key":"SmokeBomb"}],"is_trial":false,"path_per_floor":["M","M","M","M","$","E","M","M","T","?","E"],"character_chosen":"THE_SILENT","items_purchased":[],"campfire_rested":0,"item_purchase_floors":[],"current_hp_per_floor":[53,52,46,43,43,11,10,10,10,10,0,0],"gold":42,"neow_bonus":"THREE_RARE_CARDS","is_daily":false,"chose_seed":false,"campfire_upgraded":0,"win_rate":0.0,"timestamp":1609237941,"path_taken":["M","M","M","M","$","E","M","M","T","?","E"],"items_purchased_type":[],"build_version":"2020-12-22","purchased_purges":1,"victory":false,"max_hp_per_floor":[66,66,66,66,66,66,66,66,66,66,71,71],"card_choices":[{"not_picked":["Wraith Form v2","Night Terror"],"picked":"Corpse Explosion","floor":0},{"not_picked":["Cloak And Dagger","Flying Knee"],"picked":"Predator","floor":1},{"not_picked":["Dagger Throw","Flying Knee"],"picked":"PiercingWail","floor":2},{"not_picked":["Riddle With Holes","Sucker Punch"],"picked":"Escape Plan","floor":3},{"not_picked":["Riddle With Holes","Cloak And Dagger"],"picked":"Tactician","floor":4},{"not_picked":["All Out Attack","Flying Knee","Cloak And Dagger"],"picked":"SKIP","floor":6},{"not_picked":["Blade Dance","Unload"],"picked":"Dagger Throw","floor":7}],"player_experience":1049122,"relics_obtained":[{"floor":6,"key":"Pantograph"},{"floor":9,"key":"Peace Pipe"}],"event_choices":[{"damage_healed":0,"gold_gain":0,"player_choice":"Ignored","damage_taken":0,"max_hp_gain":0,"max_hp_loss":0,"event_name":"Liars Game","floor":10,"gold_loss":0}],"is_beta":false,"boss_relics":[],"items_purged_floors":[5],"is_endless":false,"potions_floor_spawned":[1,2,6,8],"killed_by":"3 Sentries","ascension_level":20}}