{"host":"kzpuingyul43kz0j","time":1609281241,"event":{"mods":["2.2 Compatiblity","BaseMod","Bestiary","Better Skull","BetterRewards","Colored Map","Colored Powertips","Curses Come First","Displayed Cursed Tome","Downfall","Gold Saver","Highlight Path","Keyboard Shortcuts","Minty Spire (QoL Compilation)","Relic Stats","Remove Card Discount Mod","StSLib","Uncapped"],"gold_per_floor":[716,30,30,30,45,45,45,45],"floor_reached":7,"playtime":253,"items_purged":["Defend_B","Defend_B","Strike_B","Strike_B"],"score":41,"play_id":"200701a2-389a-460b-9f52-de8dfe140a93","local_time":"20201229233401","is_ascension_mode":true,"campfire_choices":[{"data":"Zap","floor":6,"key":"SMITH"}],"circlet_count":0,"master_deck":["Strike_B","Strike_B","Defend_B","Defend_B","Zap+1","Dualcast","Ball Lightning","Loop","Leap","Conserve Battery"],"relics":["Black Star","Shuriken","Oddly Smooth Stone","HandDrill","Kunai"],"acts_visited":["Exordium"],"potions_floor_usage":[],"damage_taken":[{"damage":3,"enemies":"Jaw Worm","floor":1,"turns":5},{"damage":7,"enemies":"2 Louse","floor":5,"turns":4},{"damage":32,"enemies":"Gremlin Nob","floor":7,"turns":4}],"seed_played":"-3256499991341319876","potions_obtained":[],"is_trial":false,"path_per_floor":["M","$","?","$","M","R","E"],"character_chosen":"DEFECT","items_purchased":["Loop","Leap","Shuriken","Oddly Smooth Stone","HandDrill"],"campfire_rested":0,"item_purchase_floors":[2,2,2,2,2],"current_hp_per_floor":[72,72,39,39,32,32,0,0],"gold":45,"neow_bonus":"BOSS_RELIC","is_daily":false,"chose_seed":false,"campfire_upgraded":1,"win_rate":0.0,"timestamp":1609281241,"path_taken":["M","$","?","$","M","R","E"],"items_purchased_type":["Card","Card","Relic","Relic","Relic"],"build_version":"2020-12-22","purchased_purges":4,"victory":false,"max_hp_per_floor":[75,75,75,75,75,75,75,75],"relic_stats":{"counters":[3,12],"Shuriken":[0],"Black Star":0,"HandDrill":[0],"Kunai":[0],"obtain_stats":[{"Shuriken":2,"Oddly Smooth Stone":2,"Black Star":0,"HandDrill":2,"Kunai":3,"Cracked Core":0},{"Shuriken":1,"Oddly Smooth Stone":1,"Black Star":0,"HandDrill":1,"Kunai":1,"Cracked Core":0},{"Shuriken":5,"Oddly Smooth Stone":5,"Black Star":0,"HandDrill":5,"Kunai":5,"Cracked Core":0}]},"card_choices":[{"not_picked":["Scrape","Beam Cell"],"picked":"Ball Lightning","floor":1},{"not_picked":["Scrape","Turbo"],"picked":"Conserve Battery","floor":5}],"player_experience":81263,"relics_obtained":[],"event_choices":[{"damage_healed":0,"gold_gain":0,"player_choice":"Success","damage_taken":33,"relics_obtained":["Kunai"],"max_hp_gain":0,"max_hp_loss":0,"event_name":"Scrap Ooze","floor":3,"gold_loss":0}],"is_beta":false,"boss_relics":[],"items_purged_floors":[2,2,2,2],"is_endless":false,"potions_floor_spawned":[],"killed_by":"Gremlin Nob","ascension_level":1}}