{"host":"oy4pyvr762z5n0bb","time":1609284427,"event":{"mods":["AchievementEnabler","BaseMod","Colored Map","Colored Powertips","Googly Eyes","Key Reminder","Minty Spire (QoL Compilation)","Quick Restart","Relic Sorter","StSLib","SuperFastMode","Unceasing Turn Reminder","slay the spire mod where everything is the same but ironclad has a cowboy hat"],"gold_per_floor":[117,127,143,143,143,177,177,177,177],"floor_reached":8,"playtime":229,"items_purged":[],"score":73,"play_id":"269ac493-0b37-4ea7-ae7b-ec7da7715d67","local_time":"20201229152707","is_ascension_mode":true,"campfire_choices":[{"floor":7,"key":"REST"}],"circlet_count":0,"master_deck":["Strike_R","Strike_R","Strike_R","Defend_R","Defend_R","Defend_R","Defend_R","Bash","Doubt","Fiend Fire","Second Wind","Pummel","Dual Wield","Twin Strike","Whirlwind"],"relics":["Burning Blood","Bird Faced Urn"],"acts_visited":["Exordium"],"potions_floor_usage":[],"damage_taken":[{"damage":7,"enemies":"Jaw Worm","floor":1,"turns":3},{"damage":2,"enemies":"2 Louse","floor":2,"turns":3},{"damage":0,"enemies":"Small Slimes","floor":3,"turns":3},{"damage":55,"enemies":"3 Sentries","floor":6,"turns":12},{"damage":59,"enemies":"Lagavulin","floor":8,"turns":8}],"seed_played":"7344711546947882444","potions_obtained":[{"floor":2,"key":"GamblersBrew"}],"is_trial":false,"path_per_floor":["M","M","M","?","$","E","R","E"],"character_chosen":"IRONCLAD","items_purchased":[],"campfire_rested":1,"item_purchase_floors":[],"current_hp_per_floor":[71,75,80,80,80,31,55,0,0],"gold":177,"neow_bonus":"TRANSFORM_TWO_CARDS","is_daily":false,"chose_seed":false,"campfire_upgraded":0,"win_rate":0.0,"timestamp":1609284427,"path_taken":["M","M","M","?","$","E","R","E"],"items_purchased_type":[],"build_version":"2020-12-22","purchased_purges":0,"victory":false,"max_hp_per_floor":[80,80,80,80,80,80,80,80,80],"card_choices":[{"not_picked":["Flame Barrier","Clash"],"picked":"Pummel","floor":1},{"not_picked":["Armaments","Entrench"],"picked":"Dual Wield","floor":2},{"not_picked":["Armaments","Heavy Blade"],"picked":"Twin Strike","floor":3},{"not_picked":["Shrug It Off","Brutality"],"picked":"Whirlwind","floor":6}],"player_experience":598457,"relics_obtained":[{"floor":6,"key":"Bird Faced Urn"}],"event_choices":[{"damage_healed":0,"gold_gain":0,"player_choice":"Leave","damage_taken":0,"max_hp_gain":0,"max_hp_loss":0,"event_name":"The Cleric","floor":4,"gold_loss":0}],"is_beta":false,"boss_relics":[],"items_purged_floors":[],"is_endless":false,"potions_floor_spawned":[2],"killed_by":"Lagavulin","ascension_level":6}}