{"host":"w3q5ijqu8eoknil3","time":1609264495,"event":{"mods":["AchievementEnabler","BaseMod","Block Reminder","Colored Powertips","Minty Spire (QoL Compilation)","Quick Restart","Relic Stats","ojb\u0027s Better Paths Mod","ojb\u0027s Info Mod","slay the spire mod where everything is the same but ironclad has a cowboy hat"],"gold_per_floor":[110,124,138,156,172,172,172],"floor_reached":6,"playtime":323,"items_purged":[],"score":70,"play_id":"6d3109f1-b04c-4989-9d77-a5a21f2a57d8","local_time":"20201229175455","is_ascension_mode":true,"campfire_choices":[],"circlet_count":0,"master_deck":["AscendersBane","Strike_G","Strike_G","Strike_G","Strike_G","Strike_G","Defend_G","Defend_G","Defend_G","Defend_G","Defend_G","Survivor","Neutralize","Caltrops","Dash","Flechettes","Underhanded Strike","Prepared"],"relics":["Philosopher\u0027s Stone"],"acts_visited":["Exordium"],"potions_floor_usage":[4,5,6],"damage_taken":[{"damage":9,"enemies":"Jaw Worm","floor":1,"turns":4},{"damage":2,"enemies":"2 Louse","floor":2,"turns":3},{"damage":4,"enemies":"Small Slimes","floor":3,"turns":4},{"damage":15,"enemies":"Exordium Thugs","floor":4,"turns":7},{"damage":20,"enemies":"Lots of Slimes","floor":5,"turns":4},{"damage":17,"enemies":"Lagavulin","floor":6,"turns":8}],"seed_played":"-1905502695405483034","potions_obtained":[{"floor":1,"key":"ColorlessPotion"},{"floor":3,"key":"Strength Potion"},{"floor":5,"key":"Dexterity Potion"}],"is_trial":false,"path_per_floor":["M","M","M","M","M","E"],"character_chosen":"THE_SILENT","items_purchased":[],"campfire_rested":0,"item_purchase_floors":[],"current_hp_per_floor":[50,48,44,29,9,0,0],"gold":172,"neow_bonus":"BOSS_RELIC","is_daily":false,"chose_seed":false,"campfire_upgraded":0,"win_rate":0.0,"timestamp":1609264495,"path_taken":["M","M","M","M","M","E"],"items_purchased_type":[],"build_version":"2020-12-22","purchased_purges":0,"victory":false,"max_hp_per_floor":[66,66,66,66,66,66,66],"relic_stats":{"counters":[6,30],"obtain_stats":[{"Philosopher\u0027s Stone":0,"Ring of the Snake":0},{"Philosopher\u0027s Stone":0,"Ring of the Snake":0},{"Philosopher\u0027s Stone":0,"Ring of the Snake":0}]},"card_choices":[{"not_picked":["Well Laid Plans","Slice"],"picked":"Caltrops","floor":1},{"not_picked":["Setup","Infinite Blades"],"picked":"Dash","floor":2},{"not_picked":["Backflip","Setup"],"picked":"Flechettes","floor":3},{"not_picked":["Setup","Sucker Punch"],"picked":"Underhanded Strike","floor":4},{"not_picked":["Underhanded Strike","Bane"],"picked":"Prepared","floor":5}],"player_experience":956374,"relics_obtained":[],"event_choices":[],"is_beta":false,"boss_relics":[],"items_purged_floors":[],"is_endless":false,"potions_floor_spawned":[1,3,5],"killed_by":"Lagavulin","ascension_level":15}}