{"host":"m77rrhbqzv44va4v","time":1609215133,"event":{"mods":["AchievementEnabler","BaseMod","Colored Map","DeckTracker","Keyboard Shortcuts","Minty Spire (QoL Compilation)","StSLib","SuperFastMode","everything is the same but u backflip on backflip"],"gold_per_floor":[117,131,281,52,32,57,74,99,99,127,146,163,163,47,47,47,47],"floor_reached":16,"playtime":397,"items_purged":["Doubt"],"score":254,"play_id":"dbefee4b-bf49-4385-a96e-6dea27758579","local_time":"20201229131213","is_ascension_mode":true,"campfire_choices":[{"data":"Bloodletting","floor":13,"key":"SMITH"},{"data":"Bash","floor":15,"key":"SMITH"}],"circlet_count":0,"master_deck":["AscendersBane","Strike_R","Strike_R","Strike_R","Strike_R","Strike_R","Defend_R","Defend_R","Defend_R","Defend_R","Bash+1","Reckless Charge","Pommel Strike","Bloodletting+1","True Grit","Flame Barrier"],"relics":["Burning Blood","NeowsBlessing","Centennial Puzzle","The Courier","Calipers","Eternal Feather","Lizard Tail","Medical Kit"],"acts_visited":["Exordium"],"potions_floor_usage":[16],"damage_taken":[{"damage":0.0,"enemies":"Cultist","floor":1.0,"turns":1.0},{"damage":0.0,"enemies":"2 Louse","floor":2.0,"turns":1.0},{"damage":0.0,"enemies":"Gremlin Nob","floor":6.0,"turns":1.0},{"damage":10.0,"enemies":"Small Slimes","floor":7.0,"turns":3.0},{"damage":43.0,"enemies":"Lagavulin","floor":8.0,"turns":4.0},{"damage":24.0,"enemies":"Gremlin Nob","floor":10.0,"turns":4.0},{"damage":16.0,"enemies":"Gremlin Gang","floor":11.0,"turns":6.0},{"damage":5,"enemies":"Red Slaver","floor":12,"turns":2},{"damage":44,"enemies":"The Guardian","floor":16,"turns":13}],"seed_played":"-1362635451444875718","potions_obtained":[{"floor":2.0,"key":"FearPotion"},{"floor":5.0,"key":"Ancient Potion"},{"floor":11.0,"key":"SteroidPotion"},{"floor":12,"key":"HeartOfIron"}],"is_trial":false,"path_per_floor":["M","M","?","$","?","E","M","E","T","E","M","M","R","$","R","B"],"character_chosen":"IRONCLAD","items_purchased":["Centennial Puzzle","Medical Kit"],"campfire_rested":0,"item_purchase_floors":[4,14],"current_hp_per_floor":[74,75,75,75,75,75,71,34,34,16,43,44,53,53,62,18,18],"gold":47,"neow_bonus":"THREE_ENEMY_KILL","is_daily":false,"chose_seed":false,"campfire_upgraded":2,"win_rate":0.0,"timestamp":1609215133,"path_taken":["M","?","?","$","?","E","?","E","T","E","M","M","R","?","R","BOSS"],"items_purchased_type":["Relic","Relic"],"build_version":"2020-12-22","purchased_purges":1,"victory":false,"max_hp_per_floor":[75,75,75,75,75,75,75,75,75,75,75,75,75,75,75,75,75],"card_choices":[{"not_picked":["Iron Wave","Rupture"],"picked":"Reckless Charge","floor":1.0},{"not_picked":["Body Slam","Shockwave"],"picked":"Pommel Strike","floor":2.0},{"not_picked":["Clothesline","Iron Wave","Searing Blow"],"picked":"SKIP","floor":6.0},{"not_picked":["Clash","Burning Pact"],"picked":"Bloodletting","floor":7.0},{"not_picked":["Cleave","Havoc"],"picked":"True Grit","floor":8.0},{"not_picked":["Anger","Rage","Spot Weakness"],"picked":"SKIP","floor":10.0},{"not_picked":["Bloodletting","Corruption","Pommel Strike"],"picked":"SKIP","floor":11.0},{"not_picked":["Flex","Perfected Strike"],"picked":"Flame Barrier","floor":12}],"player_experience":835973,"relics_obtained":[{"floor":6.0,"key":"The Courier"},{"floor":8.0,"key":"Calipers"},{"floor":9.0,"key":"Eternal Feather"},{"floor":10.0,"key":"Lizard Tail"}],"event_choices":[{"damage_healed":0.0,"max_hp_gain":0.0,"max_hp_loss":0.0,"gold_gain":150.0,"event_name":"Liars Game","player_choice":"AGREE","floor":3.0,"gold_loss":0.0,"damage_taken":0.0,"cards_obtained":["Doubt"]},{"damage_healed":0.0,"max_hp_gain":0.0,"max_hp_loss":0.0,"gold_gain":0.0,"event_name":"The Woman in Blue","player_choice":"Bought 1 Potion","floor":5.0,"gold_loss":0.0,"damage_taken":0.0}],"is_beta":false,"boss_relics":[],"items_purged_floors":[4],"is_endless":false,"potions_floor_spawned":[2,6,11,12],"killed_by":"The Guardian","ascension_level":15}}