{"host":"j29osl8nelwi4hyu","time":1609236655,"event":{"mods":["BaseMod","Colored Powertips","Hubris","Infinite Spire","Minty Spire (QoL Compilation)","Replay The Spire","StSLib"],"gold_per_floor":[114,130,130,140,151,185,185,219,219,231,40,40,40,54,54,153,153,164,184,184,202,202,219,246,257,257,257,257],"floor_reached":27,"playtime":1218,"items_purged":[],"score":386,"play_id":"c298a186-df75-41ac-b982-b26abe4ae67f","local_time":"20201229021055","is_ascension_mode":true,"campfire_choices":[{"floor":7.0,"key":"REST"},{"floor":15.0,"key":"REST"}],"circlet_count":0,"master_deck":["Strike_B","Strike_B","Strike_B","Strike_B","Defend_B+1","Defend_B","Defend_B","Defend_B","Zap","Dualcast+1","Self Repair","Cold Snap","Zap","Sweeping Beam","Melter","Redo","Echo Form+1","BootSequence","Enlightenment","Cold Snap","Mirror Shield","Streamline","Stack","infinitespire:Collect","Leap","Buffer","Compile Driver"],"relics":["Cracked Core","NeowsBlessing","War Paint","Carrot","Mirror","infinitespire:Satchel","Inserter","Bottled Lightning","Anchor"],"acts_visited":["Exordium","TheCity"],"potions_floor_usage":[],"damage_taken":[{"damage":0.0,"enemies":"2 Louse","floor":1.0,"turns":1.0},{"damage":0.0,"enemies":"Cultist","floor":2.0,"turns":1.0},{"damage":0.0,"enemies":"Small Slimes","floor":4.0,"turns":1.0},{"damage":15.0,"enemies":"3 Louse","floor":5.0,"turns":3.0},{"damage":50.0,"enemies":"Lagavulin","floor":6.0,"turns":6.0},{"damage":26.0,"enemies":"Gremlin Nob","floor":8.0,"turns":3.0},{"damage":1.0,"enemies":"Large Slime","floor":10.0,"turns":6.0},{"damage":4.0,"enemies":"Red Slaver","floor":14.0,"turns":3.0},{"damage":0.0,"enemies":"Slime Boss","floor":16.0,"turns":5.0},{"damage":12.0,"enemies":"3 Byrds","floor":18.0,"turns":4.0},{"damage":0.0,"enemies":"Chosen","floor":19.0,"turns":6.0},{"damage":45.0,"enemies":"3 Cultists","floor":21.0,"turns":5.0},{"damage":19.0,"enemies":"Snecko","floor":23.0,"turns":5.0},{"damage":37.0,"enemies":"Book of Stabbing","floor":24.0,"turns":8.0},{"damage":10.0,"enemies":"Snake Plant","floor":25.0,"turns":5.0},{"damage":41,"enemies":"3 Cultists","floor":27,"turns":5}],"seed_played":"4161347042084166056","potions_obtained":[{"floor":2.0,"key":"PotionOfCapacity"},{"floor":6.0,"key":"Death Potion"},{"floor":8.0,"key":"FearPotion"},{"floor":10.0,"key":"Ancient Potion"},{"floor":16.0,"key":"EssenceOfDarkness"},{"floor":23.0,"key":"GamblersBrew"},{"floor":24.0,"key":"Elixir"}],"is_trial":false,"path_per_floor":["M","M","?","M","M","E","R","E","T","M","$","?","?","M","R","B",null,"M","M","AVR","M","?","M","E","M","T","M"],"character_chosen":"DEFECT","items_purchased":["Enlightenment","Fire Potion","Fire Potion"],"campfire_rested":2,"item_purchase_floors":[11,11,11],"current_hp_per_floor":[68,75,75,75,67,24,46,27,27,40,40,33,33,43,65,75,75,75,75,75,37,75,63,33,37,37,0,0],"gold":257,"neow_bonus":"THREE_ENEMY_KILL","is_daily":false,"chose_seed":false,"campfire_upgraded":0,"win_rate":0.0,"timestamp":1609236655,"path_taken":["M","M","?","M","M","E","R","E","T","?","$","?","?","M","R","BOSS","M","M","AVR","M","?","M","E","M","T","M"],"items_purchased_type":["Card","Potion","Potion"],"build_version":"2020-12-22","purchased_purges":0,"victory":false,"max_hp_per_floor":[75,75,75,75,75,75,75,75,75,75,75,75,75,75,75,75,75,75,75,75,75,75,75,75,75,75,75,75],"card_choices":[{"not_picked":["FIFO Queue","Turbo"],"picked":"Self Repair","floor":1.0},{"not_picked":["Force Field","Steam"],"picked":"Cold Snap","floor":2.0},{"not_picked":["Steam Power","Steam"],"picked":"Sweeping Beam","floor":4.0},{"not_picked":["Barrage","BasicCrystalCard"],"picked":"Melter","floor":5.0},{"not_picked":["Reinforced Body","Scrape"],"picked":"Redo","floor":6.0},{"not_picked":["Ball Lightning","ReplayTheSpireMod:Calculation Training"],"picked":"Echo Form","floor":8.0},{"not_picked":["Coolheaded","Undo"],"picked":"BootSequence","floor":10.0},{"not_picked":["Barrage","Scrape"],"picked":"Cold Snap","floor":14.0},{"not_picked":["Rainbow","All For One"],"picked":"Mirror Shield","floor":16.0},{"not_picked":["Rebound","FTL+1"],"picked":"Streamline","floor":18.0},{"not_picked":["Storm","BasicCrystalCard"],"picked":"Stack","floor":19.0},{"not_picked":["BasicCrystalCard","Rebound+1","Redo"],"picked":"SKIP","floor":21.0},{"not_picked":["Glacier","Genetic Algorithm"],"picked":"Leap","floor":23.0},{"not_picked":["Rebound","Steam+1"],"picked":"Buffer","floor":24.0},{"not_picked":["Cold Snap","Steam Power"],"picked":"Compile Driver","floor":25.0}],"player_experience":286722,"relics_obtained":[{"floor":6.0,"key":"War Paint"},{"floor":8.0,"key":"Carrot"},{"floor":9.0,"key":"Mirror"},{"floor":24.0,"key":"Anchor"}],"event_choices":[{"damage_healed":0.0,"max_hp_gain":0.0,"max_hp_loss":0.0,"gold_gain":0.0,"event_name":"Match and Keep!","player_choice":"1 cards matched","floor":3.0,"gold_loss":0.0,"damage_taken":0.0,"cards_obtained":["Zap"]},{"damage_healed":0.0,"max_hp_gain":0.0,"max_hp_loss":0.0,"gold_gain":0.0,"event_name":"Scrap Ooze","player_choice":"Success","floor":12.0,"gold_loss":0.0,"damage_taken":7.0,"relics_obtained":["infinitespire:Satchel"]},{"damage_healed":0.0,"max_hp_gain":0.0,"max_hp_loss":0.0,"gold_gain":0.0,"event_name":"Living Wall","player_choice":"Grow","floor":13.0,"gold_loss":0.0,"damage_taken":0.0,"cards_upgraded":["Echo Form"]},{"damage_healed":38.0,"max_hp_gain":0.0,"max_hp_loss":0.0,"gold_gain":0.0,"event_name":"Wheel of Change","player_choice":"Full Heal","floor":22.0,"gold_loss":0.0,"damage_taken":0.0}],"is_beta":false,"boss_relics":[{"not_picked":["Replay:Drink Me","Tiny House"],"picked":"Inserter"}],"items_purged_floors":[],"is_endless":false,"potions_floor_spawned":[2,6,8,10,14,16,23,24],"killed_by":"3 Cultists","ascension_level":6}}