{"host":"j29osl8nelwi4hyu","time":1609219380,"event":{"mods":["BaseMod","Colored Powertips","Hubris","Infinite Spire","Minty Spire (QoL Compilation)","Replay The Spire","StSLib"],"gold_per_floor":[116,136,136,136,152,152,183,183,260,260,279,289,145,176,176,273,273,228,228,168,168,168],"floor_reached":21,"playtime":547,"items_purged":[],"score":234,"play_id":"951ea609-b532-41be-a47a-7d562dcd16c6","local_time":"20201228212300","is_ascension_mode":true,"campfire_choices":[{"data":"Zap","floor":6,"key":"SMITH"},{"floor":8,"key":"RECALL"},{"data":"Dualcast","floor":10,"key":"SMITH"},{"floor":15,"key":"REST"}],"circlet_count":0,"master_deck":["Strike_B","Strike_B","Strike_B","Strike_B","Defend_B","Defend_B","Defend_B","Defend_B","Zap+1","Dualcast+1","Streamline+1","Rebound","Rebound","Sweeping Beam","Cold Snap","Leap","Beam Cell","FTL+1"],"relics":["Cracked Core","NeowsBlessing","hubris:Towel","Replay:Antivirus Software","Question Card","PreservedInsect","Pen Nib","Ectoplasm","Prayer Wheel"],"acts_visited":["Exordium","TheCity"],"potions_floor_usage":[11,12,16,16,18],"damage_taken":[{"damage":0,"enemies":"Small Slimes","floor":1,"turns":1},{"damage":0,"enemies":"Jaw Worm","floor":2,"turns":1},{"damage":0,"enemies":"2 Louse","floor":5,"turns":1},{"damage":30,"enemies":"Lagavulin","floor":7,"turns":4},{"damage":12,"enemies":"Large Slime","floor":11,"turns":5},{"damage":5,"enemies":"2 Fungi Beasts","floor":12,"turns":2},{"damage":18,"enemies":"Gremlin Nob","floor":14,"turns":3},{"damage":11,"enemies":"Hexaghost","floor":16,"turns":9},{"damage":24,"enemies":"2 Thieves","floor":18,"turns":3},{"damage":17,"enemies":"Spheric Guardian","floor":21,"turns":3}],"seed_played":"-6405765993143091507","potions_obtained":[{"floor":2,"key":"AttackPotion"},{"floor":7,"key":"AttackPotion"},{"floor":11,"key":"FearPotion"},{"floor":12,"key":"DuplicationPotion"},{"floor":14,"key":"DuplicationPotion"},{"floor":18,"key":"PotionOfCapacity"}],"is_trial":false,"path_per_floor":["M","M","?","?","M","R","E","R","T","R","M","M","$","E","R","B",null,"M","?","?","M"],"character_chosen":"DEFECT","items_purchased":["PreservedInsect"],"campfire_rested":1,"item_purchase_floors":[13],"current_hp_per_floor":[75,75,75,75,75,75,45,45,45,45,33,28,28,10,32,21,62,38,10,10,0,0],"gold":168,"neow_bonus":"THREE_ENEMY_KILL","is_daily":false,"chose_seed":false,"campfire_upgraded":2,"win_rate":0.0,"timestamp":1609219380,"path_taken":["M","M","?","?","M","R","E","R","T","R","M","M","$","E","R","BOSS","M","?","?","M"],"items_purchased_type":["Relic"],"build_version":"2020-12-22","purchased_purges":0,"victory":false,"max_hp_per_floor":[75,75,75,75,75,75,75,75,75,75,75,75,75,75,75,75,75,75,75,75,75,75],"card_choices":[{"not_picked":["Leap","Ball Lightning"],"picked":"Streamline","floor":1},{"not_picked":["White Noise","Sunder"],"picked":"Rebound","floor":2},{"not_picked":["Stack","Barrage"],"picked":"Rebound","floor":5},{"not_picked":["Reinforced Body","Gash"],"picked":"Sweeping Beam","floor":7},{"not_picked":["Steam","Go for the Eyes","Chaos"],"picked":"Cold Snap","floor":11},{"not_picked":["Gash","ReplaySolidLightProjector","Stack"],"picked":"Leap","floor":12},{"not_picked":["Static Discharge","Recycle","Aggregate"],"picked":"Beam Cell","floor":14},{"not_picked":["Creative AI","All For One","Meteor Strike"],"picked":"ReplayTheSpireMod:Fabricate Wheel","floor":16},{"not_picked":["Blizzard","Turbo","ReplaySort"],"picked":"FTL+1","floor":18}],"player_experience":271402,"relics_obtained":[{"floor":7,"key":"Replay:Antivirus Software"},{"floor":9,"key":"Question Card"},{"floor":14,"key":"Pen Nib"}],"event_choices":[{"damage_healed":0,"gold_gain":0,"player_choice":"Grow","damage_taken":0,"max_hp_gain":0,"max_hp_loss":0,"event_name":"Living Wall","floor":3,"gold_loss":0,"cards_upgraded":["Streamline"]}],"is_beta":false,"boss_relics":[{"not_picked":["Replay:Drink Me","hubris:Stopwatch"],"picked":"Ectoplasm"}],"items_purged_floors":[],"is_endless":false,"potions_floor_spawned":[2,7,11,12,14,18],"killed_by":"Spheric Guardian","ascension_level":5}}