{"host":"z9grmtg2w0nmz8n1","time":1609206619,"event":{"mods":["Aspiration","Bard","BaseMod","Beaked The Cultist","Better Altar","Better Match","Better Note","Better Sensory Stone","Better Skull","Better Third Choice","BetterRewards","CCEM","Colored Map","Conspire","Downfall","GifTheSpireLib","Googly Eyes","Halation","Hermit","Highlight Path","Hubris","Hunter ??","Jedi Mod","Jorbs\u0027s Wanderer Trilogy","Mad Scientist","Marisa????????","Minty Spire (QoL Compilation)","Permanent Neow","Replay The Spire","Shade Mod","Shop Mod","Spicy Shops","StSLib","Stuff the Spire","The Bug Knight","The Construct","The Necromancer","The Runesmith","The Witch"],"gold_per_floor":[111,111,36,47,60,89,111,151,177,4,4,4,23,23,23,24,24],"floor_reached":16,"playtime":592,"items_purged":["Pain","Strike_G"],"score":116,"play_id":"2f86cf4c-c72e-48bf-8580-b03f4ffcb6a7","local_time":"20201228235019","is_ascension_mode":true,"campfire_choices":[{"floor":15,"key":"REST"}],"circlet_count":0,"master_deck":["Strike_G","Strike_G","Strike_G","Strike_G","Defend_G","Defend_G","Defend_G","Defend_G","Defend_G","Survivor","Neutralize","Cloak And Dagger","All Out Attack","jedi:pocketpoison","Noxious Fumes"],"relics":["Ring of the Snake","aspiration:DSix","WarpedTongs","halation:IllGainedPizza","ReplayTheSpireMod:Lightbulb","hubris:Icosahedron"],"acts_visited":["Exordium"],"potions_floor_usage":[6,8],"damage_taken":[{"damage":0,"enemies":"Jaw Worm","floor":1,"turns":6},{"damage":0,"enemies":"Cultist","floor":4,"turns":3},{"damage":2,"enemies":"Small Slimes","floor":5,"turns":3},{"damage":33,"enemies":"Lagavulin","floor":6,"turns":7},{"damage":0,"enemies":"Blue Slaver","floor":7,"turns":4},{"damage":1,"enemies":"3 Sentries","floor":8,"turns":8},{"damage":12,"enemies":"Exordium Wildlife","floor":13,"turns":4},{"damage":10,"enemies":"Slime Boss","floor":16,"turns":6}],"seed_played":"-958177848143685502","potions_obtained":[{"floor":1,"key":"Dexterity Potion"},{"floor":5,"key":"jedi:holywater"},{"floor":6,"key":"Reflective Coating"},{"floor":7,"key":"hexamod:EctoCoolerPotion"}],"is_trial":false,"path_per_floor":["M","?","$","M","M","E","M","E","T","$","?","$","M","$","R","B"],"character_chosen":"THE_SILENT","items_purchased":["Noxious Fumes"],"campfire_rested":1,"item_purchase_floors":[10],"current_hp_per_floor":[49,49,49,49,47,14,14,13,13,13,13,13,1,1,22,12,12],"gold":24,"neow_bonus":"ONE_RARE_RELIC","is_daily":false,"chose_seed":false,"campfire_upgraded":0,"win_rate":0.0,"timestamp":1609206619,"path_taken":["M","?","$","?","M","E","M","E","T","?","?","?","M","?","R","BOSS"],"items_purchased_type":["Card"],"build_version":"2020-12-22","purchased_purges":2,"victory":false,"max_hp_per_floor":[70,70,70,70,70,70,70,70,70,70,70,70,70,70,70,70,70],"card_choices":[{"not_picked":["jedi:poisonivy","Acrobatics"],"picked":"Cloak And Dagger","floor":1},{"not_picked":["StuffTheSpire:Sprint","Quick Slash"],"picked":"All Out Attack","floor":4},{"not_picked":["Terror","Backflip","StuffTheSpire:Sprint"],"picked":"SKIP","floor":5},{"not_picked":["Sucker Punch","ReplayTheSpireMod:Speed Training"],"picked":"jedi:pocketpoison","floor":6},{"not_picked":["Reflex","Outmaneuver","StuffTheSpire:ClusterCrunch"],"picked":"SKIP","floor":7},{"not_picked":["ReplayTheSpireMod:The Works","Hidden Blade","Dodge and Roll"],"picked":"SKIP","floor":8},{"not_picked":["StuffTheSpire:ClusterCrunch","Sucker Punch","Flying Knee"],"picked":"SKIP","floor":13}],"player_experience":739674,"relics_obtained":[{"floor":6,"key":"halation:IllGainedPizza"},{"floor":8,"key":"ReplayTheSpireMod:Lightbulb"}],"event_choices":[{"damage_healed":0,"gold_gain":0,"player_choice":"Rummage","damage_taken":0,"relics_obtained":["WarpedTongs"],"max_hp_gain":0,"max_hp_loss":0,"event_name":"Accursed Blacksmith","floor":2,"gold_loss":0,"cards_obtained":["Pain"]}],"is_beta":false,"boss_relics":[],"items_purged_floors":[3,10],"is_endless":false,"potions_floor_spawned":[1,5,6,7],"killed_by":"Slime Boss","ascension_level":1}}