{"host":"szp1d6dso4pv7ddl","time":1609278853,"event":{"mods":["AchievementEnabler","Alarm Clock","BaseMod","Bestiary","Block Reminder","Colored Map","Colored Powertips","Curses Come First","Displayed Cursed Tome","Highlight Path","Minty Spire (QoL Compilation)","Permanent Neow","Quick Restart","Relic Sorter","Relic Stats","StSLib","Synergy Search"],"gold_per_floor":[361,43,60,74,85,100,100,100,100],"floor_reached":8,"playtime":572,"items_purged":[],"score":68,"play_id":"3bc1a906-b1ef-43ff-933f-d02c142f8ecc","local_time":"20201229135413","is_ascension_mode":true,"campfire_choices":[],"circlet_count":0,"master_deck":["Strike_B","Strike_B","Strike_B","Strike_B","Defend_B","Defend_B","Defend_B","Defend_B","Zap","Dualcast","Hologram","Turbo","Hologram","Coolheaded"],"relics":["Cracked Core","Dead Branch"],"acts_visited":["Exordium"],"potions_floor_usage":[6],"damage_taken":[{"damage":12,"enemies":"Small Slimes","floor":1,"turns":3},{"damage":6,"enemies":"Jaw Worm","floor":3,"turns":5},{"damage":3,"enemies":"Cultist","floor":4,"turns":4},{"damage":38,"enemies":"Lots of Slimes","floor":5,"turns":6},{"damage":4,"enemies":"Large Slime","floor":6,"turns":6},{"damage":9,"enemies":"3 Sentries","floor":8,"turns":2}],"seed_played":"186743380244476843","potions_obtained":[{"floor":3,"key":"EssenceOfSteel"},{"floor":4,"key":"Weak Potion"},{"floor":5,"key":"Weak Potion"}],"is_trial":false,"path_per_floor":["M","$","M","M","M","M","?","E"],"character_chosen":"DEFECT","items_purchased":["Dead Branch","Hologram"],"campfire_rested":0,"item_purchase_floors":[2,2],"current_hp_per_floor":[56,56,50,47,9,5,5,0,0],"gold":100,"neow_bonus":"TWO_FIFTY_GOLD","is_daily":false,"chose_seed":false,"campfire_upgraded":0,"win_rate":0.0,"timestamp":1609278853,"path_taken":["M","$","M","M","M","M","?","E"],"items_purchased_type":["Relic","Card"],"build_version":"2020-12-22","purchased_purges":0,"victory":false,"max_hp_per_floor":[68,68,68,68,68,68,68,68,68],"relic_stats":{"counters":[6,26],"Dead Branch":[9],"obtain_stats":[{"Dead Branch":2,"Cracked Core":0},{"Dead Branch":1,"Cracked Core":0},{"Dead Branch":3,"Cracked Core":0}]},"card_choices":[{"not_picked":["Go for the Eyes","Compile Driver","Rip and Tear"],"picked":"SKIP","floor":1},{"not_picked":["Heatsinks","Doom and Gloom","Go for the Eyes"],"picked":"SKIP","floor":3},{"not_picked":["Conserve Battery","Steam Power"],"picked":"Turbo","floor":4},{"not_picked":["Thunder Strike","Stack"],"picked":"Hologram","floor":5},{"not_picked":["Ball Lightning","Melter"],"picked":"Coolheaded","floor":6}],"player_experience":1068821,"relics_obtained":[],"event_choices":[{"damage_healed":0,"gold_gain":0,"player_choice":"Ignored","damage_taken":0,"max_hp_gain":0,"max_hp_loss":0,"event_name":"Golden Wing","floor":7,"gold_loss":0}],"is_beta":false,"boss_relics":[],"items_purged_floors":[],"is_endless":false,"potions_floor_spawned":[3,4,5],"killed_by":"3 Sentries","ascension_level":7}}