{"host":"otf1z5955ddlv5pq","time":1609218118,"event":{"mods":["BaseMod","Beaked The Cultist","Better Altar","Better Match","Better Note","Better Sensory Stone","Better Skull","Better Third Choice","Colored Map","Colored Powertips","Downfall","Minty Spire (QoL Compilation)","Rare Cards Sparkle","Replay The Spire","StSLib"],"gold_per_floor":[117,136,61,26,101,101,130,146,146,146,161,161,188,188,188,291,291,304,304,352,370,8,37,48,48,48,48,68,68,95,95,95,194,194,204,204,55,65,257,257,286,286,286,7,26,26,44,58,58,58],"floor_reached":51,"playtime":9558,"items_purged":["Strike_G","Strike_G","Defend_G"],"score":573,"play_id":"ec46e6a9-c5c6-42a1-83f9-5a1b0e487825","local_time":"20201228210158","is_ascension_mode":true,"campfire_choices":[{"data":"Accuracy","floor":6,"key":"SMITH"},{"floor":10,"key":"REST"},{"floor":12,"key":"REST"},{"data":"Terror","floor":15,"key":"SMITH"},{"floor":27,"key":"REST"},{"floor":29,"key":"REST"},{"floor":32,"key":"REST"},{"data":"Footwork","floor":40,"key":"SMITH"},{"floor":42,"key":"REST"},{"data":"Mayhem","floor":49,"key":"SMITH"}],"circlet_count":0,"master_deck":["Defend_G","Defend_G","Defend_G","Defend_G","Survivor+1","Neutralize+1","ReplayTheSpireMod:Scrap Shanks+1","Escape Plan","Accuracy+1","Blade Dance","Dodge and Roll","Terror+1","Leg Sweep","Footwork+1","Dodge and Roll+1","Acrobatics","Slimebound:Tackle+1","Slimebound:Tackle+1","Slimebound:Tackle+1","Dagger Throw","Backstab","Adrenaline+1","Fluid Movement","Accuracy+1","Prepared","Mayhem+1","Sneak Up+1"],"relics":["Ring of the Snake","Torii","Replay:Accelerometer","Lizard Tail","Black Star","Boot","Ornamental Fan","Mercury Hourglass","Strawberry","Replay:Baseball","Replay:Bottled Flurry","Toy Ornithopter","SacredBark","War Paint","MealTicket","Quantum Egg","Tingsha","Guide Book"],"acts_visited":["Exordium","TheCity","TheBeyond"],"potions_floor_usage":[11,11,13,28,41,50,50,50],"damage_taken":[{"damage":0,"enemies":"Cultist","floor":1,"turns":4},{"damage":0,"enemies":"2 Louse","floor":2,"turns":4},{"damage":40,"enemies":"3 Sentries","floor":7,"turns":15},{"damage":0,"enemies":"Jaw Worm","floor":8,"turns":2},{"damage":1,"enemies":"Exordium Thugs","floor":11,"turns":4},{"damage":1,"enemies":"Lagavulin","floor":13,"turns":6},{"damage":39,"enemies":"Fading Forest","floor":16,"turns":11},{"damage":15,"enemies":"Spheric Guardian","floor":18,"turns":8},{"damage":17,"enemies":"Chosen","floor":21,"turns":7},{"damage":4,"enemies":"Book of Stabbing","floor":23,"turns":8},{"damage":29,"enemies":"3 Cultists","floor":24,"turns":7},{"damage":3,"enemies":"Centurion and Healer","floor":28,"turns":7},{"damage":2,"enemies":"Replay:Snechameleon","floor":30,"turns":4},{"damage":5,"enemies":"Champ","floor":33,"turns":12},{"damage":2,"enemies":"3 Darklings","floor":35,"turns":8},{"damage":0,"enemies":"Orb Walker","floor":38,"turns":4},{"damage":38,"enemies":"Reptomancer","floor":41,"turns":6},{"damage":0,"enemies":"Jaw Worm Horde","floor":45,"turns":3},{"damage":0,"enemies":"Maw","floor":47,"turns":5},{"damage":6,"enemies":"Writhing Mass","floor":48,"turns":5},{"damage":0,"enemies":"Replay:Hell Engine","floor":50,"turns":11}],"seed_played":"-2479332237278789636","potions_obtained":[{"floor":1,"key":"Dexterity Potion"},{"floor":8,"key":"Energy Potion"},{"floor":11,"key":"Block Potion"},{"floor":18,"key":"Doom Potion"},{"floor":24,"key":"sneckomod:MuddlingPotion"},{"floor":30,"key":"BlessingOfTheForge"},{"floor":33,"key":"Elixir"},{"floor":41,"key":"FearPotion"},{"floor":48,"key":"EssenceOfSteel"}],"is_trial":false,"path_per_floor":["M","M","$","$","?","R","E","M","T","R","M","R","E","?","R","B",null,"M","?","T","M","$","E","M","?","T","R","M","R","E","$","R","B",null,"M","?","$","M","?","R","E","R","T","$","M","?","M","M","R","B",null],"character_chosen":"THE_SILENT","items_purchased":["Accuracy","Ornamental Fan","War Paint","Guide Book"],"campfire_rested":6,"item_purchase_floors":[4,22,37,44],"current_hp_per_floor":[70,70,70,70,59,59,19,19,19,40,39,60,59,52,52,31,70,55,55,55,38,38,41,12,12,12,35,32,55,53,53,76,71,77,75,75,75,75,75,75,39,62,62,77,77,77,77,71,71,77],"gold":58,"neow_bonus":"UPGRADE_CARD","is_daily":false,"chose_seed":false,"campfire_upgraded":4,"win_rate":0.0,"timestamp":1609218118,"path_taken":["M","?","?","$","?","R","E","M","T","R","M","R","E","?","R","BOSS","M","?","?","?","$","E","M","?","T","R","M","R","E","$","R","BOSS","M","?","$","M","?","R","E","R","T","$","M","?","?","M","R","BOSS"],"items_purchased_type":["Card","Relic","Relic","Relic"],"build_version":"2020-12-22","purchased_purges":3,"victory":true,"max_hp_per_floor":[70,70,70,70,70,70,70,70,70,70,70,70,70,70,70,70,70,70,70,70,70,70,77,77,77,77,77,77,77,77,77,77,77,77,77,77,77,77,77,77,77,77,77,77,77,77,77,77,77,77],"card_choices":[{"not_picked":["Finisher","Deadly Poison"],"picked":"ReplayTheSpireMod:Scrap Shanks","floor":1},{"not_picked":["Flying Knee","Bane"],"picked":"Escape Plan","floor":2},{"not_picked":["Flechettes","Dagger Spray"],"picked":"Blade Dance","floor":7},{"not_picked":["Quick Slash","Poisoned Stab"],"picked":"Dodge and Roll","floor":8},{"not_picked":["Outmaneuver","Sucker Punch"],"picked":"Terror","floor":11},{"not_picked":["Underhanded Strike","Unload"],"picked":"Leg Sweep","floor":13},{"not_picked":["Sucker Punch","Underhanded Strike"],"picked":"Footwork","floor":18},{"not_picked":["Footwork","Skewer+1","Dagger Spray"],"picked":"SKIP","floor":21},{"not_picked":["Prepared","Endless Agony"],"picked":"Dodge and Roll","floor":23},{"not_picked":["Slice+1","Dagger Throw"],"picked":"Acrobatics","floor":24},{"not_picked":["ReplayTheSpireMod:Speed Training","Choke"],"picked":"Dagger Throw","floor":28},{"not_picked":["Deflect","Flying Knee"],"picked":"Backstab","floor":30},{"not_picked":["Envenom","Glass Knife"],"picked":"Adrenaline","floor":33},{"not_picked":["Noxious Fumes","Blur","Draining Mist"],"picked":"SKIP","floor":35},{"not_picked":["Heel Hook","Toxin Wave"],"picked":"Fluid Movement","floor":38},{"not_picked":["Noxious Fumes","Predator+1"],"picked":"Accuracy+1","floor":41},{"not_picked":["Sucker Punch+1","Slice+1"],"picked":"Prepared","floor":45},{"not_picked":["Madness","Replay:SS_hec_2"],"picked":"Mayhem","floor":46},{"not_picked":["Caltrops+1","Blur+1"],"picked":"Sneak Up+1","floor":47},{"not_picked":["Quick Slash+1","Reflex+1","Underhanded Strike+1"],"picked":"SKIP","floor":48}],"player_experience":1141900,"relics_obtained":[{"floor":7,"key":"Torii"},{"floor":9,"key":"Replay:Accelerometer"},{"floor":13,"key":"Lizard Tail"},{"floor":20,"key":"Boot"},{"floor":23,"key":"Mercury Hourglass"},{"floor":23,"key":"Strawberry"},{"floor":26,"key":"Replay:Baseball"},{"floor":30,"key":"Replay:Bottled Flurry"},{"floor":30,"key":"Toy Ornithopter"},{"floor":41,"key":"MealTicket"},{"floor":41,"key":"Quantum Egg"},{"floor":43,"key":"Tingsha"}],"event_choices":[{"damage_healed":0,"gold_gain":75,"player_choice":"Gold","damage_taken":11,"max_hp_gain":0,"max_hp_loss":0,"event_name":"betterThird:BetterGoop","floor":5,"gold_loss":0},{"damage_healed":0,"gold_gain":1,"player_choice":"LEAVE","damage_taken":7,"max_hp_gain":0,"max_hp_loss":0,"event_name":"betterThird:BetterScrap","floor":14,"gold_loss":0,"cards_obtained":["Self Repair"]},{"cards_removed":["Terror"],"damage_healed":0,"gold_gain":0,"player_choice":"Give","damage_taken":0,"max_hp_gain":0,"max_hp_loss":0,"event_name":"betterNote:BetterNote","floor":19,"gold_loss":0,"cards_obtained":["Melter"]},{"damage_healed":0,"gold_gain":0,"player_choice":"Ignored","damage_taken":0,"max_hp_gain":0,"max_hp_loss":0,"event_name":"Tomb of Lord Red Mask","floor":36,"gold_loss":0},{"damage_healed":0,"gold_gain":3,"player_choice":"1","damage_taken":0,"max_hp_gain":0,"max_hp_loss":0,"event_name":"betterStone:BetterStone","floor":46,"gold_loss":0}],"is_beta":false,"boss_relics":[{"not_picked":["Velvet Choker","Snecko Scales"],"picked":"Black Star"},{"not_picked":["Replay:Drink Me","Painkiller Herb"],"picked":"SacredBark"}],"items_purged_floors":[3,22,44],"is_endless":false,"potions_floor_spawned":[1,8,11,18,24,30,33,38,41,48],"ascension_level":1}}