{"host":"qc268ltokmxwqyrx","time":1609208489,"event":{"mods":["BaseMod","Colored Map","Colored Powertips","Minty Spire (QoL Compilation)","Relic Stats","Slay the Relics Exporter","StSLib","ojb\u0027s Info Mod"],"gold_per_floor":[112,112,130,141,141,174,191,30,30,30,49,81,81,108,108,186,186,203,218,218,218],"floor_reached":20,"playtime":1122,"items_purged":[],"score":388,"play_id":"85e23d32-ed45-431f-a95a-f9e3745576ed","local_time":"20201228202129","is_ascension_mode":true,"campfire_choices":[{"floor":10.0,"key":"REST"},{"floor":13,"key":"REST"},{"floor":15,"key":"RECALL"}],"circlet_count":0,"master_deck":["AscendersBane","Strike_G","Strike_G","Strike_G","Strike_G","Defend_G","Defend_G+1","Defend_G+1","Defend_G","Defend_G","Survivor","Neutralize","Flying Knee","Noxious Fumes","Skewer","Riddle With Holes","Calculated Gamble","Noxious Fumes","PiercingWail","PiercingWail","A Thousand Cuts","Envenom","Corpse Explosion"],"relics":["Fusion Hammer","Sundial","Frozen Eye","War Paint","Tiny Chest","HoveringKite"],"acts_visited":["Exordium","TheCity"],"potions_floor_usage":[16,18,19,19],"damage_taken":[{"damage":0.0,"enemies":"Small Slimes","floor":1.0,"turns":4.0},{"damage":0.0,"enemies":"2 Louse","floor":3.0,"turns":3.0},{"damage":6.0,"enemies":"Cultist","floor":4.0,"turns":4.0},{"damage":19.0,"enemies":"Lagavulin","floor":6.0,"turns":6.0},{"damage":2.0,"enemies":"Large Slime","floor":7.0,"turns":5.0},{"damage":5.0,"enemies":"Gremlin Gang","floor":11.0,"turns":5.0},{"damage":34,"enemies":"Gremlin Nob","floor":12,"turns":4},{"damage":4,"enemies":"3 Sentries","floor":14,"turns":6},{"damage":31,"enemies":"The Guardian","floor":16,"turns":10},{"damage":20,"enemies":"Chosen","floor":18,"turns":6},{"damage":15,"enemies":"Shell Parasite","floor":19,"turns":5},{"damage":21,"enemies":"Shelled Parasite and Fungi","floor":20,"turns":4}],"seed_played":"-5619981500811188587","potions_obtained":[{"floor":1.0,"key":"AttackPotion"},{"floor":4.0,"key":"Ancient Potion"},{"floor":6.0,"key":"BlessingOfTheForge"},{"floor":12,"key":"Ancient Potion"},{"floor":14,"key":"Weak Potion"},{"floor":16,"key":"AttackPotion"},{"floor":18,"key":"FearPotion"}],"is_trial":false,"path_per_floor":["M","?","M","M","?","E","M","$","T","R","M","E","R","E","R","B",null,"M","M","M"],"character_chosen":"THE_SILENT","items_purchased":["Frozen Eye"],"campfire_rested":2,"item_purchase_floors":[8],"current_hp_per_floor":[59,64,64,58,58,39,37,37,37,58,53,19,40,36,36,5,55,35,20,0,0],"gold":218,"neow_bonus":"BOSS_RELIC","is_daily":false,"chose_seed":false,"campfire_upgraded":0,"win_rate":0.0,"timestamp":1609208489,"path_taken":["M","?","M","M","?","E","M","$","T","R","M","E","R","E","R","BOSS","M","M","M"],"items_purchased_type":["Relic"],"build_version":"2020-12-22","purchased_purges":0,"victory":false,"max_hp_per_floor":[66,71,71,71,71,71,71,71,71,71,71,71,71,71,71,71,71,71,71,71,71],"relic_stats":{"counters":[12,62],"Sundial":[6],"HoveringKite":[6],"Tiny Chest":0,"War Paint":["Defend_G","Defend_G"],"obtain_stats":[{"Frozen Eye":8,"Sundial":6,"HoveringKite":17,"Tiny Chest":14,"Fusion Hammer":0,"War Paint":12,"Ring of the Snake":0},{"Frozen Eye":5,"Sundial":4,"HoveringKite":9,"Tiny Chest":8,"Fusion Hammer":0,"War Paint":7,"Ring of the Snake":0},{"Frozen Eye":22,"Sundial":17,"HoveringKite":47,"Tiny Chest":37,"Fusion Hammer":0,"War Paint":31,"Ring of the Snake":0}]},"card_choices":[{"not_picked":["Distraction","Setup"],"picked":"Flying Knee","floor":1.0},{"not_picked":["Well Laid Plans","Cloak And Dagger"],"picked":"Noxious Fumes","floor":3.0},{"not_picked":["Deadly Poison","Caltrops"],"picked":"Skewer","floor":4.0},{"not_picked":["Caltrops","Finisher"],"picked":"Calculated Gamble","floor":6.0},{"not_picked":["Sucker Punch","Dagger Spray"],"picked":"Noxious Fumes","floor":7.0},{"not_picked":["Underhanded Strike","Blade Dance"],"picked":"PiercingWail","floor":11.0},{"not_picked":["Choke","Deadly Poison"],"picked":"PiercingWail","floor":12},{"not_picked":["Flying Knee","PiercingWail"],"picked":"A Thousand Cuts","floor":14},{"not_picked":["Grand Finale","Glass Knife"],"picked":"Envenom","floor":16},{"not_picked":["Accuracy","Poisoned Stab","Deadly Poison"],"picked":"SKIP","floor":18},{"not_picked":["Dagger Throw","Deadly Poison"],"picked":"Corpse Explosion","floor":19}],"player_experience":1746715,"relics_obtained":[{"floor":6.0,"key":"Sundial"},{"floor":12,"key":"War Paint"},{"floor":14,"key":"Tiny Chest"}],"event_choices":[{"damage_healed":0.0,"max_hp_gain":5.0,"max_hp_loss":0.0,"gold_gain":0.0,"event_name":"Big Fish","player_choice":"Donut","floor":2.0,"gold_loss":0.0,"damage_taken":0.0},{"damage_healed":0.0,"max_hp_gain":0.0,"max_hp_loss":0.0,"gold_gain":0.0,"cards_transformed":["Strike_G"],"event_name":"Living Wall","player_choice":"Change","floor":5.0,"gold_loss":0.0,"damage_taken":0.0,"cards_obtained":["Riddle With Holes"]}],"is_beta":false,"boss_relics":[{"not_picked":["Coffee Dripper","Black Star"],"picked":"HoveringKite"}],"items_purged_floors":[],"is_endless":false,"potions_floor_spawned":[1,4,6,12,14,16,18],"killed_by":"Shelled Parasite and Fungi","ascension_level":20}}