{"host":"h4lp0eeso8a0ssq0","time":1609285989,"event":{"mods":["2.2 Compatiblity","AchievementEnabler","Astrologer","BaseMod","CapriCore","Colored Map","Downfall","Hermit","Lobotomy","Marisa£¨Ùöéë¡¡Øª×âÞÞ£©","Minty Spire (QoL Compilation)","StSLib","SuperFastMode","The Cursed","The Hierophant","The Immortal"],"gold_per_floor":[20,38,48,65,65,90,107,107,107,107,127,143,160,192,192,293,293,293,293,45,45,61,61,89,104,128,146,146,156,156,168,168,263,263,281,301,301,11,11,11,11,11],"floor_reached":40,"playtime":1990,"items_purged":[],"score":424,"play_id":"be92c0d1-b81f-4787-9078-fd84a8e4a196","local_time":"20201230085309","is_ascension_mode":false,"campfire_choices":[{"data":"MokouMod:RadiantBlade","floor":8.0,"key":"SMITH"},{"data":"MokouMod:Strike","floor":10.0,"key":"PURGE"},{"floor":15.0,"key":"REST"},{"data":"MokouMod:Strike","floor":23.0,"key":"PURGE"},{"floor":28.0,"key":"REST"},{"floor":30.0,"key":"REST"},{"data":"MokouMod:ResonanceReactor","floor":32.0,"key":"SMITH"}],"circlet_count":0,"master_deck":["MokouMod:Strike","MokouMod:Strike","MokouMod:Strike","MokouMod:Defend","MokouMod:Defend","MokouMod:Defend","MokouMod:Defend","MokouMod:HeatSpark","MokouMod:RadiantBlade+1","MokouMod:Ember","MokouMod:FlareStarter","MokouMod:Overheat","MokouMod:Fireball","MokouMod:Geothermal","MokouMod:Firecracker","MokouMod:ResoluteFlare","MokouMod:Ember","MokouMod:SacredFire","MokouMod:Ember+1","MokouMod:ScorchingColumn+1","MokouMod:ResonanceReactor+1","MokouMod:ResonatingAura","MokouMod:IndiscriminateIgnition","MokouMod:EnchantingBambooForest","MokouMod:BurningDraft+1","MokouMod:ResoluteFlare+1"],"relics":["MokouMod:PhoenixFeather","CultistMask","Peace Pipe","Bird Faced Urn","Darkstone Periapt","Philosopher\u0027s Stone","Nilry\u0027s Codex","Molten Egg 2","StoneCalendar","SlaversCollar","Gambling Chip"],"acts_visited":["Exordium","TheCity","TheBeyond"],"potions_floor_usage":[39,40],"damage_taken":[{"damage":6.0,"enemies":"Jaw Worm","floor":1.0,"turns":2.0},{"damage":4.0,"enemies":"Cultist","floor":2.0,"turns":4.0},{"damage":0.0,"enemies":"2 Louse","floor":3.0,"turns":2.0},{"damage":4.0,"enemies":"Blue Slaver","floor":4.0,"turns":2.0},{"damage":8.0,"enemies":"Gremlin Nob","floor":6.0,"turns":3.0},{"damage":0.0,"enemies":"Large Slime","floor":7.0,"turns":5.0},{"damage":0.0,"enemies":"Lots of Slimes","floor":11.0,"turns":3.0},{"damage":3.0,"enemies":"3 Louse","floor":12.0,"turns":3.0},{"damage":10.0,"enemies":"Looter","floor":13.0,"turns":3.0},{"damage":31.0,"enemies":"3 Sentries","floor":14.0,"turns":6.0},{"damage":29.0,"enemies":"Slime Boss","floor":16.0,"turns":14.0},{"damage":0.0,"enemies":"3 Byrds","floor":18.0,"turns":1.0},{"damage":2.0,"enemies":"Chosen","floor":22.0,"turns":4.0},{"damage":24.0,"enemies":"Slavers","floor":24.0,"turns":5.0},{"damage":0.0,"enemies":"3 Cultists","floor":25.0,"turns":3.0},{"damage":13.0,"enemies":"Shelled Parasite and Fungi","floor":27.0,"turns":3.0},{"damage":21.0,"enemies":"Snake Plant","floor":29.0,"turns":3.0},{"damage":0.0,"enemies":"Sentry and Sphere","floor":31.0,"turns":2.0},{"damage":30.0,"enemies":"Champ","floor":33.0,"turns":8.0},{"damage":18.0,"enemies":"Orb Walker","floor":35.0,"turns":3.0},{"damage":50.0,"enemies":"3 Darklings","floor":36.0,"turns":5.0},{"damage":0,"enemies":"Maw","floor":39,"turns":1},{"damage":8152094,"enemies":"Giant Head","floor":40,"turns":6}],"seed_played":"-1090358890259923830","potions_obtained":[{"floor":6.0,"key":"SneckoOil"},{"floor":11.0,"key":"SmokeBomb"},{"floor":13.0,"key":"CultistPotion"},{"floor":14.0,"key":"SmokeBomb"},{"floor":25.0,"key":"Swift Potion"}],"is_trial":false,"path_per_floor":["M","M","M","M","?","E","M","R","T","R","M","M","M","E","R","B",null,"M","?","$","?","M","R","E","M","T","M","R","M","R","M","R","B",null,"M","M","?","$","M","E"],"character_chosen":"MKU","items_purchased":["Molten Egg 2","Gambling Chip"],"campfire_rested":3,"item_purchase_floors":[20,38],"current_hp_per_floor":[69,65,65,61,61,53,53,53,53,53,53,50,40,9,31,2,75,75,59,59,59,57,57,33,33,33,20,42,21,43,43,43,21,75,59,17,17,17,17,0,0,0],"gold":11,"neow_bonus":"THREE_RARE_CARDS","is_daily":false,"chose_seed":false,"campfire_upgraded":2,"win_rate":0.0,"timestamp":1609285989,"path_taken":["M","M","M","M","?","E","?","R","T","R","?","M","M","E","R","BOSS","M","?","$","?","M","R","E","M","T","M","R","M","R","M","R","BOSS","M","M","?","$","M","E"],"items_purchased_type":["Relic","Relic"],"build_version":"2020-12-22","purchased_purges":0,"victory":false,"max_hp_per_floor":[75,75,75,75,75,75,75,75,75,75,75,75,75,75,75,75,75,75,75,75,75,75,75,75,75,75,75,75,75,75,75,75,75,75,75,75,75,75,75,75,75,75],"card_choices":[{"not_picked":["MokouMod:EnchantingBambooForest","MokouMod:Rebirth"],"picked":"MokouMod:RadiantBlade","floor":0.0},{"not_picked":["MokouMod:EternalBurstReactor","MokouMod:IndiscriminateIgnition"],"picked":"MokouMod:Ember","floor":1.0},{"not_picked":["MokouMod:Firecracker","MokouMod:Singe"],"picked":"MokouMod:FlareStarter","floor":2.0},{"not_picked":["MokouMod:ScorchingColumn","MokouMod:UncontrollableSolarReaction"],"picked":"MokouMod:Overheat","floor":3.0},{"not_picked":["MokouMod:FlareStarter","MokouMod:FlickeringFlame"],"picked":"MokouMod:Fireball","floor":4.0},{"not_picked":["MokouMod:ControlledCombustion","MokouMod:Scorch"],"picked":"MokouMod:Geothermal","floor":6.0},{"not_picked":["MokouMod:RoaringFlare","MokouMod:ScorchingColumn","MokouMod:Combust"],"picked":"SKIP","floor":7.0},{"not_picked":["MokouMod:TemporalFireSeal","MokouMod:EternalBurstReactor"],"picked":"MokouMod:Firecracker","floor":11.0},{"not_picked":["MokouMod:PhoenixFeathers","MokouMod:EternalBurstReactor"],"picked":"MokouMod:ResoluteFlare","floor":12.0},{"not_picked":["MokouMod:ControlledCombustion","MokouMod:InfernalWave","MokouMod:ShiftIgnition"],"picked":"SKIP","floor":13.0},{"not_picked":["MokouMod:Firecracker","MokouMod:InfernalWave"],"picked":"MokouMod:Ember","floor":14.0},{"not_picked":["MokouMod:ProfanedFlare","MokouMod:SearingBlow"],"picked":"MokouMod:SacredFire","floor":16.0},{"not_picked":["MokouMod:Afterburner","MokouMod:FlamingFireTalons+1"],"picked":"MokouMod:Ember+1","floor":22.0},{"not_picked":["MokouMod:InfernalWave+1","MokouMod:SearingShot+1"],"picked":"MokouMod:ScorchingColumn+1","floor":24.0},{"not_picked":["MokouMod:RisingSunBarrier","MokouMod:UncontrollableSolarReaction+1"],"picked":"MokouMod:ResonanceReactor","floor":25.0},{"not_picked":["MokouMod:IgneousBlow+1","MokouMod:UncontrollableSolarReaction+1","MokouMod:IgnitionBlast"],"picked":"SKIP","floor":27.0},{"not_picked":["MokouMod:Burn","MokouMod:AdaptivePyromancy+1"],"picked":"MokouMod:ResonatingAura","floor":29.0},{"not_picked":["MokouMod:Burn","MokouMod:BurningDraft"],"picked":"MokouMod:IndiscriminateIgnition","floor":31.0},{"not_picked":["MokouMod:ProfanedFlare","MokouMod:ExplosiveFlame"],"picked":"MokouMod:EnchantingBambooForest","floor":33.0},{"not_picked":["MokouMod:Ember+1","MokouMod:FusionFlare+1"],"picked":"MokouMod:BurningDraft+1","floor":35.0},{"not_picked":["MokouMod:IndiscriminateIgnition","MokouMod:FlareStarter"],"picked":"MokouMod:ResoluteFlare+1","floor":36.0}],"player_experience":37942,"relics_obtained":[{"floor":6.0,"key":"Peace Pipe"},{"floor":9.0,"key":"Bird Faced Urn"},{"floor":14.0,"key":"Darkstone Periapt"},{"floor":19.0,"key":"Nilry\u0027s Codex"},{"floor":24.0,"key":"StoneCalendar"}],"event_choices":[{"damage_healed":0.0,"max_hp_gain":0.0,"max_hp_loss":0.0,"gold_gain":0.0,"event_name":"FaceTrader","player_choice":"Trade","floor":5.0,"gold_loss":0.0,"damage_taken":0.0,"relics_obtained":["CultistMask"]},{"damage_healed":0.0,"max_hp_gain":0.0,"max_hp_loss":0.0,"gold_gain":0.0,"event_name":"Cursed Tome","player_choice":"Obtained Book","floor":19.0,"gold_loss":0.0,"damage_taken":16.0},{"damage_healed":0.0,"max_hp_gain":0.0,"max_hp_loss":0.0,"gold_gain":0.0,"event_name":"Vampires","player_choice":"Ignored","floor":21.0,"gold_loss":0.0,"damage_taken":0.0},{"damage_healed":0.0,"max_hp_gain":0.0,"max_hp_loss":0.0,"gold_gain":0.0,"event_name":"SensoryStone","player_choice":"Memory 1","floor":37.0,"gold_loss":0.0,"damage_taken":0.0}],"is_beta":false,"boss_relics":[{"not_picked":["Busted Crown","SacredBark"],"picked":"Philosopher\u0027s Stone"},{"not_picked":["Coffee Dripper","Black Star"],"picked":"SlaversCollar"}],"items_purged_floors":[],"is_endless":false,"potions_floor_spawned":[6,11,13,14,18,25,27,39],"killed_by":"Giant Head","ascension_level":0}}