{"host":"Zion","time":1609223005,"event":{"mods":["AchievementEnabler","BaseMod","Colored Map","DeckTracker","Minty Spire (QoL Compilation)","Quick Restart","Rare Cards Sparkle"],"gold_per_floor":[114,39,39,52,2,29,29,73,73,73,93,93,111,163,163,298,298,321,321,354,354,279,317,317,317,317],"floor_reached":25,"playtime":855,"items_purged":["Strike_R"],"score":328,"play_id":"aebe4dea-d40f-461d-99d6-d4780003a64b","local_time":"20201229152325","is_ascension_mode":true,"campfire_choices":[{"data":"Combust","floor":12.0,"key":"SMITH"},{"data":"Demon Form","floor":15.0,"key":"SMITH"},{"floor":24,"key":"REST"}],"circlet_count":0,"master_deck":["Strike_R","Defend_R","Defend_R","Defend_R","Defend_R","Bash","Twin Strike","Pommel Strike","Combust+1","Demon Form+1","Reaper","Bloodletting","Shrug It Off+1","Dual Wield"],"relics":["Burning Blood","NeowsBlessing","Sundial","Pantograph","Bloody Idol","Pocketwatch","CeramicFish","Black Star","Regal Pillow","Juzu Bracelet"],"acts_visited":["Exordium","TheCity"],"potions_floor_usage":[23,23],"damage_taken":[{"damage":0.0,"enemies":"Small Slimes","floor":1.0,"turns":1.0},{"damage":0.0,"enemies":"Jaw Worm","floor":4.0,"turns":1.0},{"damage":0.0,"enemies":"Gremlin Nob","floor":6.0,"turns":1.0},{"damage":20.0,"enemies":"Lagavulin","floor":8.0,"turns":3.0},{"damage":1.0,"enemies":"2 Louse","floor":11.0,"turns":2.0},{"damage":7.0,"enemies":"Looter","floor":13.0,"turns":2.0},{"damage":19.0,"enemies":"Gremlin Nob","floor":14.0,"turns":3.0},{"damage":39.0,"enemies":"Hexaghost","floor":16.0,"turns":5.0},{"damage":34.0,"enemies":"Spheric Guardian","floor":18.0,"turns":4.0},{"damage":18.0,"enemies":"3 Byrds","floor":20.0,"turns":4.0},{"damage":47,"enemies":"Slavers","floor":23,"turns":5},{"damage":3,"enemies":"Gremlin Leader","floor":25,"turns":2}],"seed_played":"-3454047739132953771","potions_obtained":[{"floor":4.0,"key":"CultistPotion"},{"floor":6.0,"key":"AttackPotion"},{"floor":13.0,"key":"Energy Potion"},{"floor":14.0,"key":"FearPotion"},{"floor":18.0,"key":"DistilledChaos"},{"floor":20.0,"key":"Weak Potion"}],"is_trial":false,"path_per_floor":["M","$","?","M","?","E","?","E","T","$","M","R","M","E","R","B",null,"M","?","M","?","?","E","R","E"],"character_chosen":"IRONCLAD","items_purchased":[],"campfire_rested":1,"item_purchase_floors":[],"current_hp_per_floor":[80,80,77,80,80,80,60,46,46,46,51,51,50,37,37,29,67,39,39,34,34,34,18,57,54,54],"gold":317,"neow_bonus":"THREE_ENEMY_KILL","is_daily":false,"chose_seed":false,"campfire_upgraded":2,"win_rate":0.0,"timestamp":1609223005,"path_taken":["M","$","?","M","?","E","?","E","T","?","M","R","M","E","R","BOSS","M","?","M","?","?","E","R","E"],"items_purchased_type":[],"build_version":"2020-12-18","purchased_purges":1,"victory":false,"max_hp_per_floor":[80,80,80,80,80,80,80,80,80,80,80,80,80,80,80,80,80,80,80,80,80,80,80,80,80,80],"card_choices":[{"not_picked":["Thunderclap","Perfected Strike"],"picked":"Twin Strike","floor":1.0},{"not_picked":["Feel No Pain","Pummel","Heavy Blade"],"picked":"SKIP","floor":4.0},{"not_picked":["Barricade","Anger"],"picked":"Pommel Strike","floor":6.0},{"not_picked":["Cleave","Havoc"],"picked":"Combust","floor":8.0},{"not_picked":["Clash","Sword Boomerang","Flex"],"picked":"SKIP","floor":11.0},{"not_picked":["Dark Embrace","Feel No Pain","Intimidate"],"picked":"SKIP","floor":13.0},{"not_picked":["Havoc","Wild Strike"],"picked":"Demon Form","floor":14.0},{"not_picked":["Limit Break","Corruption"],"picked":"Reaper","floor":16.0},{"not_picked":["Thunderclap","Metallicize+1"],"picked":"Bloodletting","floor":18.0},{"not_picked":["Pummel","Sword Boomerang+1"],"picked":"Shrug It Off+1","floor":20.0},{"not_picked":["Carnage","Rupture"],"picked":"Dual Wield","floor":23}],"player_experience":191943,"relics_obtained":[{"floor":6.0,"key":"Pantograph"},{"floor":8.0,"key":"Pocketwatch"},{"floor":14.0,"key":"CeramicFish"},{"floor":23,"key":"Regal Pillow"},{"floor":23,"key":"Juzu Bracelet"}],"event_choices":[{"damage_healed":0.0,"max_hp_gain":0.0,"max_hp_loss":0.0,"gold_gain":0.0,"event_name":"Scrap Ooze","player_choice":"Success","floor":3.0,"gold_loss":0.0,"damage_taken":3.0,"relics_obtained":["Sundial"]},{"cards_removed":["Strike_R"],"damage_healed":0.0,"max_hp_gain":0.0,"max_hp_loss":0.0,"gold_gain":0.0,"event_name":"The Cleric","player_choice":"Card Removal","floor":5.0,"gold_loss":50.0,"damage_taken":0.0},{"damage_healed":0.0,"max_hp_gain":0.0,"max_hp_loss":0.0,"gold_gain":0.0,"event_name":"Golden Idol","player_choice":"Take Damage","floor":7.0,"gold_loss":0.0,"damage_taken":20.0,"relics_obtained":["Golden Idol"]},{"cards_removed":["Strike_R"],"damage_healed":0.0,"max_hp_gain":0.0,"max_hp_loss":0.0,"gold_gain":0.0,"event_name":"Back to Basics","player_choice":"Elegance","floor":19.0,"gold_loss":0.0,"damage_taken":0.0},{"damage_healed":0.0,"max_hp_gain":0.0,"max_hp_loss":0.0,"gold_gain":0.0,"event_name":"Forgotten Altar","player_choice":"Gave Idol","floor":21.0,"relics_lost":["Golden Idol"],"gold_loss":0.0,"damage_taken":0.0,"relics_obtained":["Bloody Idol"]},{"cards_removed":["Strike_R"],"damage_healed":0.0,"max_hp_gain":0.0,"max_hp_loss":0.0,"gold_gain":0.0,"event_name":"Beggar","player_choice":"Gave Gold","floor":22.0,"gold_loss":75.0,"damage_taken":0.0}],"is_beta":true,"boss_relics":[{"not_picked":["Ectoplasm","Empty Cage"],"picked":"Black Star"}],"items_purged_floors":[2],"is_endless":false,"potions_floor_spawned":[4,6,13,14,18,20],"killed_by":"Gremlin Leader","ascension_level":5}}