{"host":"y89x8uui45kcjy42","time":1609217058,"event":{"mods":["2.2 Compatiblity","BaseMod","CapriCore","Colored Map","Colored Powertips","Custom Start","Friendly Minions","Highlight Path","Keyboard Shortcuts","Minty Spire (QoL Compilation)","Relic Stats","Slay the Relics Exporter","StSLib","SuperFastMode","Waifu the Spire"],"gold_per_floor":[110,128,145,70,90,125,125,125,125],"floor_reached":8,"playtime":229,"items_purged":["Strike_R"],"score":116,"play_id":"e2c9b556-0b18-4e09-aa32-9a4f2e3d6f95","local_time":"20201229134418","is_ascension_mode":true,"campfire_choices":[{"data":"Seeing Red","floor":7,"key":"SMITH"}],"circlet_count":0,"master_deck":["AscendersBane","Strike_R","Strike_R","Strike_R","Strike_R","Defend_R","Defend_R","Defend_R","Defend_R","Bash","Feel No Pain","Body Slam","Wild Strike","Seeing Red+1","Pommel Strike"],"relics":["Burning Blood","NeowsBlessing","Paper Frog"],"acts_visited":["Exordium"],"potions_floor_usage":[6,8],"damage_taken":[{"damage":0,"enemies":"2 Louse","floor":1,"turns":1},{"damage":0,"enemies":"Cultist","floor":2,"turns":1},{"damage":0,"enemies":"Small Slimes","floor":3,"turns":1},{"damage":29,"enemies":"Exordium Thugs","floor":5,"turns":5},{"damage":33,"enemies":"3 Sentries","floor":6,"turns":12},{"damage":30,"enemies":"Lagavulin","floor":8,"turns":4}],"seed_played":"1827054260689017516","potions_obtained":[{"floor":1,"key":"Weak Potion"},{"floor":2,"key":"DistilledChaos"}],"is_trial":false,"path_per_floor":["M","M","M","$","M","E","R","E"],"character_chosen":"IRONCLAD","items_purchased":[],"campfire_rested":0,"item_purchase_floors":[],"current_hp_per_floor":[74,75,75,75,52,25,25,0,0],"gold":125,"neow_bonus":"THREE_ENEMY_KILL","is_daily":false,"chose_seed":false,"campfire_upgraded":1,"win_rate":0.0,"timestamp":1609217058,"path_taken":["M","M","M","$","M","E","R","E"],"items_purchased_type":[],"build_version":"2020-12-22","purchased_purges":1,"victory":false,"max_hp_per_floor":[75,75,75,75,75,75,75,75,75],"relic_stats":{"counters":[6,24],"obtain_stats":[{"NeowsBlessing":0,"Burning Blood":0,"Paper Frog":6},{"NeowsBlessing":0,"Burning Blood":0,"Paper Frog":5},{"NeowsBlessing":0,"Burning Blood":0,"Paper Frog":20}],"Burning Blood":19},"card_choices":[{"not_picked":["Heavy Blade","Intimidate"],"picked":"Feel No Pain","floor":1},{"not_picked":["Clothesline","Perfected Strike"],"picked":"Body Slam","floor":2},{"not_picked":["Headbutt","True Grit"],"picked":"Wild Strike","floor":3},{"not_picked":["Headbutt","Burning Pact"],"picked":"Seeing Red","floor":5},{"not_picked":["Wild Strike","Brutality"],"picked":"Pommel Strike","floor":6}],"player_experience":523597,"relics_obtained":[{"floor":6,"key":"Paper Frog"}],"event_choices":[],"is_beta":false,"boss_relics":[],"items_purged_floors":[4],"is_endless":false,"potions_floor_spawned":[1,2],"killed_by":"Lagavulin","ascension_level":20}}