{"host":"9ylwqx3xq4e4v98b","time":1609284323,"event":{"mods":["AchievementEnabler","BaseMod","Colored Map","DeckTracker","Minty Spire (QoL Compilation)","Permanent Neow","StSLib","SuperFastMode","Td1madao Mod","The Animator"],"gold_per_floor":[113,113,63,77,177,208,208,222,222,222,239,264,277,290,290,387,387,404,417,435,326,341,341,440,440,440,440,472,472,274,289,289,387,387,399,413,413,129,129,129,18,36,114,114,131,151,169,169,169,169,169],"floor_reached":50,"playtime":1691,"items_purged":["Strike_G","Defend_G","Strike_G+1"],"score":524,"play_id":"bdb342b7-524f-41a6-8af2-2247ba5c6031","local_time":"20201229152523","is_ascension_mode":false,"campfire_choices":[{"data":"Die Die Die","floor":7,"key":"SMITH"},{"data":"Adrenaline","floor":10,"key":"SMITH"},{"data":"Catalyst","floor":15,"key":"SMITH"},{"data":"Catalyst","floor":23,"key":"SMITH"},{"data":"Bouncing Flask","floor":27,"key":"SMITH"},{"floor":29,"key":"REST"},{"floor":32,"key":"REST"},{"data":"Adrenaline","floor":40,"key":"SMITH"},{"data":"Footwork","floor":44,"key":"SMITH"},{"data":"Dodge and Roll","floor":49,"key":"SMITH"}],"circlet_count":0,"master_deck":["Strike_G+1","Defend_G+1","Defend_G+1","Defend_G+1","Defend_G+1","Survivor+1","Neutralize+1","Die Die Die+1","Deadly Poison+1","Bouncing Flask+1","Adrenaline+1","Catalyst+1","Poisoned Stab+1","Sucker Punch+1","Dodge and Roll+1","Corpse Explosion+1","Quick Slash+1","Dagger Spray+1","Bane+1","Catalyst+1","Noxious Fumes+1","Backflip+1","Deep Breath+1","Distraction+1","Burst+1","Deflect+1","Concentrate+1","Adrenaline+1","Footwork+1","Bouncing Flask","Deflect","Dodge and Roll+1","Parasite","Envenom","PiercingWail+1"],"relics":["Ring of the Snake","Mark of the Bloom"],"acts_visited":["Exordium","TheCity","TheBeyond"],"potions_floor_usage":[4,12,16,22,28,28,33,47,50,50],"damage_taken":[{"damage":0,"enemies":"Cultist","floor":1,"turns":4},{"damage":0,"enemies":"Small Slimes","floor":4,"turns":2},{"damage":8,"enemies":"Lagavulin","floor":6,"turns":6},{"damage":0,"enemies":"2 Louse","floor":8,"turns":1},{"damage":7,"enemies":"Gremlin Gang","floor":11,"turns":3},{"damage":9,"enemies":"3 Sentries","floor":12,"turns":4},{"damage":4,"enemies":"2 Fungi Beasts","floor":13,"turns":3},{"damage":1,"enemies":"Blue Slaver","floor":14,"turns":2},{"damage":12,"enemies":"The Guardian","floor":16,"turns":6},{"damage":5,"enemies":"Chosen","floor":18,"turns":4},{"damage":6,"enemies":"3 Byrds","floor":19,"turns":2},{"damage":17,"enemies":"Centurion and Healer","floor":20,"turns":5},{"damage":25,"enemies":"Sentry and Sphere","floor":22,"turns":6},{"damage":22,"enemies":"Slavers","floor":28,"turns":4},{"damage":2,"enemies":"Cultist and Chosen","floor":31,"turns":4},{"damage":21,"enemies":"Champ","floor":33,"turns":7},{"damage":15,"enemies":"3 Shapes","floor":35,"turns":3},{"damage":11,"enemies":"Orb Walker","floor":36,"turns":4},{"damage":3,"enemies":"Maw","floor":42,"turns":5},{"damage":10,"enemies":"3 Darklings","floor":45,"turns":4},{"damage":11,"enemies":"Writhing Mass","floor":46,"turns":4},{"damage":15,"enemies":"Maw","floor":47,"turns":5},{"damage":21,"enemies":"Time Eater","floor":50,"turns":3}],"seed_played":"-6467684269548011771","potions_obtained":[{"floor":4,"key":"EntropicBrew"},{"floor":8,"key":"Fire Potion"},{"floor":11,"key":"LiquidMemories"},{"floor":14,"key":"Dexterity Potion"},{"floor":19,"key":"Poison Potion"},{"floor":31,"key":"LiquidMemories"},{"floor":45,"key":"Weak Potion"},{"floor":46,"key":"SpeedPotion"},{"floor":47,"key":"Dexterity Potion"}],"is_trial":false,"path_per_floor":["M","?","?","M","?","E","R","M","T","R","M","E","M","M","R","B",null,"M","M","M","$","M","R","?","?","T","R","E","R","$","M","R","B",null,"M","M","?","$","?","R","$","M","T","R","M","M","M","?","R","B"],"character_chosen":"THE_SILENT","items_purchased":["Catalyst","Deep Breath","Adrenaline","Footwork","Bouncing Flask"],"campfire_rested":2,"item_purchase_floors":[21,30,38,41,41],"current_hp_per_floor":[70,56,56,56,56,48,48,48,48,48,41,32,28,27,27,15,70,65,59,42,42,32,32,32,32,32,32,10,31,31,29,50,29,70,55,44,44,44,44,44,44,41,41,41,31,20,5,5,5,0,0],"gold":169,"neow_bonus":"TRANSFORM_CARD","is_daily":false,"chose_seed":false,"campfire_upgraded":8,"win_rate":0.0,"timestamp":1609284323,"path_taken":["M","?","?","M","?","E","R","M","T","R","M","E","M","M","R","BOSS","M","?","M","$","M","R","?","?","T","R","E","R","$","M","R","BOSS","M","M","?","$","?","R","?","M","T","R","?","M","M","?","R","BOSS"],"items_purchased_type":["Card","Card","Card","Card","Card"],"build_version":"2020-12-22","purchased_purges":3,"victory":false,"max_hp_per_floor":[70,70,70,70,70,70,70,70,70,70,70,70,70,70,70,70,70,70,70,70,70,70,70,70,70,70,70,70,70,70,70,70,70,70,70,70,70,70,70,70,70,70,70,70,70,70,70,70,70,70,70],"card_choices":[{"not_picked":["Quick Slash","Outmaneuver"],"picked":"Deadly Poison","floor":1},{"not_picked":["Bane","Blade Dance"],"picked":"Bouncing Flask","floor":4},{"not_picked":["Underhanded Strike","Flying Knee"],"picked":"Adrenaline","floor":6},{"not_picked":["Riddle With Holes","Calculated Gamble","Acrobatics"],"picked":"SKIP","floor":8},{"not_picked":["Accuracy","Dagger Throw"],"picked":"Catalyst","floor":11},{"not_picked":["Eviscerate","Blade Dance"],"picked":"Poisoned Stab","floor":12},{"not_picked":["Quick Slash","Caltrops"],"picked":"Sucker Punch","floor":13},{"not_picked":["Blade Dance","Setup"],"picked":"Dodge and Roll","floor":14},{"not_picked":["Bullet Time","Adrenaline"],"picked":"Corpse Explosion","floor":16},{"not_picked":["Prepared","Dagger Spray"],"picked":"Quick Slash","floor":18},{"not_picked":["Blade Dance","Quick Slash"],"picked":"Dagger Spray+1","floor":19},{"not_picked":["Eviscerate","Predator"],"picked":"Bane","floor":20},{"not_picked":["Dagger Spray","Bouncing Flask"],"picked":"Noxious Fumes+1","floor":22},{"not_picked":["Cloak And Dagger+1","Bane+1"],"picked":"Backflip","floor":28},{"not_picked":["A Thousand Cuts","Endless Agony"],"picked":"Distraction+1","floor":31},{"not_picked":["Storm of Steel","A Thousand Cuts"],"picked":"Burst","floor":33},{"not_picked":["Distraction+1","Skewer"],"picked":"Deflect+1","floor":35},{"not_picked":["Blade Dance+1","Slice"],"picked":"Concentrate+1","floor":36},{"not_picked":["Underhanded Strike+1","Well Laid Plans"],"picked":"Deflect","floor":42},{"not_picked":["Quick Slash+1","Acrobatics"],"picked":"Dodge and Roll","floor":45},{"not_picked":["Dagger Spray+1","Sucker Punch+1"],"picked":"Envenom","floor":46},{"not_picked":["Finisher+1","All Out Attack"],"picked":"PiercingWail+1","floor":47}],"player_experience":189571,"relics_obtained":[],"event_choices":[{"damage_healed":0,"gold_gain":0,"player_choice":"Entered Light","damage_taken":14,"max_hp_gain":0,"max_hp_loss":0,"event_name":"Shining Light","floor":2,"gold_loss":0,"cards_upgraded":["Strike_G","Strike_G"]},{"cards_removed":["Strike_G"],"damage_healed":0,"gold_gain":0,"player_choice":"Card Removal","damage_taken":0,"max_hp_gain":0,"max_hp_loss":0,"event_name":"The Cleric","floor":3,"gold_loss":50},{"damage_healed":0,"gold_gain":100,"player_choice":"Pray","damage_taken":0,"max_hp_gain":0,"max_hp_loss":0,"event_name":"Golden Shrine","floor":5,"gold_loss":0},{"damage_healed":0,"gold_gain":99,"player_choice":"Stole From Cult","damage_taken":0,"max_hp_gain":0,"max_hp_loss":0,"event_name":"Nest","floor":24,"gold_loss":0},{"damage_healed":0,"gold_gain":0,"player_choice":"Upgrade","damage_taken":0,"relics_obtained":["Mark of the Bloom"],"max_hp_gain":0,"max_hp_loss":0,"event_name":"MindBloom","floor":37,"gold_loss":0,"cards_upgraded":["Defend_G","Defend_G","Defend_G","Defend_G","Survivor","Neutralize","Deadly Poison","Poisoned Stab","Sucker Punch","Dodge and Roll","Corpse Explosion","Quick Slash","Bane","Backflip","Deep Breath","Burst"]},{"damage_healed":0,"gold_gain":0,"player_choice":"Ignored","damage_taken":0,"max_hp_gain":0,"max_hp_loss":0,"event_name":"Mysterious Sphere","floor":39,"gold_loss":0},{"damage_healed":0,"gold_gain":0,"player_choice":"Ignored","damage_taken":0,"max_hp_gain":0,"max_hp_loss":0,"event_name":"Tomb of Lord Red Mask","floor":48,"gold_loss":0}],"is_beta":false,"boss_relics":[{"not_picked":["Astrolabe","Sozu","Black Star"]},{"not_picked":["Runic Dome","Tiny House","Philosopher\u0027s Stone"]}],"items_purged_floors":[21,30,38],"is_endless":false,"potions_floor_spawned":[4,8,11,14,19,20,31,45,46,47],"killed_by":"Time Eater","ascension_level":0}}