{"host":"56ghxnzsglgdq727","time":1609220008,"event":{"mods":["AchievementEnabler","BaseMod","Minty Spire (QoL Compilation)"],"gold_per_floor":[113,113,63,63,77,77,103,121,147,160,160,187,199,216,216,314,314,298,248,261,261,261],"floor_reached":21,"playtime":658,"items_purged":["Strike_G"],"score":216,"play_id":"d428aca9-f1eb-487c-9236-f4764b123433","local_time":"20201229003328","is_ascension_mode":false,"campfire_choices":[{"data":"Dagger Throw","floor":6,"key":"SMITH"},{"data":"Underhanded Strike","floor":11,"key":"SMITH"},{"floor":15,"key":"REST"}],"circlet_count":0,"master_deck":["Strike_G","Strike_G","Strike_G","Strike_G","Defend_G","Defend_G","Defend_G","Defend_G","Survivor","Neutralize","Reflex+1","Dagger Throw+1","Underhanded Strike+1","Acrobatics","Dagger Throw","Grand Finale","Noxious Fumes"],"relics":["Ring of the Snake","NeowsBlessing","Smiling Mask","Blood Vial","Potion Belt","SlaversCollar"],"acts_visited":["Exordium","TheCity"],"potions_floor_usage":[12,16],"damage_taken":[{"damage":0,"enemies":"2 Louse","floor":1,"turns":1},{"damage":0,"enemies":"Cultist","floor":5,"turns":1},{"damage":0,"enemies":"Lagavulin","floor":7,"turns":1},{"damage":0,"enemies":"Small Slimes","floor":8,"turns":2},{"damage":9,"enemies":"Red Slaver","floor":10,"turns":2},{"damage":19,"enemies":"3 Sentries","floor":12,"turns":5},{"damage":2,"enemies":"Looter","floor":13,"turns":2},{"damage":8,"enemies":"Lots of Slimes","floor":14,"turns":3},{"damage":55,"enemies":"Hexaghost","floor":16,"turns":12},{"damage":22,"enemies":"2 Thieves","floor":18,"turns":4},{"damage":28,"enemies":"Shell Parasite","floor":20,"turns":5},{"damage":15,"enemies":"Chosen and Byrds","floor":21,"turns":4}],"seed_played":"7446505184478961416","potions_obtained":[{"floor":5,"key":"AttackPotion"},{"floor":12,"key":"Ancient Potion"},{"floor":13,"key":"Weak Potion"},{"floor":20,"key":"LiquidBronze"}],"is_trial":false,"path_per_floor":["M","?","$","?","M","R","E","M","T","M","R","E","M","M","R","B",null,"M","$","M","M"],"character_chosen":"THE_SILENT","items_purchased":["Dagger Throw"],"campfire_rested":1,"item_purchase_floors":[3],"current_hp_per_floor":[70,63,63,63,63,63,63,63,63,56,56,39,39,33,54,1,70,48,48,22,9,9],"gold":261,"neow_bonus":"THREE_ENEMY_KILL","is_daily":false,"chose_seed":false,"campfire_upgraded":2,"win_rate":0.0,"timestamp":1609220008,"path_taken":["M","?","$","?","M","R","E","M","T","?","R","E","M","M","R","BOSS","M","$","M","M"],"items_purchased_type":["Card"],"build_version":"2020-12-22","purchased_purges":1,"victory":false,"max_hp_per_floor":[70,70,70,70,70,70,70,70,70,70,70,70,70,70,70,70,70,70,70,70,70,70],"card_choices":[{"not_picked":["Slice","Setup"],"picked":"Reflex","floor":1},{"not_picked":["Backflip","Blur","Cloak And Dagger"],"picked":"SKIP","floor":5},{"not_picked":["Riddle With Holes","Poisoned Stab"],"picked":"Underhanded Strike","floor":7},{"not_picked":["Escape Plan","Dagger Spray","Corpse Explosion"],"picked":"SKIP","floor":8},{"not_picked":["Catalyst","Outmaneuver","PiercingWail"],"picked":"SKIP","floor":10},{"not_picked":["Cloak And Dagger","Night Terror","Acrobatics"],"picked":"SKIP","floor":12},{"not_picked":["Cloak And Dagger","Night Terror"],"picked":"Acrobatics","floor":12},{"not_picked":["Catalyst","Bouncing Flask"],"picked":"Dagger Throw","floor":13},{"not_picked":["Acrobatics","Riddle With Holes","Sucker Punch"],"picked":"SKIP","floor":14},{"not_picked":["Phantasmal Killer","Die Die Die"],"picked":"Grand Finale","floor":16},{"not_picked":["Riddle With Holes","Slice","Quick Slash"],"picked":"SKIP","floor":18},{"not_picked":["Distraction","Dagger Spray+1"],"picked":"Noxious Fumes","floor":20}],"player_experience":44703,"relics_obtained":[{"floor":7,"key":"Smiling Mask"},{"floor":9,"key":"Blood Vial"},{"floor":12,"key":"Potion Belt"}],"event_choices":[{"cards_removed":["Defend_G"],"damage_healed":0,"gold_gain":0,"player_choice":"Card Removal","damage_taken":7,"max_hp_gain":0,"max_hp_loss":0,"event_name":"Golden Wing","floor":2,"gold_loss":0},{"damage_healed":0,"gold_gain":0,"player_choice":"Forge","damage_taken":0,"max_hp_gain":0,"max_hp_loss":0,"event_name":"Accursed Blacksmith","floor":4,"gold_loss":0,"cards_upgraded":["Reflex"]}],"is_beta":false,"boss_relics":[{"not_picked":["Coffee Dripper","Ectoplasm"],"picked":"SlaversCollar"}],"items_purged_floors":[19],"is_endless":false,"potions_floor_spawned":[5,12,13,20],"killed_by":"Chosen and Byrds","ascension_level":0}}