{"host":"vm8b3ptwl81uq21f","time":1609255469,"event":{"mods":["BaseMod","BetterRewards","Colored Map","Colored Powertips","Downfall","GifTheSpireLib","Googly Eyes","GungeonMod","Halation","Hubris","Infinite Spire","Minty Spire (QoL Compilation)","Quick Restart","Rare Cards Sparkle","Replay The Spire","Shop Mod","StSLib","Stuff the Spire","The Bug Knight","The IronCluck","[IsaacMod]????"],"gold_per_floor":[126,126,152,168,231,231,262,294,294,294,294,294,294,294],"floor_reached":13,"playtime":331,"items_purged":[],"score":132,"play_id":"3af2bb6a-c715-4ee4-ab03-166fe21f6053","local_time":"20201229102429","is_ascension_mode":false,"campfire_choices":[{"data":"Dash","floor":6,"key":"SMITH"},{"data":"Dagger Spray","floor":10,"key":"SMITH"},{"data":"Neutralize","floor":12,"key":"SMITH"}],"circlet_count":0,"master_deck":["Strike_G","Strike_G","Strike_G","Strike_G","Strike_G","Defend_G","Defend_G","Defend_G","Defend_G","Defend_G","Survivor","Neutralize+1","Dash+1","Hidden Blade","Dagger Spray+1","All Out Attack","hubris:NaturalOne"],"relics":["HushsDoor","BelialBook","ChampionBelt","DeadEye","Lizard Tail","StuffTheSpire:PointBlank","Sundial","Replay:Bottled Flurry","hubris:Icosahedron"],"acts_visited":["Exordium"],"potions_floor_usage":[8],"damage_taken":[{"damage":31,"enemies":"Gremlin Nob","floor":1,"turns":4},{"damage":31,"enemies":"Lagavulin","floor":3,"turns":6},{"damage":2,"enemies":"Small Slimes","floor":4,"turns":3},{"damage":0,"enemies":"Gremlin Nob","floor":7,"turns":2},{"damage":12,"enemies":"Lagavulin","floor":8,"turns":6},{"damage":0,"enemies":"HollowMod:MossKnight","floor":13,"turns":1}],"seed_played":"6826742585678213468","potions_obtained":[{"floor":7,"key":"SteroidPotion"},{"floor":8,"key":"Milkshake"}],"is_trial":false,"path_per_floor":["M","?","M","M","?","R","M","M","T","R","?","R","E"],"character_chosen":"THE_SILENT","items_purchased":[],"campfire_rested":0,"item_purchase_floors":[],"current_hp_per_floor":[39,62,31,29,29,29,29,17,17,17,17,17,17,17],"gold":294,"neow_bonus":"BOSS_RELIC","is_daily":false,"chose_seed":false,"campfire_upgraded":3,"win_rate":0.0,"timestamp":1609255469,"path_taken":["M","?","M","M","?","R","M","M","T","R","?","R","E"],"items_purchased_type":[],"build_version":"2020-12-22","purchased_purges":0,"victory":false,"max_hp_per_floor":[70,70,70,70,70,70,70,70,70,70,70,70,70,70],"card_choices":[{"not_picked":["Dagger Throw","Flying Knee"],"picked":"Bomb","floor":1},{"not_picked":["Backstab","Fluid Movement"],"picked":"Dash","floor":3},{"not_picked":["Backflip","StuffTheSpire:Injection"],"picked":"Hidden Blade","floor":4},{"not_picked":["StuffTheSpire:Repulse","Sucker Punch"],"picked":"Dagger Spray","floor":7},{"not_picked":["Sucker Punch","Concentrate"],"picked":"All Out Attack","floor":8}],"player_experience":324219,"relics_obtained":[{"floor":1,"key":"DeadEye"},{"floor":3,"key":"Lizard Tail"},{"floor":7,"key":"StuffTheSpire:PointBlank"},{"floor":8,"key":"Sundial"},{"floor":9,"key":"Replay:Bottled Flurry"}],"event_choices":[{"damage_healed":23,"gold_gain":0,"player_choice":"Banana","damage_taken":0,"max_hp_gain":0,"max_hp_loss":0,"event_name":"Big Fish","floor":2,"gold_loss":0},{"damage_healed":0,"gold_gain":63,"player_choice":"Gained Gold","damage_taken":0,"max_hp_gain":0,"max_hp_loss":0,"event_name":"Golden Wing","floor":5,"gold_loss":0}],"is_beta":false,"boss_relics":[],"items_purged_floors":[],"is_endless":false,"potions_floor_spawned":[7,8],"killed_by":"HollowMod:MossKnight","ascension_level":20}}