{"host":"ab3ipg3fqe03b2ex","time":1609214584,"event":{"mods":["AchievementEnabler","BaseMod","Colored Powertips","Minty Spire (QoL Compilation)","MostiFishMod","Quick Restart","Shop Mod","StSLib","TestMod","Uncapped","【功能Mod】Neow奖励","【功能Mod】精心准备"],"gold_per_floor":[116,116,128,128,147,147,181,181,181,201,219,219,235,245,245,343,343,356,367,68,87,87,87,12,42,68,86,86,86,105,121,121,220,220,239,249,249,261,271,306,322,354,380,392,404,423,433,464,464,464],"floor_reached":51,"playtime":1431,"items_purged":["Strike_G"],"score":1169,"play_id":"b96dc99f-8b2c-4ff7-bc26-4d3dafe8a933","local_time":"20201229120304","is_ascension_mode":false,"campfire_choices":[{"data":"Strike_G","floor":6.0,"key":"SMITH"},{"data":"Terror","floor":8.0,"key":"SMITH"},{"data":"Dagger Throw","floor":12.0,"key":"SMITH"},{"data":"Backstab","floor":15.0,"key":"SMITH"},{"data":"Quick Slash","floor":23,"key":"SMITH"},{"data":"Strike_G","floor":29,"key":"SMITH"},{"data":"Finisher","floor":32,"key":"SMITH"},{"data":"Riddle With Holes","floor":49,"key":"SMITH"}],"circlet_count":0,"master_deck":["Strike_G+1","Strike_G+1","Strike_G","Strike_G","Defend_G","Defend_G","Defend_G","Defend_G","Survivor","Neutralize","Terror+1","Dagger Throw+1","Quick Slash+1","Backstab+1","Dagger Spray+1","Finisher+1","Riddle With Holes+1","Masterful Stab+1"],"relics":["testmod-TestBox","ShadowXiaoBlade","testmod-FatalChain","ChiXiaoBlade","testmod-TimeTraveler","SynthV:TestCard","Lantern","Pear","OneHitWonderSystem","Civilization","SentryEyes","SynthV:C4","ExusiaiGun","HornCleat","Mummified Hand","Gremlin Horn","MealTicket","testmod-Muramasa"],"acts_visited":["Exordium","TheCity","TheBeyond"],"potions_floor_usage":[27,33,50,50],"damage_taken":[{"damage":0.0,"enemies":"2 Louse","floor":1.0,"turns":1.0},{"damage":0.0,"enemies":"Cultist","floor":3.0,"turns":1.0},{"damage":0.0,"enemies":"Small Slimes","floor":5.0,"turns":1.0},{"damage":0.0,"enemies":"3 Sentries","floor":7.0,"turns":1.0},{"damage":0.0,"enemies":"Red Slaver","floor":10.0,"turns":1.0},{"damage":0.0,"enemies":"3 Louse","floor":11.0,"turns":1.0},{"damage":0.0,"enemies":"Looter","floor":13.0,"turns":1.0},{"damage":0.0,"enemies":"Large Slime","floor":14.0,"turns":1.0},{"damage":25.0,"enemies":"Hexaghost","floor":16.0,"turns":3.0},{"damage":0.0,"enemies":"Chosen","floor":18.0,"turns":2.0},{"damage":0.0,"enemies":"Shell Parasite","floor":19.0,"turns":2.0},{"damage":0,"enemies":"Snecko","floor":21,"turns":2},{"damage":0,"enemies":"Book of Stabbing","floor":25,"turns":2},{"damage":0,"enemies":"Centurion and Healer","floor":27,"turns":2},{"damage":0,"enemies":"Shelled Parasite and Fungi","floor":30,"turns":1},{"damage":0,"enemies":"Snake Plant","floor":31,"turns":1},{"damage":0,"enemies":"Collector","floor":33,"turns":2},{"damage":0,"enemies":"Orb Walker","floor":35,"turns":1},{"damage":0,"enemies":"3 Shapes","floor":36,"turns":1},{"damage":0,"enemies":"Spire Growth","floor":38,"turns":1},{"damage":0,"enemies":"Maw","floor":39,"turns":1},{"damage":0,"enemies":"Giant Head","floor":40,"turns":1},{"damage":0,"enemies":"3 Darklings","floor":41,"turns":1},{"damage":0,"enemies":"Reptomancer","floor":42,"turns":1},{"damage":0,"enemies":"Sphere and 2 Shapes","floor":44,"turns":1},{"damage":0,"enemies":"4 Shapes","floor":45,"turns":1},{"damage":0,"enemies":"Writhing Mass","floor":46,"turns":1},{"damage":0,"enemies":"Transient","floor":47,"turns":1},{"damage":0,"enemies":"Nemesis","floor":48,"turns":1},{"damage":0,"enemies":"Donu and Deca","floor":50,"turns":1}],"seed_played":"5121266425606611450","potions_obtained":[{"floor":7.0,"key":"Fruit Juice"},{"floor":10.0,"key":"Ancient Potion"},{"floor":11.0,"key":"SteroidPotion"},{"floor":13.0,"key":"testmod-TestPotion"},{"floor":27,"key":"testmod-SpacePotion"},{"floor":30,"key":"Explosive Potion"},{"floor":36,"key":"Block Potion"},{"floor":38,"key":"GamblersBrew"},{"floor":40,"key":"GamblersBrew"},{"floor":47,"key":"DistilledChaos"}],"is_trial":false,"path_per_floor":["M","?","M","$","M","R","E","R","T","M","M","R","M","M","R","B",null,"M","M","$","M","?","R","$","E","T","M","$","R","M","M","R","B",null,"M","M","?","M","M","E","M","E","T","M","M","M","M","E","R","B",null],"character_chosen":"THE_SILENT","items_purchased":["Civilization"],"campfire_rested":0,"item_purchase_floors":[20],"current_hp_per_floor":[70,70,70,70,70,70,70,70,80,80,80,85,85,85,85,60,1,1,1,1,2,1,1,1,3,1,5,1,1,7,8,1,11,1,12,15,1,16,17,18,24,27,1,30,34,35,36,37,1,39],"gold":464,"neow_bonus":"BOSS_RELIC","is_daily":false,"chose_seed":false,"campfire_upgraded":8,"win_rate":0.0,"timestamp":1609214584,"path_taken":["M","?","M","?","M","R","E","R","T","M","M","R","M","M","R","BOSS","M","M","$","M","?","R","$","E","T","M","?","R","?","M","R","BOSS","M","?","?","M","M","E","M","E","T","M","M","M","M","E","R","BOSS"],"items_purchased_type":["Relic"],"build_version":"2020-12-22","purchased_purges":1,"victory":true,"max_hp_per_floor":[70,70,70,70,70,70,70,70,80,80,80,85,85,85,85,85,1,1,1,1,2,1,1,1,3,1,5,1,1,7,8,1,11,1,12,15,1,16,17,18,24,27,1,30,34,35,36,37,1,39],"card_choices":[{"not_picked":["Underhanded Strike","Deflect","Dodge and Roll"],"picked":"SKIP","floor":1.0},{"not_picked":["Poisoned Stab","Eviscerate","Terror","Masterful Stab","Sucker Punch"],"picked":"SKIP","floor":3.0},{"not_picked":["Quick Slash","MostiFishMod:PreservedThorns","Sucker Punch","Deflect","Dodge and Roll"],"picked":"SKIP","floor":5.0},{"not_picked":["Reflex","Footwork","Tools of the Trade","Distraction"],"picked":"Terror","floor":7.0},{"not_picked":["Dodge and Roll","Escape Plan","Backflip","Deflect"],"picked":"Dagger Throw","floor":10.0},{"not_picked":["Deflect","Crippling Poison","Endless Agony","Leg Sweep"],"picked":"Quick Slash","floor":11.0},{"not_picked":["Quick Slash","Acrobatics","Endless Agony","Dagger Spray","Dagger Throw"],"picked":"SKIP","floor":13.0},{"not_picked":["Predator","Footwork","MostiFishMod:PerfectParry","Dagger Spray"],"picked":"Backstab","floor":14.0},{"not_picked":["Deadly Poison","Poisoned Stab+1","Escape Plan","Dodge and Roll","Calculated Gamble"],"picked":"SKIP","floor":18.0},{"not_picked":["Blade Dance","Prepared+1","Poisoned Stab","PiercingWail"],"picked":"Dagger Spray+1","floor":19.0},{"not_picked":["MostiFishMod:LethalBlade","Crippling Poison","Deadly Poison+1","Prepared+1","MostiFishMod:InvigoratingSolution+1"],"picked":"SKIP","floor":21},{"not_picked":["Underhanded Strike","Dash","PiercingWail","Dodge and Roll","Sucker Punch+1"],"picked":"SKIP","floor":25},{"not_picked":["Acrobatics","Flechettes+1","MostiFishMod:PerfectParry","Flying Knee+1","PiercingWail"],"picked":"SKIP","floor":27},{"not_picked":["Noxious Fumes","Acrobatics","Flying Knee+1","Crippling Poison+1","Dodge and Roll"],"picked":"SKIP","floor":30},{"not_picked":["Calculated Gamble","Outmaneuver","MostiFishMod:PerfectParry","Dodge and Roll+1"],"picked":"Finisher","floor":31},{"not_picked":["MostiFishMod:PoisonShield+1","Slice+1","MostiFishMod:PerfectParry+1","Backflip"],"picked":"Riddle With Holes","floor":35},{"not_picked":["All Out Attack","PiercingWail+1","Dodge and Roll","Reflex","Outmaneuver"],"picked":"SKIP","floor":36},{"not_picked":["Leg Sweep+1","Distraction+1","Deadly Poison","Dash","After Image"],"picked":"SKIP","floor":38},{"not_picked":["Acrobatics","Slice+1","PiercingWail+1","Leg Sweep","Underhanded Strike+1"],"picked":"SKIP","floor":39},{"not_picked":["Endless Agony+1","Reflex+1","Infinite Blades+1","Underhanded Strike+1","Prepared+1"],"picked":"SKIP","floor":40},{"not_picked":["PiercingWail","Backstab+1","Slice","Outmaneuver"],"picked":"Masterful Stab+1","floor":41},{"not_picked":["After Image","Crippling Poison","MostiFishMod:PoisonShield","MostiFishMod:InvigoratingSolution","Deflect"],"picked":"SKIP","floor":42},{"not_picked":["Dodge and Roll","Eviscerate","MostiFishMod:PerfectParry","Flying Knee+1","Dagger Throw+1"],"picked":"SKIP","floor":44},{"not_picked":["Underhanded Strike+1","Glass Knife","Outmaneuver+1","Prepared+1","Flying Knee"],"picked":"SKIP","floor":45},{"not_picked":["Sucker Punch+1","Flying Knee","Slice","Poisoned Stab","Underhanded Strike+1"],"picked":"SKIP","floor":46},{"not_picked":["Acrobatics","Slice","Outmaneuver","Deflect","Distraction"],"picked":"SKIP","floor":47},{"not_picked":["Acrobatics+1","Riddle With Holes+1","Skewer+1","MostiFishMod:PerfectParry","PiercingWail+1"],"picked":"SKIP","floor":48}],"player_experience":6477,"relics_obtained":[{"floor":1.0,"key":"SynthV:TestCard"},{"floor":7.0,"key":"Lantern"},{"floor":9.0,"key":"Pear"},{"floor":25,"key":"SentryEyes"},{"floor":26,"key":"SynthV:C4"},{"floor":40,"key":"Mummified Hand"},{"floor":42,"key":"Gremlin Horn"},{"floor":43,"key":"MealTicket"},{"floor":48,"key":"testmod-Muramasa"}],"event_choices":[{"cards_removed":["Defend_G"],"damage_healed":0.0,"max_hp_gain":0.0,"max_hp_loss":0.0,"gold_gain":0.0,"event_name":"Wheel of Change","player_choice":"Card Removal","floor":2.0,"gold_loss":0.0,"damage_taken":0.0},{"damage_healed":0,"gold_gain":0,"player_choice":"Ignored","damage_taken":0,"max_hp_gain":0,"max_hp_loss":0,"event_name":"N\u0027loth","floor":22,"gold_loss":0},{"damage_healed":0,"gold_gain":0,"player_choice":"Gave Potion","damage_taken":0,"relics_obtained":["HornCleat"],"max_hp_gain":0,"max_hp_loss":0,"event_name":"WeMeetAgain","floor":37,"gold_loss":0}],"is_beta":false,"boss_relics":[{"not_picked":["Fusion Hammer","testmod-BatchProcessingSystem"],"picked":"OneHitWonderSystem"},{"not_picked":["RhineFirstAidKit","Philosopher\u0027s Stone"],"picked":"ExusiaiGun"}],"items_purged_floors":[24],"is_endless":false,"potions_floor_spawned":[7,10,11,13,19,27,30,36,38,40,44,47],"ascension_level":0}}