{"host":"31s8hzukbhz1k6i6","time":1609206833,"event":{"mods":["BaseMod","Colored Map","Minty Spire (QoL Compilation)","Relic Stats","UnlockEverythingMod"],"gold_per_floor":[109,119,119,44,55,82,82,82,82,111,111,124,149,164,164,164,164],"floor_reached":16,"playtime":616,"items_purged":["Pain"],"score":180,"play_id":"0de7746b-66b9-430f-a16d-2d9aec3a3fd0","local_time":"20201228175353","is_ascension_mode":true,"campfire_choices":[{"data":"Skewer","floor":7,"key":"SMITH"},{"data":"Predator","floor":15,"key":"SMITH"}],"circlet_count":0,"master_deck":["AscendersBane","Strike_G","Strike_G","Strike_G","Strike_G","Strike_G","Defend_G","Defend_G","Defend_G","Defend_G","Defend_G","Survivor","Neutralize","Doppelganger+1","Skewer+1","Predator+1","Catalyst","Outmaneuver","Backflip"],"relics":["Ring of the Snake","WarpedTongs","Meat on the Bone","Pen Nib","Question Card"],"acts_visited":["Exordium"],"potions_floor_usage":[10,10,16],"damage_taken":[{"damage":2,"enemies":"Small Slimes","floor":1,"turns":5},{"damage":0,"enemies":"Cultist","floor":2,"turns":4},{"damage":2,"enemies":"Jaw Worm","floor":5,"turns":5},{"damage":20,"enemies":"Lagavulin","floor":6,"turns":8},{"damage":10,"enemies":"3 Sentries","floor":10,"turns":6},{"damage":0,"enemies":"Looter","floor":12,"turns":3},{"damage":12,"enemies":"Lagavulin","floor":13,"turns":7},{"damage":8,"enemies":"Blue Slaver","floor":14,"turns":3},{"damage":38,"enemies":"Hexaghost","floor":16,"turns":9}],"seed_played":"1637443261907643754","potions_obtained":[{"floor":1,"key":"AttackPotion"},{"floor":2,"key":"Energy Potion"},{"floor":5,"key":"SkillPotion"},{"floor":10,"key":"LiquidMemories"},{"floor":13,"key":"DuplicationPotion"}],"is_trial":false,"path_per_floor":["M","M","?","$","M","E","R","?","T","E","?","M","E","M","R","B"],"character_chosen":"THE_SILENT","items_purchased":[],"campfire_rested":0,"item_purchase_floors":[],"current_hp_per_floor":[61,61,61,61,59,39,39,39,39,41,46,46,46,38,38,0,0],"gold":164,"neow_bonus":"ONE_RANDOM_RARE_CARD","is_daily":false,"chose_seed":false,"campfire_upgraded":2,"win_rate":0.0,"timestamp":1609206833,"path_taken":["M","M","?","$","?","E","R","?","T","E","?","M","E","M","R","BOSS"],"items_purchased_type":[],"build_version":"2020-12-22","purchased_purges":1,"victory":false,"max_hp_per_floor":[70,70,70,70,70,70,70,70,70,70,75,75,75,75,75,75,75],"relic_stats":{"counters":[9,50],"Pen Nib":[3],"Question Card":1,"obtain_stats":[{"Pen Nib":10,"Question Card":13,"Ring of the Snake":0,"WarpedTongs":3,"Meat on the Bone":6},{"Pen Nib":5,"Question Card":7,"Ring of the Snake":0,"WarpedTongs":2,"Meat on the Bone":4},{"Pen Nib":28,"Question Card":38,"Ring of the Snake":0,"WarpedTongs":9,"Meat on the Bone":22}],"Ring of the Snake":[18],"WarpedTongs":[41],"Meat on the Bone":24},"card_choices":[{"not_picked":["Sucker Punch","Slice"],"picked":"Skewer","floor":1},{"not_picked":["Sucker Punch","Distraction","Heel Hook"],"picked":"SKIP","floor":2},{"not_picked":["Flying Knee","Deflect","Dagger Throw"],"picked":"SKIP","floor":5},{"not_picked":["Storm of Steel","Bane","Quick Slash"],"picked":"SKIP","floor":6},{"not_picked":["Distraction","Slice"],"picked":"Predator","floor":10},{"not_picked":["Dagger Throw","Sucker Punch"],"picked":"Catalyst","floor":12},{"not_picked":["Slice","Quick Slash"],"picked":"Outmaneuver","floor":13},{"not_picked":["Underhanded Strike","Backstab","Cloak And Dagger"],"picked":"Backflip","floor":14}],"player_experience":70118,"relics_obtained":[{"floor":6,"key":"Meat on the Bone"},{"floor":10,"key":"Pen Nib"},{"floor":13,"key":"Question Card"}],"event_choices":[{"damage_healed":0,"gold_gain":0,"player_choice":"Rummage","damage_taken":0,"relics_obtained":["WarpedTongs"],"max_hp_gain":0,"max_hp_loss":0,"event_name":"Accursed Blacksmith","floor":3,"gold_loss":0,"cards_obtained":["Pain"]},{"damage_healed":0,"gold_gain":0,"player_choice":"Grow","damage_taken":0,"max_hp_gain":0,"max_hp_loss":0,"event_name":"Living Wall","floor":8,"gold_loss":0,"cards_upgraded":["Doppelganger"]},{"damage_healed":0,"gold_gain":0,"player_choice":"Donut","damage_taken":0,"max_hp_gain":5,"max_hp_loss":0,"event_name":"Big Fish","floor":11,"gold_loss":0}],"is_beta":false,"boss_relics":[],"items_purged_floors":[4],"is_endless":false,"potions_floor_spawned":[1,2,5,10,13],"killed_by":"Hexaghost","ascension_level":10}}