{"host":"tyfpg4h531zkrrpn","time":1609284829,"event":{"mods":["Act Like it!","BaseMod","CapriCore","Card Filter","Colored Map","Evolution","Minty Spire (QoL Compilation)","MostiFishMod","Permanent Neow","Quick Restart","Relic Filter","StSLib","Waifu the Spire"],"gold_per_floor":[114,126,41,41,53,53,88,88,141,175,189,207,235,246,246,341,341,359,35,35,53,128,159,1371,1397,1420,1438,1454,1484,1484,1516,1516,1613,1613,1629,1641,1444,1455,1005,1005,1024,1049,1061,1087,1099,1144,1156,1238,1250,1262,1274,1286,794,827,829],"floor_reached":56,"playtime":6191,"items_purged":["Zap","Dualcast+1","MostiFishMod:TalkingToTheRain+1"],"score":1788,"play_id":"0455410c-d48c-491f-9f65-0a426f1d4fa1","local_time":"20201229153349","is_ascension_mode":true,"campfire_choices":[{"data":"Sweeping Beam","floor":6,"key":"SMITH"},{"data":"Coolheaded","floor":8,"key":"SMITH"},{"data":"Streamline","floor":15,"key":"SMITH"},{"data":"Defragment","floor":32,"key":"SMITH"},{"floor":40,"key":"RECALL"},{"data":"MostiFishMod:TalkingToTheRain","floor":45,"key":"SMITH"},{"data":"MostiFishMod:ActiveDefenseSystem","floor":47,"key":"SMITH"},{"data":"Capacitor","floor":49,"key":"SMITH"},{"data":"Barrage","floor":52,"key":"SMITH"}],"circlet_count":0,"master_deck":["Strike_B+1","Strike_B+1","Strike_B+1","Strike_B+1","Defend_B+1","Defend_B+1","Defend_B+1","Defend_B+1","Sweeping Beam+1","Ball Lightning","MostiFishMod:ButterFly+1","Coolheaded+1","Ball Lightning+1","Leap+1","Streamline+1","Capacitor+1","MostiFishMod:Hijack+1","Barrage+1","Defragment+1","Coolheaded+1","Core Surge","White Noise+1","Defragment+1","MostiFishMod:Impulse+1","Conserve Battery+1","MostiFishMod:GatherIntelligence+1","MostiFishMod:ActiveDefenseSystem+1","Leap+1"],"relics":["Cracked Core","EVO:Axolotl","DaveBox","DianPoetry","SynthV:TestCard","Pantograph","Kunai","Oddly Smooth Stone","Ornamental Fan","JellyFishMachine","StrikeDummy","Bottled Lightning","Pen Nib","Nunchaku","Smiling Mask","Happy Flower","PatriotShield","MealTicket","Shuriken","Whetstone","MawBank","Meat on the Bone","HornCleat","Pear","Dodecahedron","CombinedTypeHook","Centennial Puzzle"],"acts_visited":["Exordium","TheCity","TheBeyond","TheEnding"],"potions_floor_usage":[23,55,55],"damage_taken":[{"damage":0,"enemies":"Cultist","floor":1,"turns":3},{"damage":5,"enemies":"2 Louse","floor":2,"turns":2},{"damage":10,"enemies":"Small Slimes","floor":5,"turns":2},{"damage":10,"enemies":"3 Sentries","floor":7,"turns":4},{"damage":8,"enemies":"Gremlin Nob","floor":10,"turns":3},{"damage":8,"enemies":"Exordium Wildlife","floor":11,"turns":3},{"damage":2,"enemies":"Exordium Thugs","floor":12,"turns":3},{"damage":7,"enemies":"3 Sentries","floor":13,"turns":3},{"damage":7,"enemies":"3 Louse","floor":14,"turns":2},{"damage":24,"enemies":"Hexaghost","floor":16,"turns":6},{"damage":0,"enemies":"Spheric Guardian","floor":18,"turns":2},{"damage":9,"enemies":"3 Byrds","floor":21,"turns":2},{"damage":23,"enemies":"Slavers","floor":23,"turns":2},{"damage":12,"enemies":"Centurion and Healer","floor":24,"turns":3},{"damage":2,"enemies":"Book of Stabbing","floor":25,"turns":3},{"damage":3,"enemies":"Chosen and Byrds","floor":27,"turns":4},{"damage":0,"enemies":"Snecko","floor":28,"turns":3},{"damage":22,"enemies":"Slavers","floor":29,"turns":4},{"damage":0,"enemies":"Gremlin Leader","floor":31,"turns":2},{"damage":0,"enemies":"Champ","floor":33,"turns":7},{"damage":0,"enemies":"Orb Walker","floor":35,"turns":2},{"damage":0,"enemies":"3 Darklings","floor":36,"turns":1},{"damage":0,"enemies":"Writhing Mass","floor":38,"turns":1},{"damage":0,"enemies":"Jaw Worm Horde","floor":41,"turns":2},{"damage":0,"enemies":"Nemesis","floor":42,"turns":3},{"damage":0,"enemies":"3 Darklings","floor":44,"turns":2},{"damage":0,"enemies":"Reptomancer","floor":46,"turns":3},{"damage":0,"enemies":"Awakened One","floor":50,"turns":4},{"damage":0,"enemies":"Shield and Spear","floor":54,"turns":4},{"damage":0,"enemies":"The Heart","floor":55,"turns":4}],"seed_played":"-7887767095109212411","potions_obtained":[{"floor":1,"key":"Fire Potion"},{"floor":2,"key":"LiquidMemories"},{"floor":10,"key":"Energy Potion"},{"floor":11,"key":"PotionOfCapacity"},{"floor":24,"key":"Block Potion"}],"is_trial":false,"path_per_floor":["M","M","$","?","M","R","E","R","T","E","M","M","E","M","R","B",null,"M","$","?","M","?","E","M","E","T","M","M","E","?","E","R","B",null,"M","M","$","M","$","R","M","E","T","M","R","E","R","T","R","B",null,"R","$","E","B",null],"character_chosen":"DEFECT","items_purchased":["MostiFishMod:ButterFly","StrikeDummy","Defragment","MealTicket","Shuriken","Whetstone","Dodecahedron","CombinedTypeHook"],"campfire_rested":0,"item_purchase_floors":[3,19,19,37,39,39,53,53],"current_hp_per_floor":[75,70,70,70,64,64,58,58,58,54,50,60,69,62,62,55,75,75,75,75,66,59,36,24,26,26,35,39,17,17,21,21,52,75,75,75,75,75,75,75,75,75,75,75,75,75,75,85,85,85,85,85,85,85,85],"gold":829,"neow_bonus":"ONE_RANDOM_RARE_CARD","is_daily":false,"chose_seed":false,"campfire_upgraded":8,"win_rate":0.0,"timestamp":1609284829,"path_taken":["M","?","$","?","M","R","E","R","T","E","M","M","E","?","R","BOSS","M","$","?","M","?","E","M","E","T","M","?","E","?","E","R","BOSS","M","?","$","M","$","R","?","E","T","M","R","E","R","?","R","BOSS","R","$","E","BOSS"],"items_purchased_type":["Card","Relic","Card","Relic","Relic","Relic","Relic","Relic"],"build_version":"2020-12-22","purchased_purges":3,"victory":true,"max_hp_per_floor":[75,75,75,75,75,75,75,75,75,75,75,75,75,75,75,75,75,75,75,75,75,75,75,75,75,75,75,75,75,75,75,75,75,75,75,75,75,75,75,75,75,75,75,75,75,75,75,85,85,85,85,85,85,85,85],"card_choices":[{"not_picked":["Cold Snap","Hologram"],"picked":"Sweeping Beam","floor":1},{"not_picked":["Streamline","Beam Cell","Stack","Self Repair"],"picked":"Ball Lightning","floor":2},{"not_picked":["Redo","Hello World","Sweeping Beam","Creative AI"],"picked":"Coolheaded","floor":5},{"not_picked":["Beam Cell","Conserve Battery","Recycle","MostiFishMod:Distribution"],"picked":"Ball Lightning","floor":7},{"not_picked":["Fusion","Cold Snap","Beam Cell","Chill"],"picked":"Leap","floor":10},{"not_picked":["Double Energy","MostiFishMod:PushDownKick","Heatsinks","Fusion"],"picked":"Streamline","floor":11},{"not_picked":["Force Field","Sweeping Beam","White Noise","Coolheaded"],"picked":"Capacitor","floor":12},{"not_picked":["Heatsinks","Coolheaded","Storm","Force Field","Auto Shields"],"picked":"SKIP","floor":13},{"not_picked":["Cold Snap","Heatsinks","Ball Lightning","Hologram","Static Discharge"],"picked":"SKIP","floor":14},{"not_picked":["Reboot","Biased Cognition","Rainbow","MostiFishMod:GoodWordForIt"],"picked":"MostiFishMod:Hijack","floor":16},{"not_picked":["MostiFishMod:PushDownKick","Beam Cell","Chaos+1","Hello World"],"picked":"Barrage","floor":18},{"not_picked":["Redo","Barrage","Cold Snap","Sweeping Beam"],"picked":"Coolheaded","floor":21},{"not_picked":["MostiFishMod:Impulse","Chaos","BootSequence","Ball Lightning"],"picked":"Core Surge","floor":23},{"not_picked":["Tempest+1","Stack+1","Reinforced Body","Hologram","Streamline"],"picked":"SKIP","floor":24},{"not_picked":["Steam Power","Genetic Algorithm","Force Field","Loop"],"picked":"White Noise+1","floor":25},{"not_picked":["Genetic Algorithm+1","Hologram","Hello World","Double Energy","Barrage"],"picked":"SKIP","floor":27},{"not_picked":["Leap+1","Cold Snap+1","Steam Power","Stack"],"picked":"Defragment+1","floor":28},{"not_picked":["Streamline","Skim","All For One","MostiFishMod:FluxCapactior"],"picked":"MostiFishMod:Impulse+1","floor":29},{"not_picked":["Beam Cell","Redo","Sweeping Beam+1","MostiFishMod:Impulse","Multi-Cast"],"picked":"SKIP","floor":31},{"not_picked":["Biased Cognition","MostiFishMod:InterfaceCompatibility","MostiFishMod:Overload","MostiFishMod:Culaccino"],"picked":"MostiFishMod:TalkingToTheRain","floor":33},{"not_picked":["Stack+1","Sweeping Beam","Consume","Beam Cell"],"picked":"Conserve Battery+1","floor":35},{"not_picked":["Steam Power","Leap+1","Static Discharge+1","Barrage+1","Conserve Battery"],"picked":"SKIP","floor":36},{"not_picked":["Turbo+1","Ball Lightning+1","Skim+1","Beam Cell"],"picked":"MostiFishMod:GatherIntelligence+1","floor":38},{"not_picked":["Double Energy+1","Leap+1","Heatsinks","MostiFishMod:FluxCapactior","Streamline"],"picked":"SKIP","floor":41},{"not_picked":["MostiFishMod:InterfaceCompatibility","Lockon+1","Stack+1","Steam Power","Static Discharge+1"],"picked":"SKIP","floor":42},{"not_picked":["Hologram+1","Coolheaded","Cold Snap","Redo+1","Ball Lightning+1"],"picked":"SKIP","floor":44},{"not_picked":["Static Discharge","Cold Snap+1","Hologram+1","Beam Cell"],"picked":"MostiFishMod:ActiveDefenseSystem","floor":46},{"not_picked":["Redo+1","Coolheaded+1","Fission","Sweeping Beam+1"],"picked":"Leap+1","floor":54}],"player_experience":552875,"relics_obtained":[{"floor":1,"key":"SynthV:TestCard"},{"floor":7,"key":"Kunai"},{"floor":10,"key":"Oddly Smooth Stone"},{"floor":13,"key":"Ornamental Fan"},{"floor":23,"key":"Bottled Lightning"},{"floor":25,"key":"Pen Nib"},{"floor":26,"key":"Nunchaku"},{"floor":29,"key":"Smiling Mask"},{"floor":31,"key":"Happy Flower"},{"floor":42,"key":"MawBank"},{"floor":43,"key":"Meat on the Bone"},{"floor":46,"key":"HornCleat"},{"floor":48,"key":"Pear"},{"floor":54,"key":"Centennial Puzzle"}],"event_choices":[{"damage_healed":0,"gold_gain":0,"player_choice":"Gave Potion","damage_taken":0,"relics_obtained":["Pantograph"],"max_hp_gain":0,"max_hp_loss":0,"event_name":"WeMeetAgain","floor":4,"gold_loss":0},{"damage_healed":0,"gold_gain":0,"player_choice":"Simplicity","damage_taken":0,"max_hp_gain":0,"max_hp_loss":0,"event_name":"Back to Basics","floor":20,"gold_loss":0,"cards_upgraded":["Strike_B","Strike_B","Strike_B","Strike_B","Defend_B","Defend_B","Defend_B","Defend_B"]},{"damage_healed":0,"gold_gain":75,"player_choice":"Touch","damage_taken":7,"max_hp_gain":0,"max_hp_loss":0,"event_name":"FaceTrader","floor":22,"gold_loss":0},{"damage_healed":0,"gold_gain":0,"player_choice":"Got Potions","damage_taken":0,"max_hp_gain":0,"max_hp_loss":0,"event_name":"Lab","floor":30,"gold_loss":0}],"is_beta":false,"boss_relics":[{"not_picked":["FrostBlade","RhineCircuit"],"picked":"JellyFishMachine"},{"not_picked":["GreenFoldingFan","RhineFirstAidKit"],"picked":"PatriotShield"}],"items_purged_floors":[37,39,53],"is_endless":false,"potions_floor_spawned":[1,2,10,11,12,14,21,24,25,28,36,41,44,46],"ascension_level":2}}