{"host":"61ejhfsushs0xmcl","time":1609245396,"event":{"mods":["ATMod(阿瑾Mod)","Act Like it!","BaseMod","Colored Map","Gensokyo","Gold Saver","HumanHunterMod(怪物杀人mod)","Marisa（F雨　魔理沙）","Minty Spire (QoL Compilation)","MostiFishMod","Pale of the Ancients","Spicy Shops","StSLib","TestMod","Waifu the Spire","篝火指南"],"gold_per_floor":[2029,2029,2042,2042,2057,2057,2057],"floor_reached":6,"playtime":212,"items_purged":[],"score":72,"play_id":"b1b9940d-03f3-4b3a-97a7-8e4b611cc064","local_time":"20201229203636","is_ascension_mode":true,"campfire_choices":[],"circlet_count":0,"master_deck":["AscendersBane","Strike_P","Strike_P","Strike_P","Strike_P","Defend_P","Defend_P","Defend_P","Defend_P","Eruption","Vigilance","AT_ChampionKick","MostiFishMod:Nomercy","FlurryOfBlows","Pray"],"relics":["PureWater","testmod-TestBox","AT_ATBox","testmod-BouquetWithThorns","testmod-NegativeEmotionEnhancer","ChiXiaoBlade","SynthV:TestCard","DaveBox","Dodecahedron"],"acts_visited":["Exordium"],"potions_floor_usage":[],"damage_taken":[{"damage":6.0,"enemies":"Small Slimes","floor":1.0,"turns":4.0},{"damage":3.0,"enemies":"2 Louse","floor":3.0,"turns":4.0},{"damage":19.0,"enemies":"Jaw Worm","floor":5.0,"turns":4.0},{"damage":34,"enemies":"3 Sentries","floor":6,"turns":2}],"seed_played":"1133672588600689978","potions_obtained":[{"floor":5,"key":"Weak Potion"}],"is_trial":false,"path_per_floor":["M","?","M","?","M","E"],"character_chosen":"WATCHER","items_purchased":[],"campfire_rested":0,"item_purchase_floors":[],"current_hp_per_floor":[40,40,40,40,23,0,0],"gold":2057,"neow_bonus":"ONE_RARE_RELIC","is_daily":false,"chose_seed":false,"campfire_upgraded":0,"win_rate":0.0,"timestamp":1609245396,"path_taken":["M","?","M","?","M","E"],"items_purchased_type":[],"build_version":"2020-12-22","purchased_purges":0,"victory":false,"max_hp_per_floor":[69,69,70,70,71,71,71],"card_choices":[{"not_picked":["CutThroughFate","WheelKick"],"picked":"MostiFishMod:Nomercy","floor":1.0},{"not_picked":["CrushJoints","MostiFishMod:LegendTransform","Conclude","CarveReality"],"picked":"FlurryOfBlows","floor":3.0},{"not_picked":["Evaluate","ClearTheMind","ThirdEye","WindmillStrike"],"picked":"Pray","floor":5}],"player_experience":817047,"relics_obtained":[{"floor":1.0,"key":"SynthV:TestCard"}],"event_choices":[{"damage_healed":0.0,"max_hp_gain":0.0,"max_hp_loss":0.0,"gold_gain":0.0,"event_name":"Liars Game","player_choice":"Ignored","floor":2.0,"gold_loss":0.0,"damage_taken":0.0},{"damage_healed":0.0,"max_hp_gain":0.0,"max_hp_loss":0.0,"gold_gain":0.0,"event_name":"给自己的盒子","player_choice":"Swap Relic","floor":4.0,"relics_lost":["DaveBox"],"gold_loss":0.0,"damage_taken":0.0,"relics_obtained":["DaveBox"]}],"is_beta":false,"boss_relics":[],"items_purged_floors":[],"is_endless":false,"potions_floor_spawned":[5],"killed_by":"3 Sentries","ascension_level":20}}