{"host":"1zt0sbx2lxtdq0i6","time":1609278546,"event":{"mods":["BaseMod","Card Forge","Minty Spire (QoL Compilation)","Permanent Neow","Prisma Mod","Shop Mod","StSLib"],"gold_per_floor":[110,122,135,150,160,188,188,86,86,86,117,192,192,208,208,305,305,316,336,336,355,355,383,383,383,431,461,476,511,525,537,537,634,634,650,669,669,683,693,725,725,738,764,818,846,846,873,901,901,901],"floor_reached":51,"playtime":4215,"items_purged":[],"score":889,"play_id":"60d927e2-920f-4701-981b-101ceef2f925","local_time":"20201229224906","is_ascension_mode":false,"campfire_choices":[{"floor":7,"key":"REST"},{"floor":10,"key":"REST"},{"floor":13,"key":"REST"},{"floor":15,"key":"REST"},{"floor":24,"key":"REST"},{"floor":32,"key":"REST"},{"floor":41,"key":"REST"},{"floor":46,"key":"REST"},{"floor":49,"key":"REST"}],"circlet_count":0,"master_deck":["Defend_G+1","Defend_G+1","Defend_G+1","Survivor+1","Neutralize+1","Quick Slash+1","Dagger Spray+1","Poisoned Stab+1","Deadly Poison+1","Skewer+1","Masterful Stab+1","Adrenaline+1","Outmaneuver+1","Caltrops+1","Noxious Fumes+1","Poisoned Stab+1","Burst+1","Terror+1","Wraith Form v2+1","Poisoned Stab+1","Riddle With Holes+1","Dodge and Roll+1","Outmaneuver+1","Tools of the Trade+1","Deadly Poison+1","Crippling Poison+1","Envenom+1","Caltrops+1","Dagger Throw+1","Dodge and Roll+1","Backstab+1","Flying Knee+1","Backflip+1","Footwork+1","A Thousand Cuts+1","Dash+1"],"relics":["Ring of the Snake","Hammer of Thor","Seething Fire","Anvil of the Gods","Thread and Needle","CaptainsWheel","Mummified Hand","Cursed Key","MutagenicStrength","WingedGreaves","Sundial","Juzu Bracelet","Potion Belt","Nunchaku","Philosopher\u0027s Stone","Meat on the Bone","Bag of Preparation","Torii","Bottled Flame","Molten Egg 2","Mercury Hourglass"],"acts_visited":["Exordium","TheCity","TheBeyond"],"potions_floor_usage":[27,33,33,33,33,50,50,50,50],"damage_taken":[{"damage":0,"enemies":"Cultist","floor":1,"turns":4},{"damage":0,"enemies":"2 Louse","floor":2,"turns":2},{"damage":0,"enemies":"Jaw Worm","floor":3,"turns":2},{"damage":0,"enemies":"3 Louse","floor":4,"turns":2},{"damage":0,"enemies":"Looter","floor":5,"turns":2},{"damage":2,"enemies":"Lagavulin","floor":6,"turns":4},{"damage":0,"enemies":"Gremlin Nob","floor":11,"turns":2},{"damage":0,"enemies":"2 Fungi Beasts","floor":14,"turns":2},{"damage":38,"enemies":"Hexaghost","floor":16,"turns":6},{"damage":0,"enemies":"Spheric Guardian","floor":18,"turns":3},{"damage":0,"enemies":"3 Byrds","floor":19,"turns":4},{"damage":0,"enemies":"Shelled Parasite and Fungi","floor":21,"turns":5},{"damage":1,"enemies":"Slavers","floor":23,"turns":3},{"damage":3,"enemies":"Book of Stabbing","floor":27,"turns":3},{"damage":9,"enemies":"Snake Plant","floor":28,"turns":3},{"damage":10,"enemies":"Slavers","floor":29,"turns":3},{"damage":0,"enemies":"Cultist and Chosen","floor":30,"turns":3},{"damage":0,"enemies":"Snecko","floor":31,"turns":2},{"damage":24,"enemies":"Automaton","floor":33,"turns":7},{"damage":0,"enemies":"3 Darklings","floor":35,"turns":3},{"damage":3,"enemies":"3 Shapes","floor":36,"turns":4},{"damage":14,"enemies":"Writhing Mass","floor":38,"turns":3},{"damage":23,"enemies":"3 Darklings","floor":39,"turns":4},{"damage":6,"enemies":"Reptomancer","floor":40,"turns":5},{"damage":0,"enemies":"Maw","floor":42,"turns":5},{"damage":0,"enemies":"2 Orb Walkers","floor":44,"turns":4},{"damage":0,"enemies":"Nemesis","floor":45,"turns":5},{"damage":1,"enemies":"Reptomancer","floor":47,"turns":4},{"damage":0,"enemies":"Giant Head","floor":48,"turns":5},{"damage":35,"enemies":"Donu and Deca","floor":50,"turns":7}],"seed_played":"1740806951201950853","potions_obtained":[{"floor":1,"key":"Block Potion"},{"floor":2,"key":"DistilledChaos"},{"floor":6,"key":"PowerPotion"},{"floor":14,"key":"AttackPotion"},{"floor":23,"key":"Block Potion"},{"floor":28,"key":"Fire Potion"},{"floor":29,"key":"AttackPotion"},{"floor":31,"key":"SkillPotion"},{"floor":36,"key":"Weak Potion"},{"floor":39,"key":"FearPotion"},{"floor":40,"key":"PowerPotion"},{"floor":44,"key":"DuplicationPotion"},{"floor":47,"key":"LiquidMemories"}],"is_trial":false,"path_per_floor":["M","M","M","M","M","E","R","$","T","R","E","?","R","M","R","B",null,"M","M","?","M","?","E","R","?","T","E","M","E","M","M","R","B",null,"M","M","?","M","M","E","R","M","T","?","E","R","E","E","R","B",null],"character_chosen":"THE_SILENT","items_purchased":["Outmaneuver","Caltrops"],"campfire_rested":9,"item_purchase_floors":[8,8],"current_hp_per_floor":[70,70,70,70,70,68,70,70,70,70,70,59,70,70,70,32,70,70,70,70,70,70,69,70,70,70,67,58,48,48,48,69,45,70,70,67,67,53,30,24,45,45,45,45,45,66,65,65,70,47],"gold":901,"neow_bonus":"THREE_CARDS","is_daily":false,"chose_seed":false,"campfire_upgraded":0,"win_rate":0.0,"timestamp":1609278546,"path_taken":["M","M","M","M","M","E","R","?","T","R","E","?","R","M","R","BOSS","M","M","?","M","?","E","R","?","T","E","M","E","M","M","R","BOSS","M","M","?","M","M","E","R","M","T","?","E","R","E","E","R","BOSS"],"items_purchased_type":["Card","Card"],"build_version":"2020-12-22","purchased_purges":0,"victory":true,"max_hp_per_floor":[70,70,70,70,70,70,70,70,70,70,70,70,70,70,70,70,70,70,70,70,70,70,70,70,70,70,70,70,70,70,70,70,70,70,70,70,70,70,70,70,70,70,70,70,70,70,70,70,70,70],"card_choices":[{"not_picked":["PiercingWail","Blade Dance"],"picked":"Quick Slash","floor":0},{"not_picked":["Flechettes","Dodge and Roll"],"picked":"Dagger Spray","floor":1},{"not_picked":["Expertise","Slice"],"picked":"Poisoned Stab","floor":2},{"not_picked":["PiercingWail","Dagger Spray"],"picked":"Deadly Poison","floor":3},{"not_picked":["Deflect","Acrobatics"],"picked":"Skewer","floor":4},{"not_picked":["Prepared","Deflect"],"picked":"Masterful Stab","floor":5},{"not_picked":["Footwork","Masterful Stab"],"picked":"Adrenaline","floor":6},{"not_picked":["Reflex","Bouncing Flask"],"picked":"Noxious Fumes","floor":11},{"not_picked":["Deadly Poison","Underhanded Strike"],"picked":"Poisoned Stab","floor":14},{"not_picked":["Die Die Die","Malaise"],"picked":"Burst","floor":16},{"not_picked":["Sucker Punch","Backflip"],"picked":"Terror+1","floor":18},{"not_picked":["Underhanded Strike+1","Blade Dance"],"picked":"Wraith Form v2","floor":19},{"not_picked":["Deadly Poison","Blade Dance+1"],"picked":"Poisoned Stab","floor":21},{"not_picked":["Masterful Stab","Escape Plan+1"],"picked":"Riddle With Holes+1","floor":23},{"not_picked":["Heel Hook","Skewer"],"picked":"Dodge and Roll+1","floor":27},{"not_picked":["Underhanded Strike","Quick Slash"],"picked":"Outmaneuver+1","floor":28},{"not_picked":["Sucker Punch","Deadly Poison"],"picked":"Tools of the Trade","floor":29},{"not_picked":["Distraction","Blur"],"picked":"Deadly Poison+1","floor":30},{"not_picked":["Outmaneuver","Expertise+1"],"picked":"Crippling Poison","floor":31},{"not_picked":["Phantasmal Killer","Adrenaline"],"picked":"Envenom","floor":33},{"not_picked":["Acrobatics+1","Deflect"],"picked":"Caltrops+1","floor":35},{"not_picked":["Sucker Punch+1","Flying Knee"],"picked":"Dagger Throw+1","floor":36},{"not_picked":["Terror","Acrobatics"],"picked":"Dodge and Roll+1","floor":38},{"not_picked":["Blur","Footwork+1"],"picked":"Backstab","floor":39},{"not_picked":["Poisoned Stab+1","Outmaneuver","Tactician"],"picked":"SKIP","floor":40},{"not_picked":["Poisoned Stab+1","Prepared"],"picked":"Flying Knee+1","floor":42},{"not_picked":["Quick Slash","Flying Knee"],"picked":"Backflip+1","floor":44},{"not_picked":["Finisher+1","Flying Knee+1"],"picked":"Footwork+1","floor":45},{"not_picked":["Underhanded Strike+1","Dagger Spray+1"],"picked":"A Thousand Cuts","floor":47},{"not_picked":["Dagger Spray+1","Slice+1"],"picked":"Dash+1","floor":48}],"player_experience":3902,"relics_obtained":[{"floor":6,"key":"Thread and Needle"},{"floor":9,"key":"CaptainsWheel"},{"floor":11,"key":"Mummified Hand"},{"floor":23,"key":"WingedGreaves"},{"floor":26,"key":"Juzu Bracelet"},{"floor":27,"key":"Potion Belt"},{"floor":29,"key":"Nunchaku"},{"floor":40,"key":"Meat on the Bone"},{"floor":43,"key":"Bag of Preparation"},{"floor":44,"key":"Torii"},{"floor":45,"key":"Bottled Flame"},{"floor":47,"key":"Molten Egg 2"},{"floor":48,"key":"Mercury Hourglass"}],"event_choices":[{"damage_healed":0,"gold_gain":75,"player_choice":"Gather Gold","damage_taken":11,"max_hp_gain":0,"max_hp_loss":0,"event_name":"World of Goop","floor":12,"gold_loss":0},{"damage_healed":0,"gold_gain":0,"player_choice":"Ignored","damage_taken":0,"max_hp_gain":0,"max_hp_loss":0,"event_name":"Beggar","floor":20,"gold_loss":0},{"damage_healed":0,"gold_gain":0,"player_choice":"Inject Mutagens","damage_taken":0,"relics_obtained":["MutagenicStrength"],"max_hp_gain":0,"max_hp_loss":0,"event_name":"Drug Dealer","floor":22,"gold_loss":0},{"damage_healed":0,"gold_gain":0,"player_choice":"Opened","damage_taken":0,"relics_obtained":["Sundial"],"max_hp_gain":0,"max_hp_loss":0,"event_name":"The Mausoleum","floor":25,"gold_loss":0,"cards_obtained":["Writhe"]},{"damage_healed":0,"gold_gain":0,"player_choice":"Ignored","damage_taken":0,"max_hp_gain":0,"max_hp_loss":0,"event_name":"Transmorgrifier","floor":37,"gold_loss":0},{"damage_healed":0,"gold_gain":0,"player_choice":"Fight","damage_taken":0,"max_hp_gain":0,"max_hp_loss":0,"event_name":"Mysterious Sphere","floor":44,"gold_loss":0}],"is_beta":false,"boss_relics":[{"not_picked":["Runic Pyramid","Calling Bell"],"picked":"Cursed Key"},{"not_picked":["Tiny House","SacredBark"],"picked":"Philosopher\u0027s Stone"}],"items_purged_floors":[],"is_endless":false,"potions_floor_spawned":[1,2,6,14,23,28,29,31,36,39,40,44,47],"ascension_level":0}}