{"host":"ptvbuawyvnztju27","time":1609270911,"event":{"mods":["BaseMod","Downfall","Minty Spire (QoL Compilation)","StSLib","Unceasing Turn Reminder"],"gold_per_floor":[99,110,120,27,42,42,42,57,57,84,9,22,34,134,153,254,254,254,271,289,289,309,329,382,382,89,124,49,81,81,18,30,131,131,131,143,143,1142,1155,1170,1215,1140,1157,680,700,725,725,751,775,775,775,802,250,250,250],"floor_reached":56,"playtime":3182,"items_purged":["champ:Execute","champ:Strike","champ:DefensiveStyle+1","champ:Defend","champ:Defend"],"score":1471,"play_id":"66edd86c-a1a5-4e09-b350-6027dfaece37","local_time":"20201229124151","is_ascension_mode":false,"campfire_choices":[{"data":"champ:Taunt","floor":1,"key":"SMITH"},{"floor":6,"key":"RECALL"},{"data":"champ:FocusedBerserking","floor":9,"key":"SMITH"},{"data":"champ:RisingSlash","floor":11,"key":"SMITH"},{"data":"champ:HoldFirm","floor":18,"key":"SMITH"},{"data":"champ:ArenaPreparation","floor":28,"key":"SMITH"},{"data":"champ:MurderStrike","floor":35,"key":"SMITH"},{"data":"champ:Shatter","floor":42,"key":"SMITH"},{"data":"champ:AdrenalArmor","floor":47,"key":"SMITH"},{"data":"champ:Lariat","floor":54,"key":"SMITH"}],"circlet_count":0,"master_deck":["champ:Strike","champ:Taunt+1","champ:TornadoPunch","champ:FocusedBerserking+1","champ:Encircle","champ:AdrenalArmor","champ:AdrenalArmor+1","champ:RisingSlash+1","champ:Lariat+1","champ:RecklessLeap+1","champ:RecklessLeap","champ:TornadoPunch","champ:AdrenalArmor","champ:HoldFirm+1","champ:CalledShot+1","champ:BringItOn","champ:ArenaPreparation+1","Dark Shackles","champ:BringItOn","champ:MurderStrike+1","champ:Shatter+1","champ:BerserkersShout","champ:CalledShot+1","champ:EndlessRage+1","champ:BringItOn","champ:BerserkersShout","Panache+1","champ:BladeFlurry","champ:StanceDance+1","champ:Improvising+1","champ:BerserkerStyle+1","Magnetism+1"],"relics":["champ:ChampionCrown","Membership Card","Shuriken","Omamori","Prayer Wheel","Frozen Egg 2","downfall:HeartBlessingRed","Philosopher\u0027s Stone","PreservedInsect","Kunai","Bag of Preparation","Gambling Chip","downfall:HeartBlessingGreen","MealTicket","Coffee Dripper","downfall:HeartBlessingBlue","HandDrill","Darkstone Periapt","Question Card","Centennial Puzzle","CeramicFish","Strawberry","Frozen Eye","Lizard Tail","StrikeDummy"],"acts_visited":["Exordium","TheCity","TheBeyond","TheEnding"],"potions_floor_usage":[55,55,55],"damage_taken":[{"damage":7,"enemies":"Cultist","floor":2,"turns":4},{"damage":3,"enemies":"Jaw Worm","floor":3,"turns":4},{"damage":15,"enemies":"downfall:FleeingMerchant","floor":4,"turns":4},{"damage":11,"enemies":"2 Louse","floor":5,"turns":2},{"damage":20,"enemies":"Red Slaver","floor":8,"turns":4},{"damage":47,"enemies":"Lagavulin","floor":10,"turns":6},{"damage":14,"enemies":"2 Fungi Beasts","floor":12,"turns":3},{"damage":58,"enemies":"Large Slime","floor":13,"turns":6},{"damage":72,"enemies":"downfall:Heads","floor":14,"turns":8},{"damage":15,"enemies":"Blue Slaver","floor":15,"turns":1},{"damage":98,"enemies":"downfall:Ironclad","floor":16,"turns":6},{"damage":31,"enemies":"Spheric Guardian","floor":19,"turns":3},{"damage":88,"enemies":"Snake Plant","floor":20,"turns":6},{"damage":63,"enemies":"Cultist and Chosen","floor":22,"turns":4},{"damage":93,"enemies":"Centurion and Healer","floor":23,"turns":5},{"damage":101,"enemies":"Slavers","floor":27,"turns":5},{"damage":103,"enemies":"Gremlin Leader","floor":29,"turns":7},{"damage":96,"enemies":"3 Cultists","floor":32,"turns":6},{"damage":156,"enemies":"downfall:Watcher","floor":33,"turns":8},{"damage":67,"enemies":"3 Shapes","floor":36,"turns":4},{"damage":72,"enemies":"Orb Walker","floor":39,"turns":4},{"damage":41,"enemies":"4 Shapes","floor":40,"turns":4},{"damage":98,"enemies":"Sphere and 2 Shapes","floor":43,"turns":4},{"damage":108,"enemies":"Transient","floor":45,"turns":5},{"damage":96,"enemies":"Nemesis","floor":46,"turns":5},{"damage":99,"enemies":"Spire Growth","floor":49,"turns":4},{"damage":126,"enemies":"downfall:Defect","floor":50,"turns":6},{"damage":182,"enemies":"downfall:CharBossMerchant","floor":52,"turns":7},{"damage":323,"enemies":"downfall:NeowBoss","floor":55,"turns":17}],"seed_played":"-58969537649939190","potions_obtained":[{"floor":5,"key":"sneckomod:MuddlingPotion"},{"floor":10,"key":"FearPotion"},{"floor":12,"key":"PowerPotion"},{"floor":15,"key":"Strength Potion"},{"floor":30,"key":"CultistPotion"},{"floor":40,"key":"champ:TechniquePotion"}],"is_trial":false,"path_per_floor":["R","M","M","$","M","R","T","M","R","E","R","M","M","?","M","B",null,"R","M","M","?","M","M","T","?","$","E","R","E","?","$","M","B",null,"R","M","?","?","M","M","T","R","M","$","M","E","R","T","M","B",null,"E","$","R","B",null],"character_chosen":"THE_CHAMP","items_purchased":["Membership Card","Shuriken","champ:AdrenalArmor","Omamori","Kunai","Bag of Preparation","Dark Shackles","HandDrill","Darkstone Periapt","Question Card","Panache+1","Frozen Eye","Lizard Tail","StrikeDummy","champ:BerserkerStyle+1","Magnetism+1"],"campfire_rested":0,"item_purchase_floors":[4,4,4,4,26,26,26,44,44,44,44,53,53,53,53,53],"current_hp_per_floor":[99,97,94,89,82,82,82,76,76,75,75,75,99,99,99,99,99,99,99,99,99,99,90,90,90,90,104,104,88,88,103,104,104,104,104,104,104,104,104,104,104,114,119,119,119,119,119,119,113,113,119,123,126,126,126],"gold":250,"neow_bonus":"TEN_PERCENT_HP_BONUS","is_daily":false,"chose_seed":false,"campfire_upgraded":9,"win_rate":0.0,"timestamp":1609270911,"path_taken":["R","M","M","$","M","R","T","M","R","E","R","?","M","?","M","BOSS","R","M","M","?","?","M","T","?","$","E","R","E","?","$","M","BOSS","R","M","?","?","M","M","T","R","M","$","M","E","R","?","M","BOSS","E","$","R","BOSS"],"items_purchased_type":["Relic","Relic","Card","Relic","Relic","Relic","Card","Relic","Relic","Relic","Card","Relic","Relic","Relic","Card","Card"],"build_version":"2020-12-22","purchased_purges":5,"victory":true,"max_hp_per_floor":[99,99,99,99,99,99,99,99,99,99,99,99,99,99,99,99,99,99,99,99,99,99,99,99,99,99,104,104,104,104,104,104,104,104,104,109,109,109,109,109,109,119,119,119,119,119,119,119,119,119,119,126,126,126,126],"card_choices":[{"not_picked":["champ:BerserkersShout","champ:FanOfKnives"],"picked":"champ:TornadoPunch","floor":2},{"not_picked":["champ:EndlessRage","champ:BladeFlurry"],"picked":"champ:FocusedBerserking","floor":3},{"not_picked":["champ:FocusedGladiator","champ:FanOfKnives"],"picked":"champ:Encircle","floor":4},{"not_picked":["champ:TornadoPunch","champ:PreciseThrust"],"picked":"champ:AdrenalArmor","floor":5},{"not_picked":["champ:GladiatorsShout","champ:FocusedGladiator"],"picked":"champ:RisingSlash","floor":8},{"not_picked":["champ:Backstep","champ:BringItOn","champ:Duel"],"picked":"SKIP","floor":8},{"not_picked":["champ:FanOfKnives","champ:GutPunch"],"picked":"champ:ViciousMockery","floor":10},{"not_picked":["champ:SteelEdge","champ:StanceDance"],"picked":"champ:Lariat","floor":12},{"not_picked":["champ:BladeFlurry","champ:Encircle","champ:DefensiveShout"],"picked":"SKIP","floor":12},{"not_picked":["champ:Circumvent","champ:ShieldWall+1"],"picked":"champ:RecklessLeap","floor":13},{"not_picked":["champ:GutPunch","champ:BladeFlurry","champ:SkillfulDodge"],"picked":"SKIP","floor":13},{"not_picked":["champ:Haymaker","champ:DefensiveStyle+1"],"picked":"champ:TornadoPunch","floor":14},{"not_picked":["champ:SteelEdge","champ:Circumvent"],"picked":"champ:AdrenalArmor","floor":15},{"not_picked":["champ:ShieldWall+1","champ:StanceDance","champ:BladeFlurry"],"picked":"SKIP","floor":15},{"not_picked":["champ:CheapShot","champ:Devastate"],"picked":"champ:HoldFirm","floor":16},{"not_picked":["champ:Haymaker","champ:FanOfKnives"],"picked":"champ:CalledShot+1","floor":19},{"not_picked":["champ:GutPunch","champ:PreciseThrust+1","champ:PerfectedStrike"],"picked":"SKIP","floor":19},{"not_picked":["champ:EnragedBash","champ:BladeFlurry"],"picked":"champ:BringItOn","floor":20},{"not_picked":["champ:GutPunch","champ:Duel+1","champ:GladiatorsShout+1"],"picked":"SKIP","floor":20},{"not_picked":["champ:FocusedGladiator","champ:DefensiveShout+1"],"picked":"champ:ArenaPreparation","floor":22},{"not_picked":["champ:GladiatorStyle+1","champ:FlashCut+1","champ:Riposte"],"picked":"SKIP","floor":22},{"not_picked":["champ:TornadoPunch","champ:GladiatorStyle+1"],"picked":"champ:FightOn","floor":23},{"not_picked":["champ:GladiatorStyle+1","champ:IronFortress+1","champ:ShieldWall+1"],"picked":"SKIP","floor":23},{"not_picked":["champ:Circumvent","champ:CrookedStrike+1","champ:DefensiveShout"],"picked":"SKIP","floor":27},{"not_picked":["champ:ShieldWall+1","champ:DefensiveStyle+1","champ:Encircle"],"picked":"SKIP","floor":29},{"not_picked":["champ:TornadoPunch","champ:HeavySlash"],"picked":"champ:FightOn","floor":32},{"not_picked":["champ:BladeFlurry","champ:RisingSlash"],"picked":"champ:BringItOn","floor":32},{"not_picked":["champ:Devastate","champ:HoldFirm"],"picked":"champ:MurderStrike","floor":33},{"not_picked":["champ:PerfectedStrike","champ:CrookedStrike+1"],"picked":"champ:Shatter","floor":36},{"not_picked":["champ:TornadoPunch+1","champ:Haymaker"],"picked":"champ:BerserkersShout","floor":36},{"not_picked":["champ:CrookedStrike","champ:EnragedBash"],"picked":"champ:CalledShot+1","floor":39},{"not_picked":["champ:Duel","champ:GutPunch+1"],"picked":"champ:EndlessRage+1","floor":39},{"not_picked":["champ:GladiatorStyle+1","champ:FanOfKnives"],"picked":"champ:BringItOn","floor":40},{"not_picked":["champ:CrookedStrike","champ:GladiatorStyle+1"],"picked":"champ:BerserkersShout","floor":40},{"not_picked":["champ:Backstep+1","champ:AdrenalArmor+1","champ:DefensiveStyle+1"],"picked":"SKIP","floor":43},{"not_picked":["champ:Haymaker+1","champ:TornadoPunch+1","champ:RecklessLeap+1"],"picked":"SKIP","floor":43},{"not_picked":["champ:Lariat","champ:GladiatorStyle+1","champ:FaceSlap+1"],"picked":"champ:BladeFlurry","floor":45},{"not_picked":["champ:Improvising+1","champ:FanOfKnives+1","champ:Backstep+1","champ:GutPunch+1"],"picked":"SKIP","floor":45},{"not_picked":["champ:FanOfKnives+1","champ:AdrenalArmor","champ:BladeFlurry+1"],"picked":"champ:StanceDance+1","floor":46},{"not_picked":["champ:AdrenalArmor","champ:BerserkersShout","champ:CalledShot+1"],"picked":"champ:Improvising+1","floor":49},{"not_picked":["champ:CalledShot+1","champ:PerfectedStrike","champ:FocusedDefense+1","champ:CrookedStrike"],"picked":"SKIP","floor":49},{"not_picked":["champ:FlashCut+1","champ:GladiatorStyle+1","champ:BerserkersShout","champ:RisingSlash+1"],"picked":"SKIP","floor":52}],"player_experience":80332,"relics_obtained":[{"floor":7,"key":"Prayer Wheel"},{"floor":10,"key":"Frozen Egg 2"},{"floor":24,"key":"PreservedInsect"},{"floor":27,"key":"Gambling Chip"},{"floor":29,"key":"MealTicket"},{"floor":46,"key":"Centennial Puzzle"},{"floor":48,"key":"CeramicFish"},{"floor":52,"key":"Strawberry"}],"event_choices":[{"damage_healed":0,"gold_gain":0,"cards_transformed":["champ:Defend"],"player_choice":"Transformed","damage_taken":0,"max_hp_gain":0,"max_hp_loss":0,"event_name":"Transmorgrifier","floor":21,"gold_loss":0,"cards_obtained":["champ:DefensiveStyle"]},{"cards_removed":["champ:ViciousMockery"],"damage_healed":0,"gold_gain":0,"player_choice":"Removed Skill","damage_taken":0,"max_hp_gain":0,"max_hp_loss":0,"event_name":"Falling","floor":37,"gold_loss":0}],"is_beta":false,"boss_relics":[{"not_picked":["Black Star","Tiny House"],"picked":"Philosopher\u0027s Stone"},{"not_picked":["SlaversCollar","Cursed Key"],"picked":"Coffee Dripper"}],"items_purged_floors":[4,26,31,44,53],"is_endless":false,"potions_floor_spawned":[5,10,12,15,16,19,20,22,40,43,46],"ascension_level":0}}