{"host":"6a06qhlf17v5rcww","time":1609226282,"event":{"mods":["BaseMod","Beaked The Cultist","Better Altar","Better Match","Better Note","Better Sensory Stone","Better Skull","Better Third Choice","BetterRewards","Downfall","Hermit","Infinite Spire","Minty Spire (QoL Compilation)","Rare Cards Sparkle","Replay The Spire","StSLib","The Cursed","The Witch"],"gold_per_floor":[0,20,120,132,146,71,96,546,59,59,59,69,69,94,113,214,214,214,230,330,350,350,350,376,376,376,376],"floor_reached":25,"playtime":1570,"items_purged":["Slimebound:Icky"],"score":224,"play_id":"5f63581e-d67d-4197-80a7-fc254d2a7825","local_time":"20201229021802","is_ascension_mode":false,"campfire_choices":[{"floor":1.0,"key":"RECALL"},{"data":"Guardian:EvasiveProtocol","floor":6.0,"key":"SMITH"},{"data":"Guardian:CurlUp","floor":13.0,"key":"SMITH"},{"data":"Guardian:PrismaticBarrier","floor":13.0,"key":"SMITH"}],"circlet_count":0,"master_deck":["Guardian:Strike_Guardian","Guardian:Strike_Guardian","Guardian:Strike_Guardian","Guardian:Defend_Guardian","Guardian:Defend_Guardian","Guardian:Defend_Guardian","Guardian:CurlUp+1","Guardian:TwinSlam","Guardian:EvasiveProtocol+1","Guardian:PrimingBeam","Slimebound:Icky","Slimebound:Icky","Guardian:PrismaticBarrier+1","Guardian:PolyBeam","Regret","Guardian:Gem_Orange","Guardian:AncientConstruct","Guardian:SpikerProtocol","Guardian:Recover+1","Guardian:HyperBeam_Guardian+1","Panacea+1","Guardian:Gem_Lightblue","Guardian:Gem_Red","Guardian:DonusPower","infinitespire:Fortify"],"relics":["Guardian:ModeShifter","downfall:HeartBlessingRed","Replay:Arrowhead","Guardian:PickAxe","Juzu Bracelet","Astrolabe","Blood Vial","Ancient Tea Set"],"acts_visited":["Exordium","TheCity"],"potions_floor_usage":[],"damage_taken":[{"damage":2.0,"enemies":"Cultist","floor":2.0,"turns":5.0},{"damage":2.0,"enemies":"Small Slimes","floor":4.0,"turns":4.0},{"damage":1.0,"enemies":"2 Louse","floor":5.0,"turns":3.0},{"damage":12.0,"enemies":"downfall:FleeingMerchant","floor":9.0,"turns":4.0},{"damage":10.0,"enemies":"Lots of Slimes","floor":12.0,"turns":4.0},{"damage":2.0,"enemies":"Gremlin Nob","floor":14.0,"turns":4.0},{"damage":7.0,"enemies":"Blue Slaver","floor":15.0,"turns":3.0},{"damage":17.0,"enemies":"downfall:Ironclad","floor":16.0,"turns":7.0},{"damage":0.0,"enemies":"3 Byrds","floor":19.0,"turns":2.0},{"damage":29.0,"enemies":"Shelled Parasite and Fungi","floor":21.0,"turns":8.0},{"damage":33,"enemies":"3 Cultists","floor":25,"turns":5}],"seed_played":"-964411130263154538","potions_obtained":[{"floor":5.0,"key":"ColorlessPotion"},{"floor":12.0,"key":"LiquidBronze"},{"floor":14.0,"key":"PowerPotion"}],"is_trial":false,"path_per_floor":["R","M","?","M","M","R","T","?","$","?","?","M","R","E","M","B",null,"R","M","?","M","?","?","T","M"],"character_chosen":"GUARDIAN","items_purchased":["Guardian:PrismaticBarrier","Replay:Arrowhead","Guardian:PolyBeam"],"campfire_rested":0,"item_purchase_floors":[9,9,9],"current_hp_per_floor":[80,78,78,76,75,75,75,75,63,63,63,53,53,51,44,27,80,80,80,80,51,51,30,30,0,0,0],"gold":376,"neow_bonus":"RANDOM_COLORLESS_2","is_daily":false,"chose_seed":false,"campfire_upgraded":3,"win_rate":0.0,"timestamp":1609226282,"path_taken":["R","M","?","M","M","R","T","?","$","?","?","M","R","E","M","BOSS","R","M","?","M","?","?","T","M"],"items_purchased_type":["Card","Relic","Card"],"build_version":"2020-12-22","purchased_purges":1,"victory":false,"max_hp_per_floor":[80,80,80,80,80,80,80,80,80,80,80,80,80,80,80,80,80,80,80,80,80,80,80,80,80,80,80],"card_choices":[{"not_picked":["Violence","Panache"],"picked":"expansioncontent:StudyTheSpire","floor":0.0},{"not_picked":["Guardian:Harden","Guardian:Planning"],"picked":"Guardian:EvasiveProtocol","floor":2.0},{"not_picked":["Guardian:TimeCapacitor","Guardian:Recover"],"picked":"Guardian:PrimingBeam","floor":4.0},{"not_picked":["Guardian:PolyBeam","Guardian:PrismaticBeam"],"picked":"Guardian:Gem_Green","floor":5.0},{"not_picked":["Guardian:Planning","Guardian:Recover"],"picked":"Guardian:Gem_Cyan","floor":9.0},{"not_picked":["Guardian:ChargeCore","Guardian:Gem_Green"],"picked":"Guardian:Gem_Red","floor":12.0},{"not_picked":["Guardian:ShieldCharger","Guardian:TemporalStrike"],"picked":"Guardian:AncientConstruct","floor":14.0},{"not_picked":["Guardian:FuturePlans","Guardian:Recover"],"picked":"Guardian:SpikerProtocol","floor":15.0},{"not_picked":["Guardian:FastForward","Guardian:HyperBeam_Guardian"],"picked":"Guardian:Gem_Orange","floor":16.0},{"not_picked":["Guardian:Planning","Guardian:ShieldCharger","Guardian:Reroute+1"],"picked":"SKIP","floor":19.0},{"not_picked":["Guardian:Reroute","Guardian:Preprogram"],"picked":"Guardian:DonusPower","floor":21.0}],"player_experience":718742,"relics_obtained":[{"floor":14.0,"key":"Juzu Bracelet"},{"floor":24,"key":"Ancient Tea Set"}],"event_choices":[{"damage_healed":0.0,"max_hp_gain":0.0,"max_hp_loss":0.0,"gold_gain":0.0,"event_name":"Big Fish","player_choice":"Box","floor":10.0,"gold_loss":0.0,"damage_taken":0.0,"relics_obtained":["Guardian:PickAxe"],"cards_obtained":["Regret"]},{"cards_removed":["Guardian:AncientConstruct"],"damage_healed":0.0,"max_hp_gain":0.0,"max_hp_loss":0.0,"gold_gain":0.0,"event_name":"betterNote:BetterNote","player_choice":"Take \u0026 Give","floor":22.0,"gold_loss":0.0,"damage_taken":0.0,"cards_obtained":["infinitespire:Fortify"]},{"damage_healed":0,"gold_gain":0,"player_choice":" Vial ","damage_taken":21,"relics_obtained":["Blood Vial"],"max_hp_gain":51,"max_hp_loss":30,"event_name":"betterAltar:BetterAltar","floor":23,"potions_obtained":[],"relics_lost":[],"gold_loss":0}],"is_beta":false,"boss_relics":[{"not_picked":["Sozu","beaked:MawFillet"],"picked":"Astrolabe"}],"items_purged_floors":[9],"is_endless":false,"potions_floor_spawned":[5,12,14],"killed_by":"3 Cultists","ascension_level":0}}