{"host":"r3d3rfw8zyydmocx","time":1609233949,"event":{"mods":["Aspiration","BaseMod","Better Third Choice","Colored Powertips","Conspire","Downfall","Hermit","Highlight Path","Hubris","Minty Spire (QoL Compilation)","StSLib","The Hierophant","The Servant 0.9.4"],"gold_per_floor":[111,122,122,141,66,66,81,81,81,81,100,275,275,275,275,400,400,424,424,439,459,483,483,483,483],"floor_reached":24,"playtime":939,"items_purged":["Strike_S"],"score":197,"play_id":"877fd560-01a0-41ec-8876-52ac2e47bcfd","local_time":"20201229012549","is_ascension_mode":true,"campfire_choices":[{"data":"KidneyShot","floor":6.0,"key":"SMITH"},{"data":"Potential","floor":10.0,"key":"SMITH"},{"data":"Alleviate","floor":13,"key":"SMITH"},{"data":"Potential","floor":15,"key":"SMITH"},{"data":"Revamp","floor":23,"key":"SMITH"}],"circlet_count":0,"master_deck":["Strike_S","Strike_S","Strike_S","Defend_S","Defend_S","Defend_S","Defend_S","KidneyShot+1","Exchange","Potential+1","Revamp+1","BottledTime","Alleviate+1","Doubt","Potential+1","PendulumOfEternity","Potential","RealityMarble","Alleviate"],"relics":["Uniform","aspiration:Nostalgia","Cracked Core","Golden Idol","hubris:TerracottaHorce"],"acts_visited":["Exordium","TheCity"],"potions_floor_usage":[21,22,24],"damage_taken":[{"damage":2.0,"enemies":"2 Louse","floor":1.0,"turns":3.0},{"damage":1.0,"enemies":"Cultist","floor":2.0,"turns":4.0},{"damage":3.0,"enemies":"Jaw Worm","floor":4.0,"turns":4.0},{"damage":7.0,"enemies":"2 Fungi Beasts","floor":7.0,"turns":2.0},{"damage":2,"enemies":"Looter","floor":11,"turns":3},{"damage":22,"enemies":"The Guardian","floor":16,"turns":10},{"damage":10,"enemies":"conspire:FuzzyDice","floor":18,"turns":6},{"damage":0,"enemies":"Spheric Guardian","floor":20,"turns":3},{"damage":7,"enemies":"Centurion and Healer","floor":21,"turns":8},{"damage":2,"enemies":"Chosen and Byrds","floor":22,"turns":7},{"damage":40,"enemies":"Book of Stabbing","floor":24,"turns":5}],"seed_played":"-1456080495463591284","potions_obtained":[{"floor":2.0,"key":"SmokeBomb"},{"floor":3.0,"key":"Strength Potion"},{"floor":3.0,"key":"Fruit Juice"},{"floor":3.0,"key":"Strength Potion"},{"floor":20,"key":"SkillPotion"},{"floor":21,"key":"Swift Potion"}],"is_trial":false,"path_per_floor":["M","M","?","M","$","R","M","?","T","R","M","?","R","?","R","B",null,"M","?","M","M","M","R","E"],"character_chosen":"THE_SERVANT","items_purchased":[],"campfire_rested":0,"item_purchase_floors":[],"current_hp_per_floor":[63,62,67,64,64,64,57,40,40,40,38,38,38,38,38,16,57,47,47,47,40,38,38,0,0],"gold":483,"neow_bonus":"NOSTALGIA","is_daily":false,"chose_seed":false,"campfire_upgraded":5,"win_rate":0.0,"timestamp":1609233949,"path_taken":["M","M","?","M","?","R","M","?","T","R","M","?","R","?","R","BOSS","M","?","M","M","M","R","E"],"items_purchased_type":[],"build_version":"2020-12-22","purchased_purges":1,"victory":false,"max_hp_per_floor":[65,65,70,70,70,70,70,70,70,70,70,70,70,70,70,70,70,70,70,70,70,70,70,70,70],"card_choices":[{"not_picked":["TimeWarp","ShatteredReality","Ricochet"],"picked":"SKIP","floor":1.0},{"not_picked":["Defy","Comet"],"picked":"Potential","floor":2.0},{"not_picked":["Alleviate","Spin"],"picked":"Revamp","floor":4.0},{"not_picked":["SpecialFormula","Replace"],"picked":"BottledTime","floor":7.0},{"not_picked":["FanOfKnives","Reset"],"picked":"Alleviate","floor":11},{"not_picked":["FloweringNight","FlawlessForm"],"picked":"PendulumOfEternity","floor":16},{"not_picked":["Starlight","Revamp"],"picked":"Potential","floor":18},{"not_picked":["Starlight","Ricochet"],"picked":"RealityMarble","floor":20},{"not_picked":["Defy+1","Initiator"],"picked":"Alleviate","floor":21},{"not_picked":["FastForward","Starlight","Revamp"],"picked":"SKIP","floor":22}],"player_experience":551521,"relics_obtained":[],"event_choices":[{"damage_healed":0.0,"max_hp_gain":0.0,"max_hp_loss":0.0,"gold_gain":0.0,"event_name":"Lab","player_choice":"Got Potions","floor":3.0,"gold_loss":0.0,"damage_taken":0.0},{"damage_healed":0.0,"max_hp_gain":0.0,"max_hp_loss":0.0,"gold_gain":0.0,"event_name":"Golden Idol","player_choice":"Take Damage","floor":8.0,"gold_loss":0.0,"damage_taken":17.0,"relics_obtained":["Golden Idol"]},{"damage_healed":0,"gold_gain":175,"player_choice":"AGREE","damage_taken":100,"max_hp_gain":0,"max_hp_loss":0,"event_name":"betterThird:BetterSerpent","floor":12,"gold_loss":0},{"damage_healed":0,"gold_gain":0,"player_choice":"Leave","damage_taken":0,"max_hp_gain":0,"max_hp_loss":0,"event_name":"conspire:Investor","floor":19,"gold_loss":0}],"is_beta":false,"boss_relics":[{"not_picked":["Ectoplasm","aspiration:RunicSpoon"],"picked":"hubris:TerracottaHorce"}],"items_purged_floors":[5],"is_endless":false,"potions_floor_spawned":[2,11,20,21],"killed_by":"Book of Stabbing","ascension_level":1}}