{"host":"Squid","time":1609207153,"event":{"mods":["BaseMod","Minty Spire (QoL Compilation)","StSLib"],"gold_per_floor":[110,128,148,166,177,177,205,205,228,246,246,246,275,82,82,178,178,193,203,123,138,138,166,166,193,216,216,241,316,331,347,347,447,447,467,467,467,467,467,495,495,495,495],"floor_reached":42,"playtime":2374,"items_purged":["Zap"],"score":741,"play_id":"d1eb4539-f833-4788-8b65-dc6e66097b1d","local_time":"20201228205913","is_ascension_mode":true,"campfire_choices":[{"data":"Defragment","floor":6,"key":"SMITH"},{"data":"Sweeping Beam","floor":8,"key":"SMITH"},{"data":"Core Surge","floor":11,"key":"SMITH"},{"data":"Static Discharge","floor":15,"key":"SMITH"},{"data":"Buffer","floor":24,"key":"SMITH"},{"data":"Creative AI","floor":27,"key":"SMITH"},{"floor":32,"key":"REST"},{"data":"Secret Technique","floor":41,"key":"SMITH"}],"circlet_count":0,"master_deck":["AscendersBane","Dualcast","Chill","Recycle+1","Cold Snap+1","Leap","Double Energy","Rebound","Static Discharge+1","Conserve Battery","Ball Lightning","Defragment+1","Skim","Core Surge+1","Undo","Glacier","Compile Driver","Creative AI+1","Steam+1","Storm","Buffer+1","Self Repair","Capacitor+1","Reboot","Dark Shackles","Secret Technique+1"],"relics":["Pandora\u0027s Box","InkBottle","Pen Nib","Juzu Bracelet","Nuclear Battery","Orichalcum","WingedGreaves","Omamori","Shuriken","Sozu","Bottled Lightning"],"acts_visited":["Exordium","TheCity","TheBeyond"],"potions_floor_usage":[23,23,25,25,42],"damage_taken":[{"damage":0,"enemies":"Jaw Worm","floor":1,"turns":5},{"damage":0,"enemies":"Cultist","floor":2,"turns":5},{"damage":0,"enemies":"2 Louse","floor":3,"turns":3},{"damage":4,"enemies":"Exordium Thugs","floor":4,"turns":4},{"damage":0,"enemies":"Exordium Wildlife","floor":5,"turns":4},{"damage":8,"enemies":"Gremlin Nob","floor":7,"turns":5},{"damage":3,"enemies":"2 Fungi Beasts","floor":10,"turns":2},{"damage":6,"enemies":"3 Sentries","floor":13,"turns":5},{"damage":3,"enemies":"Slime Boss","floor":16,"turns":9},{"damage":3,"enemies":"Spheric Guardian","floor":18,"turns":3},{"damage":0,"enemies":"Chosen","floor":19,"turns":7},{"damage":4,"enemies":"Snake Plant","floor":21,"turns":4},{"damage":10,"enemies":"Slavers","floor":23,"turns":4},{"damage":8,"enemies":"Gremlin Leader","floor":25,"turns":12},{"damage":9,"enemies":"Book of Stabbing","floor":28,"turns":6},{"damage":0,"enemies":"Cultist and Chosen","floor":30,"turns":10},{"damage":3,"enemies":"Centurion and Healer","floor":31,"turns":7},{"damage":17,"enemies":"Automaton","floor":33,"turns":9},{"damage":1,"enemies":"Orb Walker","floor":35,"turns":5},{"damage":31,"enemies":"Nemesis","floor":40,"turns":9},{"damage":43,"enemies":"Reptomancer","floor":42,"turns":6}],"seed_played":"3960485294412111227","potions_obtained":[{"floor":2,"key":"Block Potion"},{"floor":3,"key":"Dexterity Potion"},{"floor":5,"key":"DistilledChaos"},{"floor":23,"key":"SkillPotion"},{"floor":33,"key":"SkillPotion"}],"is_trial":false,"path_per_floor":["M","M","M","M","M","R","E","R","T","M","R","?","E","$","R","B",null,"M","M","$","M","?","E","R","E","T","R","E","?","M","M","R","B",null,"M","?","?","?","?","E","R","E"],"character_chosen":"DEFECT","items_purchased":["Glacier","Compile Driver","Storm"],"campfire_rested":1,"item_purchase_floors":[14,14,20],"current_hp_per_floor":[68,68,68,64,64,64,56,56,56,53,53,38,32,32,32,29,64,61,61,61,57,57,47,47,39,39,39,30,23,30,34,56,39,66,72,62,62,62,62,38,38,0,0],"gold":495,"neow_bonus":"BOSS_RELIC","is_daily":false,"chose_seed":false,"campfire_upgraded":7,"win_rate":0.0,"timestamp":1609207153,"path_taken":["M","M","M","M","M","R","E","R","T","M","R","?","E","$","R","BOSS","M","M","$","M","?","E","R","E","T","R","E","?","M","M","R","BOSS","M","?","?","?","?","E","R","E"],"items_purchased_type":["Card","Card","Card"],"build_version":"2020-12-18","purchased_purges":1,"victory":false,"max_hp_per_floor":[75,75,75,75,75,75,75,75,75,75,75,75,75,75,75,75,75,75,75,75,75,75,75,75,75,75,75,75,75,75,75,75,75,75,75,75,71,71,71,71,71,71,71],"card_choices":[{"not_picked":["Rebound","Blizzard"],"picked":"Conserve Battery","floor":1},{"not_picked":["Rebound","Turbo"],"picked":"Ball Lightning","floor":2},{"not_picked":["Aggregate","Chaos"],"picked":"Sweeping Beam","floor":3},{"not_picked":["Go for the Eyes","Streamline","Recycle"],"picked":"SKIP","floor":4},{"not_picked":["Capacitor","Beam Cell"],"picked":"Defragment","floor":5},{"not_picked":["Gash","Reinforced Body"],"picked":"Skim","floor":7},{"not_picked":["Rebound","Capacitor"],"picked":"Core Surge","floor":10},{"not_picked":["Reprogram","Auto Shields"],"picked":"Undo","floor":13},{"not_picked":["Thunder Strike","Hyperbeam"],"picked":"Creative AI","floor":16},{"not_picked":["Beam Cell","Streamline+1"],"picked":"Steam+1","floor":18},{"not_picked":["Sweeping Beam","Stack","Compile Driver"],"picked":"SKIP","floor":19},{"not_picked":["Lockon","FTL","Steam"],"picked":"SKIP","floor":21},{"not_picked":["Gash","Steam"],"picked":"Buffer","floor":23},{"not_picked":["Gash","Barrage","Sweeping Beam"],"picked":"SKIP","floor":25},{"not_picked":["Reprogram+1","Stack"],"picked":"Self Repair","floor":28},{"not_picked":["Stack","Barrage","Reprogram+1"],"picked":"SKIP","floor":30},{"not_picked":["Static Discharge+1","Beam Cell"],"picked":"Capacitor+1","floor":31},{"not_picked":["Buffer","Biased Cognition"],"picked":"Reboot","floor":33},{"not_picked":["Conserve Battery+1","Turbo","Streamline+1"],"picked":"SKIP","floor":35},{"not_picked":["Good Instincts","Discovery"],"picked":"Dark Shackles","floor":36},{"not_picked":["Deep Breath","Panache"],"picked":"Secret Technique","floor":36},{"not_picked":["Reprogram","Gash","Streamline"],"picked":"SKIP","floor":40}],"player_experience":841282,"relics_obtained":[{"floor":7,"key":"InkBottle"},{"floor":9,"key":"Pen Nib"},{"floor":13,"key":"Juzu Bracelet"},{"floor":23,"key":"Orichalcum"},{"floor":25,"key":"WingedGreaves"},{"floor":26,"key":"Omamori"},{"floor":28,"key":"Shuriken"},{"floor":40,"key":"Bottled Lightning"}],"event_choices":[{"damage_healed":0,"gold_gain":0,"player_choice":"Entered Light","damage_taken":15,"max_hp_gain":0,"max_hp_loss":0,"event_name":"Shining Light","floor":12,"gold_loss":0,"cards_upgraded":["Cold Snap","Recycle"]},{"cards_removed":["Chaos"],"damage_healed":0,"gold_gain":0,"player_choice":"Elegance","damage_taken":0,"max_hp_gain":0,"max_hp_loss":0,"event_name":"Back to Basics","floor":22,"gold_loss":0},{"damage_healed":0,"gold_gain":75,"player_choice":"Touch","damage_taken":7,"max_hp_gain":0,"max_hp_loss":0,"event_name":"FaceTrader","floor":29,"gold_loss":0},{"damage_healed":0,"gold_gain":0,"player_choice":"Memory 3","damage_taken":10,"max_hp_gain":0,"max_hp_loss":0,"event_name":"SensoryStone","floor":36,"gold_loss":0},{"damage_healed":0,"gold_gain":0,"player_choice":"Max HP","damage_taken":0,"max_hp_gain":0,"max_hp_loss":4,"event_name":"Winding Halls","floor":37,"gold_loss":0},{"cards_removed":["Sweeping Beam"],"damage_healed":0,"gold_gain":0,"player_choice":"Removed Attack","damage_taken":0,"max_hp_gain":0,"max_hp_loss":0,"event_name":"Falling","floor":38,"gold_loss":0},{"damage_healed":0,"gold_gain":0,"player_choice":"Ignored","damage_taken":0,"max_hp_gain":0,"max_hp_loss":0,"event_name":"Tomb of Lord Red Mask","floor":39,"gold_loss":0}],"is_beta":true,"boss_relics":[{"not_picked":["Fusion Hammer","Velvet Choker"],"picked":"Nuclear Battery"},{"not_picked":["SacredBark","Calling Bell"],"picked":"Sozu"}],"items_purged_floors":[14],"is_endless":false,"potions_floor_spawned":[2,3,5,10,16,19,21,23,33,35],"killed_by":"Reptomancer","ascension_level":10}}