{"host":"svab9sudlrudptws","time":1609237227,"event":{"mods":["BaseMod","Colored Powertips","Minty Spire (QoL Compilation)","Robot Space Explorer","Shade Mod","StSLib","The Blackbeard","The Death Knight","The Marked","The Mystic","The Necromancer","The Poker Player","The Servant 0.9.4","TheFirefly"],"gold_per_floor":[109,126,141,155,155,197,221,245,303,315,327,366,395,419,431,538,550,582,594,178,178,178,205,225,238,238,257,291,291,301,321,321,425,425,438,449,464,307,362,362,362],"floor_reached":40,"playtime":4522,"items_purged":[],"score":494,"play_id":"c1d98039-665a-4fce-b98c-616159372d68","local_time":"20201229122027","is_ascension_mode":false,"campfire_choices":[{"floor":11,"key":"REST"},{"data":"theMarked:TunnelVision","floor":15,"key":"SMITH"},{"data":"theMarked:Parkour","floor":29,"key":"SMITH"},{"data":"theMarked:SoldierForm","floor":32,"key":"SMITH"}],"circlet_count":0,"master_deck":["theMarked:Strike","theMarked:Strike","theMarked:Strike","theMarked:Defend","theMarked:Defend","theMarked:Defend","theMarked:Defend","theMarked:SoldierOfQuellstein","theMarked:Overthink","theMarked:TunnelVision+1","theMarked:SoldierForm+1","theMarked:Parkour+1","theMarked:BanishingStrike","theMarked:EnhancedHearing","theMarked:Parkour","theMarked:TakeOffHeels+1","theMarked:EternalStudent","theMarked:ParalyzingBlade","theMarked:Overcharge","theMarked:Seal+1","theMarked:BanishingWave","theMarked:FavorableWinds","theMarked:TakeOffHeels","theMarked:Parkour"],"relics":["theMarked:ArtifactOfAir","Omamori","MawBank","Orichalcum","FaceOfCleric","Pantograph","Philosopher\u0027s Stone","Membership Card","theMarked:VonisonLock","Question Card","War Paint","Toy Ornithopter","Darkstone Periapt","Cursed Key","Unceasing Top","Dead Branch"],"acts_visited":["Exordium","TheCity","TheBeyond"],"potions_floor_usage":[6,12,16,23,28,31,33,33,33,33,40],"damage_taken":[{"damage":1,"enemies":"Jaw Worm","floor":1,"turns":4},{"damage":0,"enemies":"2 Louse","floor":2,"turns":3},{"damage":0,"enemies":"Cultist","floor":3,"turns":3},{"damage":6,"enemies":"Exordium Wildlife","floor":4,"turns":4},{"damage":8,"enemies":"3 Sentries","floor":6,"turns":8},{"damage":4,"enemies":"Blue Slaver","floor":7,"turns":4},{"damage":19,"enemies":"Exordium Thugs","floor":8,"turns":6},{"damage":17,"enemies":"Lagavulin","floor":12,"turns":6},{"damage":2,"enemies":"3 Louse","floor":13,"turns":3},{"damage":4,"enemies":"Looter","floor":14,"turns":2},{"damage":21,"enemies":"The Guardian","floor":16,"turns":11},{"damage":7,"enemies":"3 Byrds","floor":18,"turns":5},{"damage":18,"enemies":"Gremlin Leader","floor":23,"turns":8},{"damage":2,"enemies":"Chosen","floor":24,"turns":3},{"damage":17,"enemies":"Centurion and Healer","floor":25,"turns":5},{"damage":4,"enemies":"Shelled Parasite and Fungi","floor":27,"turns":3},{"damage":11,"enemies":"Slavers","floor":28,"turns":5},{"damage":6,"enemies":"Cultist and Chosen","floor":30,"turns":4},{"damage":12,"enemies":"Chosen and Byrds","floor":31,"turns":5},{"damage":58,"enemies":"Collector","floor":33,"turns":8},{"damage":2,"enemies":"3 Shapes","floor":35,"turns":4},{"damage":6,"enemies":"Orb Walker","floor":36,"turns":2},{"damage":12,"enemies":"4 Shapes","floor":37,"turns":6},{"damage":38,"enemies":"2 Orb Walkers","floor":39,"turns":3},{"damage":35,"enemies":"Reptomancer","floor":40,"turns":3}],"seed_played":"-7569085191006871143","potions_obtained":[{"floor":1,"key":"Energy Potion"},{"floor":3,"key":"Dexterity Potion"},{"floor":7,"key":"DeathKnight:RimePotion"},{"floor":8,"key":"EssenceOfSteel"},{"floor":14,"key":"EntropicBrew"},{"floor":16,"key":"LiquidBronze"},{"floor":23,"key":"EssenceOfSteel"},{"floor":28,"key":"SteroidPotion"},{"floor":35,"key":"FearPotion"},{"floor":39,"key":"SteroidPotion"}],"is_trial":false,"path_per_floor":["M","M","M","M","?","E","M","M","T","?","R","E","M","M","R","B",null,"M","$","$","?","?","E","M","M","T","M","E","R","M","M","R","B",null,"M","M","M","$","?","E"],"character_chosen":"THE_DEFAULT","items_purchased":["Membership Card","theMarked:VonisonLock","Question Card","Unceasing Top"],"campfire_rested":1,"item_purchase_floors":[20,20,20,38],"current_hp_per_floor":[69,69,69,63,51,43,39,20,20,20,41,25,24,21,21,26,74,68,68,68,68,68,51,50,34,34,31,26,26,21,15,15,3,83,82,77,66,66,29,0,0],"gold":362,"neow_bonus":"RANDOM_COMMON_RELIC","is_daily":false,"chose_seed":false,"campfire_upgraded":3,"win_rate":0.0,"timestamp":1609237227,"path_taken":["M","M","M","M","?","E","M","M","T","?","R","E","M","M","R","BOSS","M","?","$","?","?","E","M","M","T","M","E","R","?","M","R","BOSS","M","M","M","$","?","E"],"items_purchased_type":["Relic","Relic","Relic","Relic"],"build_version":"2020-12-22","purchased_purges":0,"victory":false,"max_hp_per_floor":[70,70,70,70,70,70,70,70,70,70,70,71,72,73,73,74,74,75,75,75,75,75,76,77,78,78,79,80,80,81,82,82,83,83,84,85,86,86,87,87,87],"card_choices":[{"not_picked":["theMarked:TwofoldDefense","theMarked:WastefulAttack"],"picked":"theMarked:Overthink","floor":1},{"not_picked":["theMarked:TwofoldDefense","theMarked:Polarize","theMarked:Static"],"picked":"SKIP","floor":2},{"not_picked":["theMarked:ChainLightning","theMarked:WastefulAttack"],"picked":"theMarked:TunnelVision","floor":3},{"not_picked":["theMarked:ComboAttacks","theMarked:TakeCover","theMarked:RepellingDischarge"],"picked":"SKIP","floor":4},{"not_picked":["theMarked:DeterminationOfTheMarked","theMarked:TunnelVision"],"picked":"theMarked:SoldierForm","floor":6},{"not_picked":["theMarked:Aftermath","theMarked:DeterminationOfTheMarked"],"picked":"theMarked:Parkour","floor":7},{"not_picked":["theMarked:Aftermath","theMarked:Overthink"],"picked":"theMarked:BanishingStrike","floor":8},{"not_picked":["theMarked:Generate","theMarked:EmpowerWeapon"],"picked":"theMarked:EnhancedHearing","floor":12},{"not_picked":["theMarked:BanishingStrike","theMarked:Aftermath"],"picked":"theMarked:Parkour","floor":13},{"not_picked":["theMarked:WastefulAttack","theMarked:Improvise"],"picked":"theMarked:TakeOffHeels","floor":14},{"not_picked":["theMarked:DispelDoubt","theMarked:Defy"],"picked":"theMarked:EternalStudent","floor":16},{"not_picked":["theMarked:Convert","theMarked:HeightenedSenses","theMarked:WastefulAttack+1"],"picked":"SKIP","floor":18},{"not_picked":["theMarked:ElectricStrings","theMarked:BanishingStrike","theMarked:Aftermath","theMarked:ResourceFulStrike"],"picked":"SKIP","floor":23},{"not_picked":["theMarked:SuspiciousRaven","theMarked:BanishingWave","theMarked:DeterminationOfTheMarked","theMarked:Reabsorb"],"picked":"SKIP","floor":24},{"not_picked":["theMarked:SwordAndMagic","theMarked:RepellingDischarge+1","theMarked:Aftermath","theMarked:BanishingStrike"],"picked":"SKIP","floor":25},{"not_picked":["theMarked:KeepCalmAndFightOn","theMarked:Reabsorb","theMarked:Improvise","theMarked:Static"],"picked":"SKIP","floor":27},{"not_picked":["theMarked:KeepCalmAndFightOn","theMarked:Static","theMarked:WastefulAttack+1"],"picked":"theMarked:BanishingWave","floor":28},{"not_picked":["theMarked:ShockingTouch","theMarked:Electrocute","theMarked:ReduceFriction","theMarked:BanishingWave"],"picked":"SKIP","floor":30},{"not_picked":["theMarked:WastefulAttack+1","theMarked:RogueSparks+1","theMarked:EmpowerWeapon"],"picked":"theMarked:FavorableWinds","floor":31},{"not_picked":["theMarked:UnarmedFury","theMarked:Challenge","theMarked:DispelDoubt"],"picked":"theMarked:TakeOffHeels","floor":33},{"not_picked":["theMarked:Static+1","theMarked:KeepCalmAndFightOn","theMarked:ResourceFulStrike","theMarked:EnhanceMovement"],"picked":"SKIP","floor":35},{"not_picked":["theMarked:RepellingDischarge","theMarked:Electrocute+1","theMarked:MaelstromOfLightning+1"],"picked":"theMarked:Parkour","floor":36},{"not_picked":["theMarked:ResourceFulStrike","theMarked:Improvise+1","theMarked:EmpowerWeapon+1","theMarked:WastefulAttack"],"picked":"SKIP","floor":37}],"player_experience":1667940,"relics_obtained":[{"floor":6,"key":"Orichalcum"},{"floor":12,"key":"Pantograph"},{"floor":23,"key":"War Paint"},{"floor":26,"key":"Toy Ornithopter"},{"floor":28,"key":"Darkstone Periapt"},{"floor":39,"key":"Dead Branch"}],"event_choices":[{"damage_healed":0,"gold_gain":0,"player_choice":"Success","damage_taken":12,"relics_obtained":["MawBank"],"max_hp_gain":0,"max_hp_loss":0,"event_name":"Scrap Ooze","floor":5,"gold_loss":0},{"damage_healed":0,"gold_gain":0,"player_choice":"Trade","damage_taken":0,"relics_obtained":["FaceOfCleric"],"max_hp_gain":0,"max_hp_loss":0,"event_name":"FaceTrader","floor":10,"gold_loss":0},{"damage_healed":0,"gold_gain":0,"player_choice":"Read","damage_taken":0,"max_hp_gain":0,"max_hp_loss":0,"event_name":"The Library","floor":21,"gold_loss":0,"cards_obtained":["theMarked:ParalyzingBlade"]},{"damage_healed":0,"gold_gain":0,"cards_transformed":["theMarked:Strike","theMarked:Strike"],"player_choice":"Became Test Subject","damage_taken":0,"max_hp_gain":0,"max_hp_loss":0,"event_name":"Drug Dealer","floor":22,"gold_loss":0,"cards_obtained":["theMarked:Overcharge","theMarked:Seal"]},{"damage_healed":0,"gold_gain":0,"player_choice":"Fight","damage_taken":0,"max_hp_gain":0,"max_hp_loss":0,"event_name":"Mysterious Sphere","floor":39,"gold_loss":0}],"is_beta":false,"boss_relics":[{"not_picked":["Runic Dome","Black Star"],"picked":"Philosopher\u0027s Stone"},{"not_picked":["SacredBark","Fusion Hammer"],"picked":"Cursed Key"}],"items_purged_floors":[],"is_endless":false,"potions_floor_spawned":[1,3,7,8,14,16,23,25,28,35,39],"killed_by":"Reptomancer","ascension_level":0}}