{"host":"e8rlfedn69rz2s07","time":1609284763,"event":{"mods":["Act Like it!","BaseMod","Conspire","Hubris","Infinite Spire","Minty Spire (QoL Compilation)","Permanent Neow","Relic Stats","Replay The Spire","Shop Mod","StSLib","The Jungle"],"gold_per_floor":[115,129,139,204,204,204,247,247,247,247,272,300,323,367,367,456,456,481,481,153,153,200,200,239,258,285,285,320,337,361,361,361,367,367],"floor_reached":33,"playtime":1819,"items_purged":["Strike_G"],"score":594,"play_id":"bb43f4ae-c7c8-465f-987c-b8f5a7d1b768","local_time":"20201230013243","is_ascension_mode":true,"campfire_choices":[{"data":"Dash","floor":6.0,"key":"SMITH"},{"data":"Noxious Fumes","floor":8.0,"key":"SMITH"},{"data":"Dash","floor":10.0,"key":"SMITH"},{"data":"Deadly Poison","floor":15.0,"key":"SMITH"},{"floor":23.0,"key":"REST"},{"floor":27,"key":"REST"},{"floor":32,"key":"REST"}],"circlet_count":0,"master_deck":["AscendersBane","Strike_G","Strike_G","Strike_G","Strike_G","Defend_G","Defend_G","Defend_G","Defend_G","Defend_G","Survivor","Neutralize","Dash+1","ReplayTheSpireMod:Tripwire","Dash+1","Quick Slash","Noxious Fumes+1","Burst","Deadly Poison+1","Poison Darts","Dash","Backflip","HandOfGreed","PiercingWail","PiercingWail"],"relics":["Ring of the Snake","Replay:Bandana","Eternal Feather","infinitespire:BottledMercury","Oddly Smooth Stone","Replay:Bronze Core","hubris:AncientText","PreservedInsect","hubris:FunFungus","hubris:Towel"],"acts_visited":["Exordium","TheCity"],"potions_floor_usage":[24,29],"damage_taken":[{"damage":0.0,"enemies":"Small Slimes","floor":1.0,"turns":6.0},{"damage":0.0,"enemies":"2 Louse","floor":2.0,"turns":3.0},{"damage":1.0,"enemies":"Cultist","floor":3.0,"turns":5.0},{"damage":35.0,"enemies":"Lagavulin","floor":7.0,"turns":13.0},{"damage":0.0,"enemies":"Exordium Wildlife","floor":11.0,"turns":4.0},{"damage":0.0,"enemies":"Exordium Thugs","floor":12.0,"turns":5.0},{"damage":3.0,"enemies":"Large Slime","floor":13.0,"turns":6.0},{"damage":6.0,"enemies":"Gremlin Nob","floor":14.0,"turns":4.0},{"damage":16.0,"enemies":"Slime Boss","floor":16.0,"turns":12.0},{"damage":17.0,"enemies":"Spheric Guardian","floor":18.0,"turns":5.0},{"damage":8.0,"enemies":"Shell Parasite","floor":22.0,"turns":7.0},{"damage":46,"enemies":"Book of Stabbing","floor":24,"turns":7},{"damage":6,"enemies":"Snake Plant","floor":25,"turns":3},{"damage":5,"enemies":"conspire:Head Lice","floor":28,"turns":6},{"damage":16,"enemies":"3 Cultists","floor":29,"turns":5},{"damage":0,"enemies":"Shelled Parasite and Fungi","floor":30,"turns":8},{"damage":52,"enemies":"conspire:MysteriousRune","floor":33,"turns":10}],"seed_played":"-8601968721674139283","potions_obtained":[{"floor":0.0,"key":"Toxic Potion"},{"floor":0.0,"key":"SmokeBomb"},{"floor":2.0,"key":"FairyPotion"},{"floor":4.0,"key":"Block Potion"},{"floor":5.0,"key":"GhostInAJar"},{"floor":11.0,"key":"BlessingOfTheForge"},{"floor":14.0,"key":"BlessingOfTheForge"},{"floor":16.0,"key":"CultistPotion"},{"floor":18.0,"key":"SkillPotion"},{"floor":28,"key":"Weak Potion"}],"is_trial":false,"path_per_floor":["M","M","M","?","?","R","E","R","T","R","M","M","M","E","R","B",null,"M","?","$","?","M","R","E","M","T","R","E","M","M","?","R","B"],"character_chosen":"THE_SILENT","items_purchased":["HandOfGreed","Weak Potion"],"campfire_rested":3,"item_purchase_floors":[20,20],"current_hp_per_floor":[59,59,58,32,32,32,19,28,28,37,37,37,34,28,40,24,56,39,39,39,33,25,56,10,4,4,35,30,15,15,15,49,0,0],"gold":367,"neow_bonus":"THREE_SMALL_POTIONS","is_daily":false,"chose_seed":false,"campfire_upgraded":4,"win_rate":0.0,"timestamp":1609284763,"path_taken":["M","M","M","?","?","R","E","R","T","R","M","M","?","E","R","BOSS","M","?","$","?","M","R","E","M","T","R","E","M","?","?","R","BOSS"],"items_purchased_type":["Card","Potion"],"build_version":"2020-12-22","purchased_purges":1,"victory":false,"max_hp_per_floor":[66,66,66,66,66,66,66,66,66,66,66,66,66,66,66,66,66,66,66,66,66,66,66,66,66,66,66,66,66,66,66,66,66,66],"relic_stats":{"counters":[17,109],"Eternal Feather":69,"PreservedInsect":56,"obtain_stats":[{"infinitespire:BottledMercury":9,"Replay:Bandana":4,"Replay:Bronze Core":17,"Oddly Smooth Stone":14,"Eternal Feather":7,"PreservedInsect":26,"hubris:FunFungus":28,"hubris:Towel":31,"hubris:AncientText":24,"Ring of the Snake":0},{"infinitespire:BottledMercury":4,"Replay:Bandana":3,"Replay:Bronze Core":9,"Oddly Smooth Stone":8,"Eternal Feather":4,"PreservedInsect":13,"hubris:FunFungus":14,"hubris:Towel":16,"hubris:AncientText":12,"Ring of the Snake":0},{"infinitespire:BottledMercury":27,"Replay:Bandana":14,"Replay:Bronze Core":58,"Oddly Smooth Stone":46,"Eternal Feather":27,"PreservedInsect":80,"hubris:FunFungus":86,"hubris:Towel":99,"hubris:AncientText":77,"Ring of the Snake":0}],"Ring of the Snake":[34]},"card_choices":[{"not_picked":["Acrobatics","ReplayTheSpireMod:Exploit Weakness"],"picked":"Dash","floor":1.0},{"not_picked":["Cloak And Dagger","Hidden Blade"],"picked":"ReplayTheSpireMod:Tripwire","floor":2.0},{"not_picked":["Tools of the Trade","Quick Slash"],"picked":"Dash","floor":3.0},{"not_picked":["Prepared","Slice"],"picked":"Quick Slash","floor":4.0},{"not_picked":["hubris:SlightOfHand","Prepared"],"picked":"Noxious Fumes","floor":7.0},{"not_picked":["Deflect","Underhanded Strike","Setup"],"picked":"SKIP","floor":11.0},{"not_picked":["PiercingWail","Outmaneuver"],"picked":"Burst","floor":12.0},{"not_picked":["Choke","Blade Dance","Underhanded Strike"],"picked":"SKIP","floor":13.0},{"not_picked":["PiercingWail","hubris:TrickCloak"],"picked":"Deadly Poison","floor":14.0},{"not_picked":["Envenom","A Thousand Cuts"],"picked":"Poison Darts","floor":16.0},{"not_picked":["Heel Hook","Acrobatics"],"picked":"Dash","floor":18.0},{"not_picked":["Prepared","hubris:TrickCloak"],"picked":"PiercingWail","floor":22.0},{"not_picked":["Tactician+1","Poisoned Stab+1","hubris:SlightOfHand"],"picked":"SKIP","floor":24},{"not_picked":["Endless Agony","Deadly Poison","Flechettes"],"picked":"SKIP","floor":25},{"not_picked":["Dagger Spray","hubris:TrickCloak+1","Sneak Up"],"picked":"SKIP","floor":28},{"not_picked":["Blur","Sucker Punch"],"picked":"PiercingWail","floor":29},{"not_picked":["Outmaneuver","Finisher","Flechettes"],"picked":"SKIP","floor":30}],"player_experience":926586,"relics_obtained":[{"floor":4.0,"key":"Replay:Bandana"},{"floor":7.0,"key":"Eternal Feather"},{"floor":9.0,"key":"infinitespire:BottledMercury"},{"floor":14.0,"key":"Oddly Smooth Stone"},{"floor":24,"key":"hubris:AncientText"},{"floor":26,"key":"PreservedInsect"},{"floor":28,"key":"hubris:FunFungus"}],"event_choices":[{"damage_healed":0.0,"max_hp_gain":0.0,"max_hp_loss":0.0,"gold_gain":0.0,"event_name":"Lab","player_choice":"Got Potions","floor":5.0,"gold_loss":0.0,"damage_taken":0.0},{"damage_healed":0.0,"max_hp_gain":0.0,"max_hp_loss":0.0,"gold_gain":0.0,"event_name":"Knowing Skull","player_choice":"","floor":21.0,"potions_obtained":[],"gold_loss":0.0,"damage_taken":6.0,"cards_obtained":[]}],"is_beta":false,"boss_relics":[{"not_picked":["ChewingGum","HoveringKite"],"picked":"Replay:Bronze Core"}],"items_purged_floors":[20],"is_endless":false,"potions_floor_spawned":[2,3,11,14,16,18,28],"killed_by":"conspire:MysteriousRune","ascension_level":20}}