{"host":"kdt6w7ix8lwe69i9","time":1609248199,"event":{"mods":["Bartender","BaseMod","ChefMod","Downfall","Fiend Mod","Jorbs\u0027s Wanderer Trilogy","Minty Spire (QoL Compilation)","Reimu（博丽灵梦）","Robot Space Explorer","StSLib","The Cursed","The Disciple","The Dragon Tamer","The Druid","The Elementalist","The Forsaken","The Gatherer","The Judge","The Marked","TheBandit"],"gold_per_floor":[113,127,402,418,438,463,463,0,23,52,72,72,83,93,93,93,93],"floor_reached":16,"playtime":1421,"items_purged":[],"score":114,"play_id":"a4843577-5754-4f94-acf1-86aca4c52127","local_time":"20201229082319","is_ascension_mode":false,"campfire_choices":[{"data":"chefmod:Omelette","floor":7,"key":"SMITH"},{"floor":12,"key":"REST"},{"floor":15,"key":"REST"}],"circlet_count":0,"master_deck":["chefmod:Strike","chefmod:Strike","chefmod:Strike","chefmod:Strike","chefmod:Strike","chefmod:Defend","chefmod:Defend","chefmod:Defend","chefmod:QuickThaw","chefmod:TodaysSpecial","chefmod:Gelato","chefmod:FullBurn","Regret","chefmod:Cleavers","chefmod:LiquidNitrogen","chefmod:Omelette+1","chefmod:FiveAlarmChili","chefmod:CayenneCloud","chefmod:Granita","stsjorbsmod:Amnesia","chefmod:IcePick","chefmod:Chop","chefmod:DinoKale","chefmod:SpaghettiCarbonara"],"relics":["Cursed Key","MealTicket","White_Cape","chefmod:RollingPin"],"acts_visited":["Exordium"],"potions_floor_usage":[10,13],"damage_taken":[{"damage":0,"enemies":"Jaw Worm","floor":1,"turns":3},{"damage":10,"enemies":"Cultist","floor":2,"turns":5},{"damage":10,"enemies":"Small Slimes","floor":4,"turns":4},{"damage":9,"enemies":"Exordium Wildlife","floor":5,"turns":4},{"damage":15,"enemies":"3 Sentries","floor":6,"turns":4},{"damage":14,"enemies":"Gremlin Nob","floor":10,"turns":3},{"damage":6,"enemies":"Looter","floor":11,"turns":3},{"damage":1,"enemies":"Gremlin Gang","floor":13,"turns":3},{"damage":5,"enemies":"Red Slaver","floor":14,"turns":4},{"damage":66,"enemies":"The Guardian","floor":16,"turns":8}],"seed_played":"-631665544914199052","potions_obtained":[{"floor":4,"key":"Fire Potion"},{"floor":5,"key":"Swift Potion"}],"is_trial":false,"path_per_floor":["M","M","?","M","M","E","R","$","T","E","M","R","M","M","R","B"],"character_chosen":"THE_CHEF","items_purchased":["chefmod:FiveAlarmChili","chefmod:CayenneCloud","White_Cape","chefmod:Granita"],"campfire_rested":2,"item_purchase_floors":[8,8,8,8],"current_hp_per_floor":[76,66,66,56,47,32,32,47,47,33,27,49,48,43,65,0,0],"gold":93,"neow_bonus":"BOSS_RELIC","is_daily":false,"chose_seed":false,"campfire_upgraded":1,"win_rate":0.0,"timestamp":1609248199,"path_taken":["M","M","?","M","?","E","R","$","T","E","M","R","M","M","R","BOSS"],"items_purchased_type":["Card","Card","Relic","Card"],"build_version":"2020-12-22","purchased_purges":0,"victory":false,"max_hp_per_floor":[76,76,76,76,76,76,76,76,76,76,76,76,76,76,76,76,76],"card_choices":[{"not_picked":["chefmod:IcePick","chefmod:SliceAndDice"],"picked":"chefmod:Gelato","floor":1},{"not_picked":["chefmod:FryPan","chefmod:HotSoup"],"picked":"chefmod:FullBurn","floor":2},{"not_picked":["chefmod:FryPan","chefmod:IceCreamCone"],"picked":"chefmod:Cleavers","floor":4},{"not_picked":["chefmod:ColdSteel","chefmod:Granita"],"picked":"chefmod:LiquidNitrogen","floor":5},{"not_picked":["chefmod:Sorbet","chefmod:Defrost"],"picked":"chefmod:Omelette","floor":6},{"not_picked":["chefmod:DinoKale","chefmod:KnifeFlurry"],"picked":"chefmod:IcePick","floor":10},{"not_picked":["chefmod:CayenneCloud","chefmod:Granita"],"picked":"chefmod:Chop","floor":11},{"not_picked":["chefmod:ZaruSoba","chefmod:DeepFreeze"],"picked":"chefmod:DinoKale","floor":13},{"not_picked":["chefmod:IcePick","chefmod:Julienne"],"picked":"chefmod:SpaghettiCarbonara","floor":14}],"player_experience":1633578,"relics_obtained":[{"floor":6,"key":"MealTicket"},{"floor":10,"key":"chefmod:RollingPin"}],"event_choices":[{"damage_healed":0,"gold_gain":275,"player_choice":"Desecrate","damage_taken":0,"max_hp_gain":0,"max_hp_loss":0,"event_name":"Golden Shrine","floor":3,"gold_loss":0,"cards_obtained":["Regret"]}],"is_beta":false,"boss_relics":[],"items_purged_floors":[],"is_endless":false,"potions_floor_spawned":[4,5],"killed_by":"The Guardian","ascension_level":0}}