{"host":"dhyczjm99amxd3qx","time":1609259761,"event":{"mods":["BaseMod","Colored Map","Googly Eyes","Highlight Path","Minty Spire (QoL Compilation)","Quick Restart","StSLib"],"gold_per_floor":[113,113,128,88,100,130,130,162,162,162,175,205,205,221,221,324,324,335,335,345,365,365,365,365],"floor_reached":23,"playtime":1509,"items_purged":[],"score":257,"play_id":"b3958b2b-a4f4-47b8-93cc-97c30f472acf","local_time":"20201229113601","is_ascension_mode":true,"campfire_choices":[{"data":"FTL","floor":7.0,"key":"SMITH"},{"data":"Self Repair","floor":10.0,"key":"SMITH"},{"data":"Zap","floor":13.0,"key":"SMITH"},{"data":"All For One","floor":15.0,"key":"SMITH"}],"circlet_count":0,"master_deck":["Defend_B","Defend_B","Defend_B","Defend_B","Zap+1","Dualcast","FTL+1","Self Repair+1","All For One+1","Ball Lightning","Seek+1","Bite","Bite","Bite","Bite","Bite","Coolheaded+1","Beam Cell"],"relics":["Cracked Core","Kunai","Ornamental Fan","Matryoshka","Toxic Egg 2","Inserter"],"acts_visited":["Exordium","TheCity"],"potions_floor_usage":[20,21,23,23,23],"damage_taken":[{"damage":5.0,"enemies":"2 Louse","floor":1.0,"turns":4.0},{"damage":1.0,"enemies":"Cultist","floor":3.0,"turns":3.0},{"damage":0.0,"enemies":"Small Slimes","floor":5.0,"turns":4.0},{"damage":19.0,"enemies":"Lagavulin","floor":6.0,"turns":8.0},{"damage":16.0,"enemies":"3 Sentries","floor":8.0,"turns":7.0},{"damage":16.0,"enemies":"3 Louse","floor":11.0,"turns":4.0},{"damage":11.0,"enemies":"Lagavulin","floor":12.0,"turns":7.0},{"damage":0.0,"enemies":"Exordium Wildlife","floor":14.0,"turns":2.0},{"damage":29.0,"enemies":"The Guardian","floor":16.0,"turns":8.0},{"damage":7.0,"enemies":"Spheric Guardian","floor":18.0,"turns":3.0},{"damage":60,"enemies":"3 Byrds","floor":20,"turns":6},{"damage":42,"enemies":"Snake Plant","floor":21,"turns":4},{"damage":23,"enemies":"Book of Stabbing","floor":23,"turns":4}],"seed_played":"-8372149749478217911","potions_obtained":[{"floor":4.0,"key":"DuplicationPotion"},{"floor":4.0,"key":"Energy Potion"},{"floor":4.0,"key":"Fire Potion"},{"floor":5.0,"key":"EssenceOfSteel"},{"floor":12.0,"key":"BlessingOfTheForge"},{"floor":14.0,"key":"FairyPotion"},{"floor":16.0,"key":"Regen Potion"},{"floor":18.0,"key":"EntropicBrew"},{"floor":21,"key":"BlessingOfTheForge"}],"is_trial":false,"path_per_floor":["M","?","M","?","M","E","R","E","T","R","M","E","R","M","R","B",null,"M","?","M","M","?","E"],"character_chosen":"DEFECT","items_purchased":[],"campfire_rested":0,"item_purchase_floors":[],"current_hp_per_floor":[77,70,69,69,69,50,50,34,34,34,28,27,27,37,37,18,82,82,57,23,19,10,0,0],"gold":365,"neow_bonus":"TEN_PERCENT_HP_BONUS","is_daily":false,"chose_seed":false,"campfire_upgraded":4,"win_rate":0.0,"timestamp":1609259761,"path_taken":["M","?","M","?","M","E","R","E","T","R","M","E","R","?","R","BOSS","M","?","M","M","?","E"],"items_purchased_type":[],"build_version":"2020-12-22","purchased_purges":0,"victory":false,"max_hp_per_floor":[82,82,82,82,82,82,82,82,82,82,82,82,82,82,82,82,82,82,57,57,57,62,62,62],"card_choices":[{"not_picked":["Beam Cell","Barrage","Doom and Gloom"],"picked":"SKIP","floor":1.0},{"not_picked":["Streamline","Gash","Sweeping Beam"],"picked":"SKIP","floor":3.0},{"not_picked":["Gash","Aggregate","Hologram"],"picked":"SKIP","floor":5.0},{"not_picked":["Sweeping Beam","Steam"],"picked":"FTL","floor":6.0},{"not_picked":["Aggregate","Sweeping Beam"],"picked":"Self Repair","floor":8.0},{"not_picked":["Steam","Hologram"],"picked":"All For One","floor":11.0},{"not_picked":["Aggregate+1","Go for the Eyes"],"picked":"Ball Lightning","floor":12.0},{"not_picked":["Hello World","Reinforced Body+1","Scrape"],"picked":"SKIP","floor":14.0},{"not_picked":["Reboot+1","Thunder Strike"],"picked":"Seek+1","floor":16.0},{"not_picked":["Barrage","Hello World","Leap+1"],"picked":"SKIP","floor":18.0},{"not_picked":["Streamline","Turbo+1"],"picked":"Coolheaded+1","floor":20},{"not_picked":["Compile Driver","Barrage+1"],"picked":"Beam Cell","floor":21}],"player_experience":168670,"relics_obtained":[{"floor":6.0,"key":"Kunai"},{"floor":8.0,"key":"Ornamental Fan"},{"floor":9.0,"key":"Matryoshka"},{"floor":12.0,"key":"Toxic Egg 2"}],"event_choices":[{"cards_removed":["Strike_B"],"damage_healed":0.0,"max_hp_gain":0.0,"max_hp_loss":0.0,"gold_gain":0.0,"event_name":"Golden Wing","player_choice":"Card Removal","floor":2.0,"gold_loss":0.0,"damage_taken":7.0},{"damage_healed":0.0,"max_hp_gain":0.0,"max_hp_loss":0.0,"gold_gain":0.0,"event_name":"The Woman in Blue","player_choice":"Bought 3 Potions","floor":4.0,"gold_loss":0.0,"damage_taken":0.0},{"damage_healed":0.0,"max_hp_gain":0.0,"max_hp_loss":25.0,"gold_gain":0.0,"event_name":"Vampires","player_choice":"Became a vampire","floor":19.0,"gold_loss":0.0,"damage_taken":0.0,"cards_obtained":["Bite","Bite","Bite","Bite","Bite"]},{"damage_healed":0,"gold_gain":0,"player_choice":"Shed Blood","damage_taken":14,"max_hp_gain":5,"max_hp_loss":0,"event_name":"Forgotten Altar","floor":22,"gold_loss":0}],"is_beta":false,"boss_relics":[{"not_picked":["Runic Pyramid","Ectoplasm"],"picked":"Inserter"}],"items_purged_floors":[],"is_endless":false,"potions_floor_spawned":[5,12,14,16,18,21],"killed_by":"Book of Stabbing","ascension_level":2}}