{"host":"hgkb2zpbo2dcws21","time":1609246596,"event":{"mods":["AchievementEnabler","BaseMod","Colored Map","Colored Powertips","Custom Start","DeckTracker","KOR Keyword Fix","Minty Spire (QoL Compilation)","Relic Stats","StSLib","SuperFastMode"],"gold_per_floor":[116,32,51,51,126,126,151,151,151,161,161,102,102,122,122,196,196,209,89,105,285,210,210,226,261,286,300,59,71,71,89,89,161,161,177,52,65,118,138,138,171,171,196,46,46,64,64,80,80,80,80,80,80,0,32,32],"floor_reached":57,"playtime":1245,"items_purged":["Strike_R","Strike_R","Strike_R","Strike_R"],"score":2796,"play_id":"32278cfc-4b4f-412f-a48e-e85f4bdfbb1d","local_time":"20201229215636","is_ascension_mode":true,"campfire_choices":[{"data":"Wild Strike","floor":6.0,"key":"SMITH"},{"data":"Carnage","floor":8.0,"key":"SMITH"},{"data":"Juggernaut","floor":11.0,"key":"SMITH"},{"data":"True Grit","floor":13.0,"key":"SMITH"},{"data":"Power Through","floor":15.0,"key":"SMITH"},{"data":"Evolve","floor":23.0,"key":"SMITH"},{"floor":30.0,"key":"REST"},{"floor":32.0,"key":"REST"},{"floor":40.0,"key":"REST"},{"floor":42.0,"key":"REST"},{"floor":49.0,"key":"RECALL"},{"floor":53.0,"key":"REST"}],"circlet_count":0,"master_deck":["AscendersBane","Strike_R+1","Defend_R+1","Defend_R+1","Defend_R+1","Bash+1","Shrug It Off+1","Power Through+1","Wild Strike+1","Carnage+1","Juggernaut+1","True Grit+1","Fiend Fire+1","Pommel Strike+1","Second Wind+1","Evolve+1","Battle Trance+1","Power Through+1","Sentinel+1","Fire Breathing+1","Body Slam+1","Dark Embrace+1","Body Slam+1","Disarm+1","Sentinel"],"relics":["Burning Blood","NeowsBlessing","Torii","Paper Frog","Odd Mushroom","Mark of Pain","Letter Opener","Runic Pyramid","Incense Burner","Darkstone Periapt","Bag of Preparation","Mark of the Bloom","Pear"],"acts_visited":["Exordium","TheCity","TheBeyond","TheEnding"],"potions_floor_usage":[56],"damage_taken":[{"damage":0.0,"enemies":"Cultist","floor":1.0,"turns":2.0},{"damage":0.0,"enemies":"Jaw Worm","floor":3.0,"turns":1.0},{"damage":0.0,"enemies":"Lagavulin","floor":7.0,"turns":1.0},{"damage":1.0,"enemies":"2 Louse","floor":10.0,"turns":2.0},{"damage":47.0,"enemies":"The Mushroom Lair","floor":14.0,"turns":6.0},{"damage":59.0,"enemies":"Hexaghost","floor":16.0,"turns":11.0},{"damage":14.0,"enemies":"Chosen","floor":18.0,"turns":5.0},{"damage":14.0,"enemies":"3 Byrds","floor":20.0,"turns":5.0},{"damage":18.0,"enemies":"Centurion and Healer","floor":24.0,"turns":4.0},{"damage":0.0,"enemies":"Slavers","floor":25.0,"turns":5.0},{"damage":14.0,"enemies":"Snecko","floor":27.0,"turns":7.0},{"damage":7.0,"enemies":"Shelled Parasite and Fungi","floor":29.0,"turns":3.0},{"damage":14.0,"enemies":"Snake Plant","floor":31.0,"turns":4.0},{"damage":10.0,"enemies":"Champ","floor":33.0,"turns":9.0},{"damage":26.0,"enemies":"Orb Walker","floor":35.0,"turns":4.0},{"damage":15.0,"enemies":"3 Shapes","floor":37.0,"turns":4.0},{"damage":19.0,"enemies":"2 Orb Walkers","floor":38.0,"turns":5.0},{"damage":29.0,"enemies":"3 Darklings","floor":39.0,"turns":4.0},{"damage":14.0,"enemies":"Reptomancer","floor":41.0,"turns":5.0},{"damage":0.0,"enemies":"Spire Growth","floor":46.0,"turns":2.0},{"damage":0.0,"enemies":"4 Shapes","floor":48.0,"turns":3.0},{"damage":9.0,"enemies":"Awakened One","floor":50.0,"turns":8.0},{"damage":0.0,"enemies":"Time Eater","floor":51.0,"turns":7.0},{"damage":11.0,"enemies":"Shield and Spear","floor":55.0,"turns":3.0},{"damage":24,"enemies":"The Heart","floor":56,"turns":8}],"seed_played":"4318624575891077020","potions_obtained":[{"floor":1.0,"key":"FearPotion"},{"floor":3.0,"key":"Strength Potion"},{"floor":14.0,"key":"FairyPotion"},{"floor":20.0,"key":"DuplicationPotion"},{"floor":24.0,"key":"ColorlessPotion"},{"floor":31.0,"key":"Strength Potion"},{"floor":38.0,"key":"BloodPotion"},{"floor":41.0,"key":"Block Potion"},{"floor":48.0,"key":"Energy Potion"},{"floor":55.0,"key":"Dexterity Potion"}],"is_trial":false,"path_per_floor":["M","$","M","$","?","R","E","R","T","M","R","$","R","?","R","B",null,"M","$","M","?","$","R","M","E","T","M","$","M","R","M","R","B",null,"M","$","M","?","M","R","E","R","T","$","?","M","?","M","R","B","B",null,"R","$","E","B",null],"character_chosen":"IRONCLAD","items_purchased":["Power Through","True Grit","Second Wind","Evolve","Fire Breathing","Body Slam","Sentinel"],"campfire_rested":5,"item_purchase_floors":[2,12,19,19,28,28,54],"current_hp_per_floor":[74,74,75,75,64,64,70,70,70,75,75,75,75,34,34,8,58,50,50,42,23,23,23,11,17,17,9,9,8,30,22,44,40,66,46,46,37,39,16,38,30,52,52,52,52,52,52,52,52,43,43,43,43,43,32,8],"gold":32,"neow_bonus":"THREE_ENEMY_KILL","is_daily":false,"chose_seed":false,"campfire_upgraded":6,"win_rate":0.0,"timestamp":1609246596,"path_taken":["M","?","M","$","?","R","E","R","T","M","R","?","R","?","R","BOSS","M","$","M","?","?","R","M","E","T","?","$","M","R","M","R","BOSS","M","$","M","?","M","R","E","R","T","$","?","M","?","M","R","BOSS","BOSS","R","$","E","BOSS"],"items_purchased_type":["Card","Card","Card","Card","Card","Card","Card"],"build_version":"2020-12-22","purchased_purges":4,"victory":true,"max_hp_per_floor":[75,75,75,75,75,75,75,75,75,75,75,75,75,75,75,75,75,75,75,75,75,75,75,75,75,75,75,75,75,75,75,75,75,75,75,75,75,75,75,75,75,75,75,75,75,75,75,75,75,75,75,75,75,75,85,85],"relic_stats":{"Darkstone Periapt":0,"Mark of the Bloom":92,"Torii":54,"counters":[25,118],"Bag of Preparation":[12],"Letter Opener":[157],"obtain_stats":[{"Darkstone Periapt":41,"Mark of the Bloom":45,"Pear":55,"NeowsBlessing":0,"Torii":7,"Incense Burner":38,"Bag of Preparation":43,"Letter Opener":25,"Odd Mushroom":14,"Burning Blood":0,"Mark of Pain":17,"Paper Frog":9,"Runic Pyramid":34},{"Darkstone Periapt":19,"Mark of the Bloom":19,"Pear":24,"NeowsBlessing":0,"Torii":3,"Incense Burner":17,"Bag of Preparation":19,"Letter Opener":10,"Odd Mushroom":5,"Burning Blood":0,"Mark of Pain":6,"Paper Frog":3,"Runic Pyramid":14},{"Darkstone Periapt":87,"Mark of the Bloom":87,"Pear":110,"NeowsBlessing":0,"Torii":4,"Incense Burner":78,"Bag of Preparation":87,"Letter Opener":42,"Odd Mushroom":12,"Burning Blood":0,"Mark of Pain":23,"Paper Frog":4,"Runic Pyramid":65}],"Burning Blood":109},"card_choices":[{"not_picked":["Entrench","Cleave"],"picked":"Shrug It Off","floor":1.0},{"not_picked":["Intimidate","Sword Boomerang"],"picked":"Wild Strike","floor":3.0},{"not_picked":["Havoc","Rampage"],"picked":"Carnage","floor":7.0},{"not_picked":["Twin Strike","Sword Boomerang"],"picked":"Juggernaut","floor":10.0},{"not_picked":["Demon Form","Immolate"],"picked":"Fiend Fire","floor":16.0},{"not_picked":["Perfected Strike","Rage+1"],"picked":"Pommel Strike+1","floor":18.0},{"not_picked":["Pommel Strike","Heavy Blade"],"picked":"Battle Trance","floor":20.0},{"not_picked":["Exhume","Twin Strike"],"picked":"Power Through","floor":24.0},{"not_picked":["Evolve+1","Armaments+1"],"picked":"Sentinel","floor":25.0},{"not_picked":["Searing Blow","Dropkick","Cleave"],"picked":"SKIP","floor":27.0},{"not_picked":["Hemokinesis+1","Armaments","Intimidate"],"picked":"SKIP","floor":29.0},{"not_picked":["Clash","Clothesline","Thunderclap"],"picked":"SKIP","floor":31.0},{"not_picked":["Heavy Blade","Uppercut","Havoc"],"picked":"SKIP","floor":35.0},{"not_picked":["Evolve","Pommel Strike"],"picked":"Dark Embrace","floor":37.0},{"not_picked":["Bloodletting","Flex"],"picked":"Body Slam","floor":39.0},{"not_picked":["Shockwave","Rupture"],"picked":"Disarm","floor":41.0},{"not_picked":["Wild Strike+1","Bloodletting","Whirlwind"],"picked":"SKIP","floor":46.0},{"not_picked":["Spot Weakness","Armaments","Rage+1"],"picked":"SKIP","floor":48.0},{"not_picked":["Carnage+1","Brutality","Whirlwind+1"],"picked":"SKIP","floor":55.0}],"player_experience":1118229,"relics_obtained":[{"floor":7.0,"key":"Torii"},{"floor":9.0,"key":"Paper Frog"},{"floor":14.0,"key":"Odd Mushroom"},{"floor":25.0,"key":"Letter Opener"},{"floor":38.0,"key":"Incense Burner"},{"floor":41.0,"key":"Darkstone Periapt"},{"floor":43.0,"key":"Bag of Preparation"},{"floor":55.0,"key":"Pear"}],"event_choices":[{"damage_healed":0.0,"max_hp_gain":0.0,"max_hp_loss":0.0,"gold_gain":75.0,"event_name":"World of Goop","player_choice":"Gather Gold","floor":5.0,"gold_loss":0.0,"damage_taken":11.0},{"damage_healed":0.0,"max_hp_gain":0.0,"max_hp_loss":0.0,"gold_gain":0.0,"event_name":"Mushrooms","player_choice":"Fought Mushrooms","floor":14.0,"gold_loss":0.0,"damage_taken":0.0},{"damage_healed":0.0,"max_hp_gain":0.0,"max_hp_loss":0.0,"gold_gain":180.0,"event_name":"Knowing Skull","player_choice":"GOLD GOLD ","floor":21.0,"potions_obtained":[],"gold_loss":0.0,"damage_taken":19.0,"cards_obtained":[]},{"damage_healed":0.0,"max_hp_gain":0.0,"max_hp_loss":0.0,"gold_gain":0.0,"event_name":"Mysterious Sphere","player_choice":"Fight","floor":38.0,"gold_loss":0.0,"damage_taken":0.0},{"damage_healed":0.0,"max_hp_gain":0.0,"max_hp_loss":0.0,"gold_gain":0.0,"event_name":"MindBloom","player_choice":"Upgrade","floor":45.0,"gold_loss":0.0,"damage_taken":0.0,"cards_upgraded":["Strike_R","Defend_R","Defend_R","Defend_R","Defend_R","Bash","Shrug It Off","Fiend Fire","Second Wind","Battle Trance","Power Through","Sentinel","Fire Breathing","Body Slam","Dark Embrace","Body Slam","Disarm"],"relics_obtained":["Mark of the Bloom"]},{"cards_removed":["Defend_R"],"damage_healed":0.0,"max_hp_gain":0.0,"max_hp_loss":0.0,"gold_gain":0.0,"event_name":"Falling","player_choice":"Removed Skill","floor":47.0,"gold_loss":0.0,"damage_taken":0.0}],"is_beta":false,"boss_relics":[{"not_picked":["Astrolabe","Tiny House"],"picked":"Mark of Pain"},{"not_picked":["Empty Cage","Snecko Eye"],"picked":"Runic Pyramid"}],"items_purged_floors":[22,28,36,44],"is_endless":false,"potions_floor_spawned":[1,3,14,20,24,31,38,41,46,48,55],"ascension_level":20}}