{"host":"cyiefo55v5hz1ih5","time":1609272819,"event":{"mods":["2.2 Compatiblity","AchievementEnabler","BaseMod","GifTheSpireLib","GungeonMod","Hubris","Minty Spire (QoL Compilation)","Replay The Spire","Spicy Shops","StSLib"],"gold_per_floor":[114,128,128,128,144,144,69,100,126,170,170,170,198,216,216,347,347,370,370,370,1,30,69,118,118,141,171,171,46,75,100,100,100,100],"floor_reached":33,"playtime":2750,"items_purged":["DemoMod:Strike_Huntress","Sickly","DemoMod:Strike_Huntress"],"score":278,"play_id":"78d84427-a300-4307-8694-b49b24c8c6f8","local_time":"20201229151339","is_ascension_mode":true,"campfire_choices":[{"data":"DemoMod:HardPowerCard","floor":6.0,"key":"SMITH"},{"floor":15.0,"key":"RECALL"},{"floor":25.0,"key":"REST"},{"floor":28,"key":"REST"},{"data":"DemoMod:PotionOfGunFriendShip","floor":32,"key":"SMITH"}],"circlet_count":0,"master_deck":["DemoMod:Defend_Huntress","DemoMod:Defend_Huntress","DemoMod:Defend_Huntress","DemoMod:Defend_Huntress","DemoMod:Roll","DemoMod:ManualReload","DemoMod:RustySidearm","DemoMod:CrossBow","DemoMod:HardPowerCard+1","DemoMod:TripleGun","DemoMod:CombinedRifle","DemoMod:DoubleVision","DemoMod:Unity+1","DemoMod:Casey","DemoMod:ShadowBullets","DemoMod:PotionOfGunFriendShip+1"],"relics":["DemoMod:Dog","Golden Idol","hubris:ToyBattleship","PreservedInsect","Vajra","Singing Bowl","Replay:Ancient Bell","Oddly Smooth Stone","Pantograph","Turnip","hubris:Towel","Nilry\u0027s Codex","Lee\u0027s Waffle","Bag of Marbles","Red Mask","Bronze Scales"],"acts_visited":["Exordium","TheCity"],"potions_floor_usage":[27,33],"damage_taken":[{"damage":0.0,"enemies":"Small Slimes","floor":1.0,"turns":3.0},{"damage":3.0,"enemies":"2 Louse","floor":2.0,"turns":2.0},{"damage":0.0,"enemies":"Cultist","floor":5.0,"turns":3.0},{"damage":17.0,"enemies":"3 Sentries","floor":8.0,"turns":9.0},{"damage":0.0,"enemies":"Large Slime","floor":10.0,"turns":7.0},{"damage":0.0,"enemies":"Large Slime","floor":13.0,"turns":3.0},{"damage":0.0,"enemies":"3 Louse","floor":14.0,"turns":3.0},{"damage":17.0,"enemies":"Hexaghost","floor":16.0,"turns":12.0},{"damage":25.0,"enemies":"Shell Parasite","floor":18.0,"turns":7.0},{"damage":3.0,"enemies":"Chosen","floor":22.0,"turns":3.0},{"damage":11.0,"enemies":"Slavers","floor":23.0,"turns":5.0},{"damage":49.0,"enemies":"Masked Bandits","floor":24.0,"turns":5.0},{"damage":17,"enemies":"3 Cultists","floor":27,"turns":6},{"damage":8,"enemies":"Snecko","floor":30,"turns":5},{"damage":0,"enemies":"Cultist and Chosen","floor":31,"turns":6},{"damage":72,"enemies":"Automaton","floor":33,"turns":8}],"seed_played":"7187810981384934958","potions_obtained":[{"floor":2.0,"key":"LiquidMemories"},{"floor":4.0,"key":"LiquidMemories"},{"floor":4.0,"key":"Fire Potion"},{"floor":14.0,"key":"Energy Potion"},{"floor":18.0,"key":"SteroidPotion"},{"floor":22.0,"key":"GamblersBrew"},{"floor":31,"key":"AttackPotion"}],"is_trial":false,"path_per_floor":["M","M","?","?","M","R","$","E","T","?","?","?","M","M","R","B",null,"M","?","?","$","M","E","?","R","T","M","R","$","M","M","R","B"],"character_chosen":"HUNTRESS","items_purchased":["DemoMod:Purify","Lee\u0027s Waffle","DemoMod:Casey"],"campfire_rested":2,"item_purchase_floors":[21,21,21],"current_hp_per_floor":[77,74,71,71,71,71,71,54,54,54,54,54,56,58,58,41,70,45,45,29,77,76,67,18,42,42,25,49,49,41,41,41,0,0],"gold":100,"neow_bonus":"TEN_PERCENT_HP_BONUS","is_daily":false,"chose_seed":false,"campfire_upgraded":2,"win_rate":0.0,"timestamp":1609272819,"path_taken":["M","M","?","?","M","R","$","E","T","?","?","?","M","M","R","BOSS","M","?","?","$","M","E","?","R","T","M","R","$","?","M","R","BOSS"],"items_purchased_type":["Card","Relic","Card"],"build_version":"2020-12-22","purchased_purges":3,"victory":false,"max_hp_per_floor":[77,77,71,71,71,71,71,71,71,71,66,66,68,70,70,70,70,70,70,70,77,79,81,81,81,81,81,81,81,81,81,81,81,81],"card_choices":[{"not_picked":["DemoMod:Ejector","DemoMod:JK47"],"picked":"DemoMod:HardPowerCard","floor":1.0},{"not_picked":["DemoMod:Unity","DemoMod:Evolver"],"picked":"DemoMod:TripleGun","floor":2.0},{"not_picked":["DemoMod:Ejector","DemoMod:DoubleSwitch"],"picked":"DemoMod:CombinedRifle","floor":5.0},{"not_picked":["DemoMod:Unmoved","DemoMod:JK47","DemoMod:AWP"],"picked":"SKIP","floor":8.0},{"not_picked":["DemoMod:JK47","DemoMod:GunstockTap","DemoMod:FortunesFavor"],"picked":"SKIP","floor":10.0},{"not_picked":["DemoMod:StickyCrossBow","DemoMod:Elimentaler","DemoMod:GunstockTap"],"picked":"Singing Bowl","floor":13.0},{"not_picked":["DemoMod:JK47","DemoMod:ConditionalReflex","DemoMod:BoxingGlove"],"picked":"Singing Bowl","floor":14.0},{"not_picked":["DemoMod:ThirdPartyController","DemoMod:FullFirepower"],"picked":"DemoMod:DoubleVision","floor":16.0},{"not_picked":["Replay:Hysterical Blindness","ReplayTheSpireMod:Doomed"],"picked":"CommonCold","floor":17.0},{"not_picked":["Sickly","ReplayTheSpireMod:Splinters"],"picked":"Voices","floor":17.0},{"not_picked":["Shame","hubris:Envy"],"picked":"Sickly","floor":17.0},{"not_picked":["DemoMod:Ejector+1","DemoMod:BattleInHaste+1"],"picked":"DemoMod:Unity+1","floor":18.0},{"not_picked":["DemoMod:HardPowerCard","DemoMod:SkilledReload","DemoMod:FastSwitch"],"picked":"Singing Bowl","floor":22.0},{"not_picked":["DemoMod:SuppressiveFire","DemoMod:ProbeStrike+1","DemoMod:Unmoved"],"picked":"Singing Bowl","floor":23.0},{"not_picked":["DemoMod:BoxingGlove","DemoMod:SAA"],"picked":"DemoMod:Purify","floor":24.0},{"not_picked":["DemoMod:Ejector","DemoMod:Unmoved"],"picked":"DemoMod:ShadowBullets","floor":27},{"not_picked":["DemoMod:Replace","DemoMod:AbyssalTentacle+1"],"picked":"DemoMod:Purify","floor":30},{"not_picked":["DemoMod:Slinger","DemoMod:BattleInHaste"],"picked":"DemoMod:PotionOfGunFriendShip","floor":31}],"player_experience":721246,"relics_obtained":[{"floor":8.0,"key":"hubris:ToyBattleship"},{"floor":9.0,"key":"PreservedInsect"},{"floor":13.0,"key":"Singing Bowl"},{"floor":20.0,"key":"Nilry\u0027s Codex"},{"floor":23.0,"key":"Bag of Marbles"},{"floor":24.0,"key":"Red Mask"},{"floor":26.0,"key":"Bronze Scales"}],"event_choices":[{"damage_healed":0.0,"max_hp_gain":0.0,"max_hp_loss":6.0,"gold_gain":0.0,"event_name":"Golden Idol","player_choice":"Lose Max HP","floor":3.0,"gold_loss":0.0,"damage_taken":0.0,"relics_obtained":["Golden Idol"]},{"damage_healed":0.0,"max_hp_gain":0.0,"max_hp_loss":0.0,"gold_gain":0.0,"event_name":"Lab","player_choice":"Got Potions","floor":4.0,"gold_loss":0.0,"damage_taken":0.0},{"damage_healed":0.0,"max_hp_gain":0.0,"max_hp_loss":0.0,"gold_gain":0.0,"event_name":"Cursed Tome","player_choice":"Obtained Book","floor":20.0,"gold_loss":0.0,"damage_taken":16.0},{"damage_healed":0.0,"max_hp_gain":0.0,"max_hp_loss":0.0,"gold_gain":0.0,"event_name":"Masked Bandits","player_choice":"Fought Bandits","floor":24.0,"gold_loss":0.0,"damage_taken":0.0}],"is_beta":false,"boss_relics":[{"not_picked":["hubris:GrandSneckoEye","hubris:CrackedHourglass"],"picked":"Replay:Ancient Bell"},{"not_picked":["DemoMod:WeirdEgg","DemoMod:WhiteGuonStone"],"picked":"Oddly Smooth Stone"},{"not_picked":["Question Card","Kunai"],"picked":"Pantograph"},{"not_picked":["CaptainsWheel","Dead Branch"],"picked":"Turnip"}],"items_purged_floors":[7,21,29],"is_endless":false,"potions_floor_spawned":[2,8,14,18,22,31],"killed_by":"Automaton","ascension_level":1}}