{"host":"kh1j1cf337zr4nij","time":1609226923,"event":{"mods":["2.2 Compatiblity","AchievementEnabler","Act Like it!","Aspiration","BaseMod","Beaked The Cultist","Bestiary","CCEM","Colored Map","Colored Powertips","Conspire","Downfall","Energized Spire","Fireblade Mod","Friendly Minions","FruityMod","GifTheSpireLib","Glutton Mod","Halation","Hermit","Highlight Path","Hubris","Jedi Mod","JesterMod","Mad Scientist","Marisa????????","Melee Mod","Minty Spire (QoL Compilation)","Quick Restart","Random Character Button","Relic Stats","Replay The Spire","Shade Mod","Slumbering Mod","Spikes Relics","StSLib","Stuff the Spire","SuperFastMode","Synergy Search","The Blackbeard","The Clintock","The Construct","The Cursed","The Disciple","The Druid","The Forsaken","The Hierophant","The Judge","The Juggle","The Mystic","The Necromancer","The Runesmith","The Servant 0.9.4","The Spell Scribe","The Valiant","TheFirefly","Trackpad","vexMod"],"gold_per_floor":[99,111,123,71,88,363,363,117,137,62,79,79,4,4,21,123,123,123,137,22,38,38,48,75,60,70,70,85,103,122,142,154,259,259,259,276,362,59,59,59,59,74,91,121,121,121,121,46,76,86,98,98,98,126,78,78,78],"floor_reached":58,"playtime":4208,"items_purged":["Regret","meleeMod_Shield","meleeMod_Shield"],"score":1440,"play_id":"b03224dc-53ba-4a10-8313-a75251631ec7","local_time":"20201229022843","is_ascension_mode":false,"campfire_choices":[{"floor":1,"key":"RECALL"},{"data":"meleeMod_WallJump","floor":10,"key":"SMITH"},{"data":"meleeMod_SweetSpot","floor":13,"key":"SMITH"},{"data":"meleeMod_EdgeCancel","floor":18,"key":"SMITH"},{"data":"meleeMod_AmsahTech","floor":35,"key":"SMITH"},{"data":"meleeMod_ShieldDrop","floor":40,"key":"SMITH"},{"data":"meleeMod_UpAir","floor":48,"key":"SMITH"},{"data":"meleeMod_DashDance","floor":56,"key":"SMITH"}],"circlet_count":0,"master_deck":["meleeMod_Jab","meleeMod_Jab+1","meleeMod_Jab+1","meleeMod_Shield","meleeMod_Shield","meleeMod_NeutralAir","meleeMod_BackAir","meleeMod_WallJump+1","meleeMod_BabActivated","meleeMod_DownSmash","meleeMod_WaveLand+1","meleeMod_BackAir","meleeMod_SweetSpot+1","meleeMod_ShieldDrop+1","meleeMod_SoftKnee","meleeMod_EdgeCancel+1","meleeMod_UpAir+1","meleeMod_Knee","Pot Of Greed","Pot Of Greed","meleeMod_AmsahTech+1","meleeMod_BackAir","meleeMod_Taunt+1","meleeMod_SomebodyClipThat","meleeMod_Taunt+1","Pot Of Greed","meleeMod_L_Cancel","Parasite","meleeMod_DashDance+1"],"relics":["meleeMod_TeamBeerMang0","Whetstone","downfall:HeartBlessingRed","downfall:HeartBlessingBlue","construct:ClawGrip","meleeMod_NonNeutralStart","Grinning Jar","Replay:Bronze Core","OrangePellets","Calipers","Garlic","Pocketwatch","downfall:HeartBlessingGreen","trackpad:Compendium","Anchor"],"acts_visited":["Exordium","TheCity","TheBeyond","TheEnding"],"potions_floor_usage":[15,16,16,21,30,32,33,37,51,57,57,57],"damage_taken":[{"damage":1,"enemies":"Jaw Worm","floor":2,"turns":3},{"damage":0,"enemies":"Cultist","floor":3,"turns":2},{"damage":4,"enemies":"downfall:FleeingMerchant","floor":4,"turns":4},{"damage":1,"enemies":"conspire:RoseBush","floor":5,"turns":2},{"damage":5,"enemies":"downfall:FleeingMerchant","floor":8,"turns":4},{"damage":0,"enemies":"3 Louse","floor":9,"turns":3},{"damage":2,"enemies":"Large Slime","floor":11,"turns":5},{"damage":0,"enemies":"Red Slaver","floor":15,"turns":4},{"damage":0,"enemies":"downfall:Watcher","floor":16,"turns":11},{"damage":0,"enemies":"Chosen","floor":19,"turns":5},{"damage":6,"enemies":"downfall:FleeingMerchant","floor":20,"turns":4},{"damage":10,"enemies":"3 Byrds","floor":21,"turns":4},{"damage":13,"enemies":"Sentry and Sphere","floor":23,"turns":6},{"damage":5,"enemies":"downfall:FleeingMerchant","floor":25,"turns":4},{"damage":0,"enemies":"Snake Plant","floor":26,"turns":2},{"damage":6,"enemies":"Snecko","floor":28,"turns":4},{"damage":0,"enemies":"Centurion and Healer","floor":29,"turns":4},{"damage":21,"enemies":"Sentry and Sphere","floor":30,"turns":5},{"damage":7,"enemies":"conspire:HollyBat","floor":31,"turns":5},{"damage":4,"enemies":"Centurion and Healer","floor":32,"turns":4},{"damage":28,"enemies":"downfall:Silent","floor":33,"turns":7},{"damage":9,"enemies":"3 Shapes","floor":36,"turns":3},{"damage":0,"enemies":"downfall:FleeingMerchant","floor":37,"turns":4},{"damage":3,"enemies":"Orb Walker","floor":42,"turns":2},{"damage":3,"enemies":"4 Shapes","floor":43,"turns":5},{"damage":4,"enemies":"Giant Head","floor":44,"turns":6},{"damage":0,"enemies":"beaked:SuperParasite","floor":49,"turns":3},{"damage":0,"enemies":"Writhing Mass","floor":50,"turns":3},{"damage":13,"enemies":"3 Darklings","floor":51,"turns":6},{"damage":0,"enemies":"downfall:Ironclad","floor":52,"turns":5},{"damage":3,"enemies":"downfall:CharBossMerchant","floor":54,"turns":6},{"damage":0,"enemies":"downfall:NeowBoss","floor":57,"turns":23}],"seed_played":"994368804973499152","potions_obtained":[{"floor":3,"key":"LifebloodPotion"},{"floor":5,"key":"Block Potion"},{"floor":9,"key":"jedi:hoardpotion"},{"floor":15,"key":"Milkshake"},{"floor":16,"key":"BlessingOfTheForge"},{"floor":21,"key":"Strength Potion"},{"floor":23,"key":"Reflective Coating"},{"floor":30,"key":"SpeedPotion"},{"floor":31,"key":"Regen Potion"},{"floor":32,"key":"Explosive Potion"},{"floor":33,"key":"Venom Potion"},{"floor":42,"key":"Cursed Concoction"},{"floor":44,"key":"Weak Potion"},{"floor":50,"key":"PowerPotion"},{"floor":54,"key":"AttackPotion"}],"is_trial":false,"path_per_floor":["R","M","M","$","M","?","T","$","M","R","M","?","R","?","M","B",null,"R","M","$","M","?","M","T","$","M","?","M","M","M","M","M","B",null,"R","M","$","?","?","R","T","M","M","E","PTL","PTL","?","R","E","M","M","B",null,"E","$","R","B",null],"character_chosen":"FALCON","items_purchased":["meleeMod_WaveLand+1","Whetstone","OrangePellets","Calipers","ColorlessPotion"],"campfire_rested":0,"item_purchase_floors":[4,8,37,38,55],"current_hp_per_floor":[93,92,92,88,87,87,87,82,82,82,80,80,90,90,90,90,103,103,103,97,87,87,74,74,69,69,69,63,63,42,35,43,15,103,103,94,94,94,94,94,94,91,88,84,84,84,84,84,84,84,71,71,103,100,100,100,100],"gold":78,"neow_bonus":"TEN_PERCENT_HP_BONUS","is_daily":false,"chose_seed":false,"campfire_upgraded":7,"win_rate":0.0,"timestamp":1609226923,"path_taken":["R_BF","M","M","$","M","?","T","$","M","R","?","?","R","?","M","BOSS","R","M","$","M","?","M","T","$","M","?","M","M","M","?","M","BOSS","R","M","$","?","?","R","T","M","?","E","PTL","PTL","?","R","E","M","M","BOSS","E","$","R","BOSS"],"items_purchased_type":["Card","Relic","Relic","Relic","Potion"],"build_version":"2020-12-22","purchased_purges":3,"victory":true,"max_hp_per_floor":[93,93,93,93,93,93,93,93,93,93,93,93,103,103,103,103,103,103,103,103,103,103,103,103,103,103,103,103,103,103,103,103,103,103,103,103,103,103,103,103,103,103,103,103,103,103,103,103,103,103,103,103,103,103,103,103,103],"relic_stats":{"OrangePellets":[36],"counters":[32,158],"Whetstone":["meleeMod_Jab","meleeMod_Jab"],"obtain_stats":[{"construct:ClawGrip":17,"Calipers":38,"downfall:HeartBlessingRed":10,"downfall:HeartBlessingGreen":48,"Whetstone":8,"halation:StarCompass":47,"OrangePellets":37,"Anchor":54,"meleeMod_TeamBeerMang0":0,"downfall:HeartBlessingBlue":13,"Replay:Bronze Core":34,"trackpad:Compendium":49,"Garlic":41,"Grinning Jar":27,"meleeMod_NonNeutralStart":24,"Pocketwatch":44},{"construct:ClawGrip":9,"Calipers":23,"downfall:HeartBlessingRed":6,"downfall:HeartBlessingGreen":26,"Whetstone":5,"halation:StarCompass":26,"OrangePellets":23,"Anchor":31,"meleeMod_TeamBeerMang0":0,"downfall:HeartBlessingBlue":7,"Replay:Bronze Core":21,"trackpad:Compendium":27,"Garlic":23,"Grinning Jar":15,"meleeMod_NonNeutralStart":13,"Pocketwatch":26},{"construct:ClawGrip":38,"Calipers":99,"downfall:HeartBlessingRed":18,"downfall:HeartBlessingGreen":112,"Whetstone":15,"halation:StarCompass":112,"OrangePellets":99,"Anchor":135,"meleeMod_TeamBeerMang0":0,"downfall:HeartBlessingBlue":23,"Replay:Bronze Core":92,"trackpad:Compendium":115,"Garlic":99,"Grinning Jar":63,"meleeMod_NonNeutralStart":57,"Pocketwatch":112}],"Pocketwatch":[14]},"card_choices":[{"not_picked":["meleeMod_FalconKick","meleeMod_ForwardTilt"],"picked":"meleeMod_WallJump","floor":2},{"not_picked":["meleeMod_Gentleman","meleeMod_ForwardSmash"],"picked":"meleeMod_BabActivated","floor":3},{"not_picked":["meleeMod_NeutralAir","meleeMod_RaptorBoost"],"picked":"meleeMod_DownSmash","floor":4},{"not_picked":["meleeMod_FireFlower","meleeMod_DownTilt","meleeMod_UpSmash"],"picked":"SKIP","floor":5},{"not_picked":["meleeMod_FireFlower","meleeMod_Gentleman","meleeMod_BabActivated"],"picked":"SKIP","floor":8},{"not_picked":["meleeMod_NeutralAir","meleeMod_Wildfire"],"picked":"meleeMod_BackAir","floor":9},{"not_picked":["meleeMod_FalconDive","meleeMod_RaptorBoost"],"picked":"meleeMod_SweetSpot","floor":11},{"not_picked":["meleeMod_NippleSpike","meleeMod_DownSmash"],"picked":"meleeMod_SoftKnee","floor":15},{"not_picked":["meleeMod_IKilledMufasa","meleeMod_BlueFalcon"],"picked":"meleeMod_EdgeCancel","floor":16},{"not_picked":["meleeMod_UpTilt","meleeMod_SweetSpot","meleeMod_ForwardTilt"],"picked":"SKIP","floor":19},{"not_picked":["meleeMod_ForwardTilt","meleeMod_ShieldPoke+1"],"picked":"meleeMod_UpAir","floor":20},{"not_picked":["meleeMod_DownAir+1","meleeMod_RaptorBoost"],"picked":"meleeMod_Knee","floor":21},{"not_picked":["meleeMod_FalconDive+1","meleeMod_DownAir","meleeMod_SoftKnee"],"picked":"SKIP","floor":23},{"not_picked":["meleeMod_Randall","meleeMod_BMoveSpecialist","meleeMod_FalconDive"],"picked":"SKIP","floor":25},{"not_picked":["meleeMod_NippleSpike+1","meleeMod_FalconDive","meleeMod_ForwardSmash"],"picked":"SKIP","floor":26},{"not_picked":["meleeMod_PowerShield","meleeMod_FalconKick","meleeMod_DownSmash"],"picked":"SKIP","floor":28},{"not_picked":["meleeMod_L_Cancel","meleeMod_DownSmash"],"picked":"meleeMod_AmsahTech","floor":29},{"not_picked":["meleeMod_BabActivated+1","meleeMod_RockCrock+1"],"picked":"meleeMod_BackAir","floor":30},{"not_picked":["meleeMod_NeutralAir","meleeMod_WaveLand","meleeMod_Gentleman"],"picked":"SKIP","floor":31},{"not_picked":["meleeMod_RapidJabs","meleeMod_DropZone"],"picked":"meleeMod_Taunt+1","floor":32},{"not_picked":["meleeMod_PhantomHit","meleeMod_LoseStock"],"picked":"meleeMod_SomebodyClipThat","floor":33},{"not_picked":["meleeMod_FalconDive","meleeMod_TeamAttackOn","meleeMod_Taunt+1"],"picked":"SKIP","floor":36},{"not_picked":["meleeMod_FalconDive","meleeMod_TeamAttackOn"],"picked":"meleeMod_Taunt+1","floor":36},{"not_picked":["meleeMod_Knee","meleeMod_RockCrock+1","meleeMod_RaptorBoost+1"],"picked":"SKIP","floor":37},{"not_picked":["meleeMod_DropZone+1","meleeMod_ForwardTilt","meleeMod_Moonwalking+1"],"picked":"SKIP","floor":42},{"not_picked":["meleeMod_NeutralAir+1","meleeMod_UpAir","meleeMod_BlueFalcon"],"picked":"SKIP","floor":43},{"not_picked":["meleeMod_DownTilt","meleeMod_WaveLand+1","meleeMod_SoftKnee+1"],"picked":"SKIP","floor":44},{"not_picked":["meleeMod_RaptorBoost+1","meleeMod_FalconKick"],"picked":"meleeMod_L_Cancel","floor":49},{"not_picked":["meleeMod_FireFlower+1","meleeMod_DropZone+1","meleeMod_UpAir"],"picked":"SKIP","floor":50},{"not_picked":["meleeMod_CommandGrab","meleeMod_FalconKick"],"picked":"meleeMod_DashDance","floor":51},{"not_picked":["meleeMod_Wildfire+1","meleeMod_FalconDive","meleeMod_FireFlower"],"picked":"SKIP","floor":54}],"player_experience":25490,"relics_obtained":[{"floor":24,"key":"meleeMod_NonNeutralStart"},{"floor":27,"key":"Grinning Jar"},{"floor":41,"key":"Garlic"},{"floor":44,"key":"Pocketwatch"},{"floor":49,"key":"trackpad:Compendium"},{"floor":54,"key":"Anchor"}],"event_choices":[{"damage_healed":0,"gold_gain":0,"player_choice":"Relic","damage_taken":0,"max_hp_gain":0,"max_hp_loss":0,"event_name":"Wheel of Change","floor":27,"gold_loss":0}],"is_beta":false,"boss_relics":[{"not_picked":["jesterMod:MachoBrace","Replay:Cursed D8"],"picked":"construct:ClawGrip"},{"not_picked":["aspiration:RitualDagger","SacredBark"],"picked":"Replay:Bronze Core"}],"items_purged_floors":[8,20,37],"is_endless":false,"potions_floor_spawned":[3,5,9,11,15,16,21,23,30,31,32,33,42,44,50,54],"ascension_level":0}}