{"host":"ye7dkdlypz0ka1od","time":1609275210,"event":{"mods":["Act Like it!","Aspiration","BaseMod","Better Third Choice","Downfall","Gensokyo","Hallownest","Infinite Spire","Minty Spire (QoL Compilation)","StSLib","The Exalted"],"gold_per_floor":[99,118,138,153,68,85,85,85,96,96,116,131,131,145,160,256,256,256,256,269,179,194,194,194,211,50,83,83,8,24,42,58,161,161,161,171,183,194,194,205,251,263,263,263,263],"floor_reached":43,"playtime":2427,"items_purged":["champ:EndlessRage","champ:Strike"],"score":425,"play_id":"c4ee617c-e408-41b6-85a4-cda0628f4f19","local_time":"20201229155330","is_ascension_mode":false,"campfire_choices":[{"data":"champ:Execute","floor":1.0,"key":"SMITH"},{"data":"champ:Improvising","floor":8.0,"key":"SMITH"},{"data":"champ:Devastate","floor":18,"key":"SMITH"},{"floor":23,"key":"RECALL"},{"data":"champ:Improvising","floor":29,"key":"SMITH"},{"data":"champ:Improvising","floor":35,"key":"SMITH"}],"circlet_count":0,"master_deck":["champ:Strike+1","champ:Strike","champ:Defend","champ:Defend","champ:Defend","champ:Defend","champ:Execute+1","champ:Taunt+1","champ:DefensiveShout","champ:Balance","champ:Improvising+1","champ:DefensiveStyle","champ:FlashCut","champ:Circumvent+1","champ:GutPunch","champ:Devastate+1","champ:Improvising+1","champ:TornadoPunch+1","infinitespire:NeuralNetwork","infinitespire:Collect","champ:ShieldWall","champ:FocusedDefense","champ:Improvising+1","CurseOfTheBell","champ:BladeFlurry","champ:Backstep+1"],"relics":["champ:ChampionCrown","Bromod:ArcaneTrickery","Bromod:ArcaneBarrier","InkBottle","Chemical X","Whetstone","Turnip","downfall:HeartBlessingRed","Calling Bell","Mummified Hand","Bromod:ArcaneConsequence","Dead Branch"],"acts_visited":["Exordium","TheCity","TheBeyond"],"potions_floor_usage":[12,16,21,26,27,31,38,40],"damage_taken":[{"damage":7.0,"enemies":"Cultist","floor":2.0,"turns":4.0},{"damage":5.0,"enemies":"Small Slimes","floor":3.0,"turns":4.0},{"damage":16.0,"enemies":"Jaw Worm","floor":4.0,"turns":5.0},{"damage":11.0,"enemies":"downfall:FleeingMerchant","floor":5.0,"turns":4.0},{"damage":25.0,"enemies":"Blue Slaver","floor":6.0,"turns":5.0},{"damage":24.0,"enemies":"Exordium Thugs","floor":9.0,"turns":6.0},{"damage":1,"enemies":"Lots of Slimes","floor":11,"turns":3},{"damage":7,"enemies":"Gremlin Gang","floor":12,"turns":4},{"damage":10,"enemies":"Exordium Wildlife","floor":14,"turns":4},{"damage":5,"enemies":"Blue Slaver","floor":15,"turns":4},{"damage":65,"enemies":"downfall:Silent","floor":16,"turns":11},{"damage":15,"enemies":"Spheric Guardian","floor":20,"turns":4},{"damage":7,"enemies":"downfall:FleeingMerchant","floor":21,"turns":4},{"damage":3,"enemies":"Chosen","floor":22,"turns":4},{"damage":4,"enemies":"Shelled Parasite and Fungi","floor":25,"turns":5},{"damage":3,"enemies":"downfall:FleeingMerchant","floor":26,"turns":4},{"damage":10,"enemies":"Slavers","floor":27,"turns":5},{"damage":0,"enemies":"Snake Plant","floor":30,"turns":4},{"damage":23,"enemies":"Snecko","floor":31,"turns":5},{"damage":22,"enemies":"Centurion and Healer","floor":32,"turns":4},{"damage":37,"enemies":"downfall:Ironclad","floor":33,"turns":9},{"damage":0,"enemies":"Orb Walker","floor":36,"turns":2},{"damage":11,"enemies":"3 Darklings","floor":37,"turns":4},{"damage":50,"enemies":"Spire Growth","floor":38,"turns":4},{"damage":16,"enemies":"Sphere and 2 Shapes","floor":40,"turns":6},{"damage":13,"enemies":"Jaw Worm Horde","floor":42,"turns":3},{"damage":44,"enemies":"Nightmare","floor":43,"turns":4}],"seed_played":"-785585806308406761","potions_obtained":[{"floor":2.0,"key":"SteroidPotion"},{"floor":4.0,"key":"DistilledChaos"},{"floor":11,"key":"BlessingOfTheForge"},{"floor":12,"key":"Energy Potion"},{"floor":14,"key":"BlessingOfTheForge"},{"floor":15,"key":"BlessingOfTheForge"},{"floor":22,"key":"Regen Potion"},{"floor":25,"key":"SteroidPotion"},{"floor":30,"key":"Regen Potion"},{"floor":33,"key":"sneckomod:MuddlingPotion"},{"floor":40,"key":"Fruit Juice"}],"is_trial":false,"path_per_floor":["R","M","M","M","$","M","T","R","M","?","M","M","?","M","M","B",null,"R","?","M","$","M","R","T","M","$","E","AVR","R","M","M","M","B",null,"R","M","M","M","?","M","T","M","NM"],"character_chosen":"THE_CHAMP","items_purchased":["champ:DefensiveStyle","Chemical X"],"campfire_rested":0,"item_purchase_floors":[5,26],"current_hp_per_floor":[90,88,88,82,82,65,65,65,51,51,55,53,58,58,58,14,95,95,95,90,88,88,88,88,89,86,95,95,95,95,79,75,38,95,95,95,95,50,50,44,44,41,0,0,0],"gold":263,"neow_bonus":"UPGRADE_CARD","is_daily":false,"chose_seed":false,"campfire_upgraded":5,"win_rate":0.0,"timestamp":1609275210,"path_taken":["R","M","M","?","$","M","T","R","M","?","?","M","?","M","M","BOSS","R","?","M","$","M","R","T","M","?","E","AVR","R","M","M","M","BOSS","R","M","M","M","?","M","T","?","NM"],"items_purchased_type":["Card","Relic"],"build_version":"2020-12-22","purchased_purges":2,"victory":false,"max_hp_per_floor":[90,90,90,90,90,90,90,90,90,90,90,90,95,95,95,95,95,95,95,95,95,95,95,95,95,95,95,95,95,95,95,95,95,95,95,95,95,95,95,100,100,100,100,100,100],"card_choices":[{"not_picked":["champ:RapidStrikes","champ:FightOn"],"picked":"champ:EndlessRage","floor":2.0},{"not_picked":["champ:Backstep","champ:Aggression"],"picked":"champ:DefensiveShout","floor":3.0},{"not_picked":["champ:FanOfKnives","champ:DefensiveShout"],"picked":"champ:Balance","floor":4.0},{"not_picked":["champ:Haymaker","champ:FlashCut"],"picked":"champ:Improvising","floor":5.0},{"not_picked":["champ:CrookedStrike","champ:Control"],"picked":"champ:FlashCut","floor":6.0},{"not_picked":["champ:Duel","champ:StanceDance"],"picked":"champ:Circumvent","floor":9.0},{"not_picked":["champ:Encircle","champ:Shatter","champ:DefensiveShout"],"picked":"SKIP","floor":11},{"not_picked":["champ:StanceDance","champ:PerfectedStrike","champ:GladiatorsShout"],"picked":"SKIP","floor":12},{"not_picked":["champ:EnragedBash","champ:PerfectedStrike","champ:SwordThrow"],"picked":"SKIP","floor":14},{"not_picked":["champ:FlashCut","champ:HeartStrike","champ:BladeFlurry"],"picked":"SKIP","floor":15},{"not_picked":["champ:HeavySlash","champ:ShieldSlam"],"picked":"champ:Improvising","floor":16},{"not_picked":["champ:Backstep","champ:PreciseThrust"],"picked":"champ:TornadoPunch","floor":20},{"not_picked":["champ:BerserkersShout+1","champ:Balance","champ:StanceDance"],"picked":"SKIP","floor":21},{"not_picked":["champ:BerserkersShout","champ:Backstep","champ:PerfectedStrike"],"picked":"SKIP","floor":22},{"not_picked":["champ:BladeFlurry","champ:PreciseThrust","champ:Riposte"],"picked":"SKIP","floor":25},{"not_picked":["champ:PerfectedStrike","champ:HeartStrike+1","champ:Haymaker"],"picked":"SKIP","floor":26},{"not_picked":["champ:AdrenalArmor+1","champ:FlashCut","champ:Encircle"],"picked":"SKIP","floor":27},{"not_picked":["champ:SteelEdge","champ:FlashCut"],"picked":"champ:ShieldWall","floor":30},{"not_picked":["champ:Circumvent","champ:BringItOn"],"picked":"champ:FocusedDefense","floor":31},{"not_picked":["champ:RapidStrikes","champ:ArenaPreparation+1","champ:PerfectedStrike"],"picked":"SKIP","floor":32},{"not_picked":["champ:IgnorePain","champ:CheapShot"],"picked":"champ:Improvising","floor":33},{"not_picked":["champ:TornadoPunch+1","champ:GladiatorStyle+1","champ:DeathBlow+1"],"picked":"SKIP","floor":36},{"not_picked":["champ:PerfectedStrike","champ:BringItOn","champ:BladeFlurry"],"picked":"SKIP","floor":37},{"not_picked":["champ:FlashCut","champ:RecklessLeap","champ:RapidStrikes+1"],"picked":"SKIP","floor":38},{"not_picked":["champ:PerfectedStrike+1","champ:FocusedGladiator","champ:BringItOn+1"],"picked":"SKIP","floor":40},{"not_picked":["champ:TornadoPunch","champ:GutPunch"],"picked":"champ:Backstep+1","floor":42}],"player_experience":1429492,"relics_obtained":[{"floor":7.0,"key":"Bromod:ArcaneTrickery"},{"floor":24,"key":"InkBottle"},{"floor":27,"key":"Whetstone"},{"floor":34,"key":"Mummified Hand"},{"floor":34,"key":"Bromod:ArcaneConsequence"},{"floor":34,"key":"Dead Branch"}],"event_choices":[{"damage_healed":0,"gold_gain":0,"player_choice":"Donut","damage_taken":0,"max_hp_gain":5,"max_hp_loss":0,"event_name":"Big Fish","floor":13,"gold_loss":0},{"damage_healed":0,"gold_gain":0,"player_choice":"Forge","damage_taken":0,"max_hp_gain":0,"max_hp_loss":0,"event_name":"Accursed Blacksmith","floor":19,"gold_loss":0,"cards_upgraded":["champ:Circumvent"]},{"damage_healed":0,"gold_gain":0,"cards_transformed":["champ:Strike"],"player_choice":"Transformed","damage_taken":0,"max_hp_gain":0,"max_hp_loss":0,"event_name":"Transmorgrifier","floor":39,"gold_loss":0,"cards_obtained":["champ:BladeFlurry"]}],"is_beta":false,"boss_relics":[{"not_picked":["aspiration:WatcherSkillbook","Sozu"],"picked":"Bromod:ArcaneBarrier"},{"not_picked":["Snecko Eye","aspiration:SecretTechniqueScroll"],"picked":"Calling Bell"}],"items_purged_floors":[21,28],"is_endless":false,"potions_floor_spawned":[2,4,11,12,14,15,22,25,30,33,40],"killed_by":"Nightmare","ascension_level":0}}