{"host":"msa0wxqjs3jv1k3j","time":1609252306,"event":{"mods":["BaseMod","BetterRewards","Colored Map","Highlight Path","KOR Keyword Fix","Keyboard Shortcuts","Minty Spire (QoL Compilation)","Quick Restart","SuperFastMode","everything is the same but u backflip on backflip"],"gold_per_floor":[115,128,91,366,266,266,285,106,106,106,136,136,136,136,136,240,240,252,271,271,196,212,212,237,237,237,237,252,252,105,105,105,105,105],"floor_reached":33,"playtime":1779,"items_purged":["Defend_R","Regret","Strike_R"],"score":261,"play_id":"7fce3ead-c0a0-4836-a0cb-402e05f6f082","local_time":"20201229233146","is_ascension_mode":false,"campfire_choices":[{"data":"Rage","floor":6.0,"key":"SMITH"},{"floor":10.0,"key":"REST"},{"floor":13.0,"key":"REST"},{"data":"Bash","floor":15.0,"key":"SMITH"},{"floor":23.0,"key":"REST"},{"floor":29.0,"key":"REST"},{"floor":32,"key":"REST"}],"circlet_count":0,"master_deck":["Strike_R","Strike_R","Defend_R","Defend_R","Bash+1","Shrug It Off","Flex","Dual Wield","Rage+1","Body Slam+1","Limit Break","CurseOfTheBell","Intimidate","Thunderclap","Uppercut","Iron Wave","Fire Breathing+1","Armaments+1"],"relics":["Burning Blood","Incense Burner","Ginger","Anchor","Blood Vial","Calling Bell","Potion Belt","Frozen Egg 2","TungstenRod","Ornamental Fan","Bottled Lightning","Vajra","Ancient Tea Set"],"acts_visited":["Exordium","TheCity"],"potions_floor_usage":[],"damage_taken":[{"damage":9.0,"enemies":"Cultist","floor":1.0,"turns":6.0},{"damage":4.0,"enemies":"2 Louse","floor":2.0,"turns":3.0},{"damage":17.0,"enemies":"Jaw Worm","floor":7.0,"turns":5.0},{"damage":41.0,"enemies":"Lagavulin","floor":11.0,"turns":10.0},{"damage":0.0,"enemies":"Looter","floor":14.0,"turns":1.0},{"damage":45.0,"enemies":"The Guardian","floor":16.0,"turns":12.0},{"damage":20.0,"enemies":"Shell Parasite","floor":18.0,"turns":8.0},{"damage":32.0,"enemies":"3 Byrds","floor":19.0,"turns":10.0},{"damage":22.0,"enemies":"Cultist and Chosen","floor":22.0,"turns":9.0},{"damage":31.0,"enemies":"Slavers","floor":24.0,"turns":8.0},{"damage":45.0,"enemies":"Colosseum Slavers","floor":27.0,"turns":7.0},{"damage":14.0,"enemies":"Snake Plant","floor":28.0,"turns":5.0},{"damage":63,"enemies":"Automaton","floor":33,"turns":14}],"seed_played":"7217266494012639278","potions_obtained":[{"floor":2.0,"key":"SmokeBomb"},{"floor":7.0,"key":"Energy Potion"},{"floor":16.0,"key":"EssenceOfSteel"},{"floor":18.0,"key":"Explosive Potion"}],"is_trial":false,"path_per_floor":["M","M","$","?","$","R","M","$","T","R","E","?","R","M","R","B",null,"M","M","?","?","M","R","E","?","T","?","M","R","$","T","R","B"],"character_chosen":"IRONCLAD","items_purchased":["Shrug It Off","Ginger","Rage","Body Slam","Vajra"],"campfire_rested":5,"item_purchase_floors":[0,0,3,8,30],"current_hp_per_floor":[41,43,43,43,43,43,32,32,32,56,21,21,45,53,53,16,80,66,42,42,42,28,52,29,55,55,18,12,36,36,36,60,0,0],"gold":105,"neow_bonus":"","is_daily":false,"chose_seed":false,"campfire_upgraded":2,"win_rate":0.0,"timestamp":1609252306,"path_taken":["M","M","$","?","?","R","M","$","T","R","E","?","R","M","R","BOSS","M","?","?","?","M","R","E","?","T","?","M","R","$","?","R","BOSS"],"items_purchased_type":["Card","Relic","Card","Card","Relic"],"build_version":"2020-12-22","purchased_purges":3,"victory":false,"max_hp_per_floor":[80,80,80,80,80,80,80,80,80,80,80,80,80,80,80,80,80,80,80,80,80,80,80,80,80,80,80,80,80,80,80,80,80,80],"card_choices":[{"not_picked":["Iron Wave","Twin Strike"],"picked":"Flex","floor":1.0},{"not_picked":["Warcry","Pommel Strike"],"picked":"Dual Wield","floor":2.0},{"not_picked":["Warcry","Combust","Blood for Blood"],"picked":"SKIP","floor":7.0},{"not_picked":["Body Slam","Perfected Strike","Pummel"],"picked":"SKIP","floor":11.0},{"not_picked":["Corruption","Fiend Fire"],"picked":"Limit Break","floor":16.0},{"not_picked":["Flex","Anger"],"picked":"Intimidate","floor":18.0},{"not_picked":["Entrench","Second Wind"],"picked":"Thunderclap","floor":19.0},{"not_picked":["Clash","Entrench","Thunderclap+1"],"picked":"SKIP","floor":22.0},{"not_picked":["Clash","Corruption+1"],"picked":"Fire Breathing+1","floor":24.0},{"not_picked":["Headbutt","Body Slam+1"],"picked":"Armaments+1","floor":28.0}],"player_experience":16021,"relics_obtained":[{"floor":9.0,"key":"Anchor"},{"floor":11.0,"key":"Blood Vial"},{"floor":17.0,"key":"Potion Belt"},{"floor":17.0,"key":"Frozen Egg 2"},{"floor":17.0,"key":"TungstenRod"},{"floor":24.0,"key":"Ornamental Fan"},{"floor":26.0,"key":"Bottled Lightning"},{"floor":31,"key":"Ancient Tea Set"}],"event_choices":[{"damage_healed":0.0,"max_hp_gain":0.0,"max_hp_loss":0.0,"gold_gain":275.0,"event_name":"Golden Shrine","player_choice":"Desecrate","floor":4.0,"gold_loss":0.0,"damage_taken":0.0,"cards_obtained":["Regret"]},{"damage_healed":0.0,"max_hp_gain":0.0,"max_hp_loss":0.0,"gold_gain":0.0,"event_name":"Accursed Blacksmith","player_choice":"Forge","floor":12.0,"gold_loss":0.0,"damage_taken":0.0,"cards_upgraded":["Body Slam"]},{"damage_healed":0.0,"max_hp_gain":0.0,"max_hp_loss":0.0,"gold_gain":0.0,"cards_transformed":["Defend_R","Strike_R"],"event_name":"Drug Dealer","player_choice":"Became Test Subject","floor":20.0,"gold_loss":0.0,"damage_taken":0.0,"cards_obtained":["Uppercut","Iron Wave"]},{"cards_removed":["Strike_R"],"damage_healed":0.0,"max_hp_gain":0.0,"max_hp_loss":0.0,"gold_gain":0.0,"event_name":"Beggar","player_choice":"Gave Gold","floor":21.0,"gold_loss":75.0,"damage_taken":0.0},{"damage_healed":26.0,"max_hp_gain":0.0,"max_hp_loss":0.0,"gold_gain":0.0,"event_name":"The Library","player_choice":"Heal","floor":25.0,"gold_loss":0.0,"damage_taken":0.0},{"damage_healed":0.0,"max_hp_gain":0.0,"max_hp_loss":0.0,"gold_gain":0.0,"event_name":"Colosseum","player_choice":"Fight","floor":27.0,"gold_loss":0.0,"damage_taken":0.0},{"damage_healed":0.0,"max_hp_gain":0.0,"max_hp_loss":0.0,"gold_gain":0.0,"event_name":"Colosseum","player_choice":"Fled From Nobs","floor":27.0,"gold_loss":0.0,"damage_taken":0.0}],"is_beta":false,"boss_relics":[{"not_picked":["Runic Dome","SlaversCollar"],"picked":"Calling Bell"}],"items_purged_floors":[0,5,8],"is_endless":false,"potions_floor_spawned":[2,7,16,18],"killed_by":"Automaton","ascension_level":0}}