{"host":"x4i48uok34n1rpsm","time":1609253030,"event":{"mods":["Aspiration","BaseMod","Better Third Choice","Colored Map","Highlight Path","Minty Spire (QoL Compilation)","Permanent Neow","Replay The Spire","StSLib","The Mystic"],"gold_per_floor":[110,123,123,135,149,149,180,180,180,215,215,247,0,0,0,102,102,122,135,148,159,178,213,213,244,244,184,200,225,111,111,111,206,206,222,222,182,182,197,231,243,273,312,324,352,83,118,134,134,134,134,134,9,41,41],"floor_reached":56,"playtime":4559,"items_purged":["Defend_P","Strike_P","Strike_P"],"score":1363,"play_id":"decd5219-f3c8-4aba-bd71-f87983ca1aa0","local_time":"20201229164350","is_ascension_mode":true,"campfire_choices":[{"floor":6.0,"key":"RECALL"},{"floor":8.0,"key":"REST"},{"floor":15.0,"key":"REST"},{"floor":24.0,"key":"REST"},{"data":"Defend_P","floor":49.0,"key":"PURGE"}],"circlet_count":0,"master_deck":["Strike_P+1","Defend_P+1","Defend_P+1","Eruption","Vigilance","Replay:AtTheReady+1","Devotion+1","EmptyFist","Replay:ManipulateFuture","CutThroughFate+1","ConjureBlade+1","Prostrate+1","Vengeance+1","CarveReality","Perseverance+1","LessonLearned+1","MentalFortress+1","Devotion","FollowUp+1","SashWhip+1","TalkToTheHand","Twin Strike+1","Inflame","Exhume"],"relics":["PureWater","Ring of Chaos","Fusion Hammer","aspiration:HummingbirdHeart","Chameleon Ring","Replay:WaspNest","War Paint","ReplayTheSpireMod:Ninjato","SlaversCollar","Juzu Bracelet","Pondfish Scales","aspiration:HatOfInfinitePower","Blue Doll","aspiration:IroncladSkillbook","MawBank","HandDrill","Pantograph","Unceasing Top"],"acts_visited":["Exordium","TheCity","TheBeyond","TheEnding"],"potions_floor_usage":[55,55],"damage_taken":[{"damage":1.0,"enemies":"Jaw Worm","floor":1.0,"turns":3.0},{"damage":0.0,"enemies":"Small Slimes","floor":2.0,"turns":3.0},{"damage":0.0,"enemies":"Cultist","floor":4.0,"turns":3.0},{"damage":11.0,"enemies":"Lots of Slimes","floor":5.0,"turns":7.0},{"damage":14.0,"enemies":"Lagavulin","floor":7.0,"turns":10.0},{"damage":2.0,"enemies":"Replay:BlueRogue","floor":10.0,"turns":5.0},{"damage":24.0,"enemies":"Lagavulin","floor":12.0,"turns":9.0},{"damage":34.0,"enemies":"Hexaghost","floor":16.0,"turns":14.0},{"damage":1.0,"enemies":"3 Byrds","floor":18.0,"turns":5.0},{"damage":12.0,"enemies":"Chosen","floor":19.0,"turns":8.0},{"damage":4.0,"enemies":"Shelled Parasite and Fungi","floor":20.0,"turns":4.0},{"damage":2.0,"enemies":"Centurion and Healer","floor":21.0,"turns":4.0},{"damage":6.0,"enemies":"3 Cultists","floor":22.0,"turns":6.0},{"damage":0.0,"enemies":"Slavers","floor":23.0,"turns":4.0},{"damage":0.0,"enemies":"Replay:Snechameleon","floor":25.0,"turns":5.0},{"damage":3.0,"enemies":"Snake Plant","floor":28.0,"turns":4.0},{"damage":0.0,"enemies":"Book of Stabbing","floor":29.0,"turns":5.0},{"damage":16.0,"enemies":"Collector","floor":33.0,"turns":7.0},{"damage":0.0,"enemies":"Orb Walker","floor":35.0,"turns":3.0},{"damage":12.0,"enemies":"3 Darklings","floor":39.0,"turns":5.0},{"damage":0.0,"enemies":"R_Hoarder","floor":40.0,"turns":5.0},{"damage":0.0,"enemies":"Spire Growth","floor":42.0,"turns":6.0},{"damage":0.0,"enemies":"4 Shapes","floor":45.0,"turns":4.0},{"damage":14.0,"enemies":"Nemesis","floor":47.0,"turns":5.0},{"damage":0.0,"enemies":"Writhing Mass","floor":48.0,"turns":4.0},{"damage":49.0,"enemies":"Awakened One","floor":50.0,"turns":9.0},{"damage":5.0,"enemies":"Shield and Spear","floor":54.0,"turns":6.0},{"damage":18,"enemies":"The Heart","floor":55,"turns":5}],"seed_played":"7289889237145365856","potions_obtained":[{"floor":4.0,"key":"DuplicationPotion"},{"floor":7.0,"key":"Languid Potion"},{"floor":10.0,"key":"Dexterity Potion"},{"floor":11.0,"key":"Toxic Potion"},{"floor":11.0,"key":"Reflective Coating"},{"floor":14.0,"key":"LifebloodPotion"},{"floor":14.0,"key":"Languid Potion"},{"floor":16.0,"key":"EntropicBrew"},{"floor":23.0,"key":"Toxic Potion"},{"floor":25.0,"key":"Fruit Juice"},{"floor":28.0,"key":"Ancient Potion"},{"floor":29.0,"key":"SpeedPotion"},{"floor":32.0,"key":"StancePotion"},{"floor":32.0,"key":"LiquidBronze"},{"floor":33.0,"key":"LiquidBronze"},{"floor":39.0,"key":"ColorlessPotion"},{"floor":40.0,"key":"Ancient Potion"},{"floor":41.0,"key":"Weak Potion"},{"floor":41.0,"key":"Fire Potion"},{"floor":42.0,"key":"FairyPotion"},{"floor":47.0,"key":"Adrenaline Potion"},{"floor":52.0,"key":"PowerPotion"},{"floor":52.0,"key":"SpeedPotion"}],"is_trial":false,"path_per_floor":["M","M","?","M","M","R","E","R","T","E","R","E","$","?","R","B",null,"M","M","M","M","M","E","R","E","T","?","M","E","$","?","R","B",null,"M","?","?","?","M","E","R","M","T","$","M","$","E","M","R_BF","B",null,"R","$","E","B",null],"character_chosen":"WATCHER","items_purchased":["ReplayTheSpireMod:Ninjato","MentalFortress+1","HandDrill","Inflame"],"campfire_rested":3,"item_purchase_floors":[13,30,46,46],"current_hp_per_floor":[71,71,71,71,60,60,46,67,67,65,65,41,41,41,62,28,72,71,59,55,53,47,47,68,75,75,75,72,72,72,72,72,56,79,79,75,75,75,67,75,75,75,75,75,75,75,65,69,69,30,75,75,75,74,61],"gold":41,"neow_bonus":"DOUBLE_BOSS_RELIC","is_daily":false,"chose_seed":false,"campfire_upgraded":0,"win_rate":0.0,"timestamp":1609253030,"path_taken":["M","M","?","M","M","R","E","R","T","E","R","E","$","?","R","BOSS","M","M","?","M","?","E","R","E","T","?","M","E","$","?","R","BOSS","M","?","?","?","M","E","R","M","T","?","M","$","E","M","R_BF","BOSS","R","$","E","BOSS"],"items_purchased_type":["Relic","Card","Relic","Card"],"build_version":"2020-12-22","purchased_purges":3,"victory":true,"max_hp_per_floor":[72,72,72,72,72,72,72,72,72,72,72,72,72,72,72,72,72,72,72,72,72,72,72,72,79,79,79,79,79,79,79,79,79,79,79,75,75,75,75,75,75,75,75,75,75,75,75,75,75,75,75,75,75,75,75],"card_choices":[{"not_picked":["FlurryOfBlows","ClearTheMind"],"picked":"Replay:AtTheReady","floor":1.0},{"not_picked":["Crescendo","Pray"],"picked":"Devotion","floor":2.0},{"not_picked":["Replay:AtTheReady","EmptyBody","Worship"],"picked":"SKIP","floor":4.0},{"not_picked":["BowlingBash","Evaluate"],"picked":"EmptyFist","floor":5.0},{"not_picked":["Crescendo","Protect"],"picked":"Replay:ManipulateFuture","floor":7.0},{"not_picked":["Nirvana","Blasphemy","ClearTheMind"],"picked":"SKIP","floor":10.0},{"not_picked":["Replay:BluntJabs","Conclude"],"picked":"CutThroughFate","floor":12.0},{"not_picked":["SpiritShield","Vault"],"picked":"ConjureBlade","floor":16.0},{"not_picked":["Replay:Cycle","CutThroughFate"],"picked":"Prostrate+1","floor":18.0},{"not_picked":["EmptyFist","Swivel+1"],"picked":"Vengeance+1","floor":19.0},{"not_picked":["Protect","ClearTheMind"],"picked":"CarveReality","floor":20.0},{"not_picked":["Wallop","PathToVictory","FlyingSleeves"],"picked":"SKIP","floor":21.0},{"not_picked":["ThirdEye","EmptyFist","Halt"],"picked":"SKIP","floor":22.0},{"not_picked":["Replay:AtTheReady","EmptyFist"],"picked":"Perseverance+1","floor":23.0},{"not_picked":["EmptyBody","Weave+1"],"picked":"LessonLearned","floor":25.0},{"not_picked":["Replay:BluntJabs","Prostrate","ClearTheMind"],"picked":"SKIP","floor":28.0},{"not_picked":["CrushJoints","LikeWater"],"picked":"Replay:DivineShield+1","floor":29.0},{"not_picked":["DeusExMachina","LessonLearned"],"picked":"Devotion","floor":33.0},{"not_picked":["Replay:BluntJabs+1","Protect+1","Intimidate"],"picked":"FollowUp+1","floor":35.0},{"not_picked":["Cleave","EmptyFist","Warcry+1"],"picked":"SashWhip","floor":39.0},{"not_picked":["WheelKick","Replay:Hum+1","BowlingBash+1"],"picked":"TalkToTheHand","floor":40.0},{"not_picked":["ReplayTheSpireMod:Strike From Hell","Sentinel+1","Meditate","Blasphemy"],"picked":"SKIP","floor":42.0},{"not_picked":["Heavy Blade+1","Evolve+1","Consecrate"],"picked":"Twin Strike+1","floor":45.0},{"not_picked":["BowlingBash","PathToVictory+1","WindmillStrike","Cleave+1"],"picked":"SKIP","floor":47.0},{"not_picked":["Blood for Blood","Anger","ReplayReversal","SandsOfTime+1"],"picked":"SKIP","floor":48.0},{"not_picked":["ReplayTheSpireMod:Limb From Limb+1","Run Through","SignatureMove"],"picked":"Exhume","floor":54.0}],"player_experience":266055,"relics_obtained":[{"floor":7.0,"key":"aspiration:HummingbirdHeart"},{"floor":9.0,"key":"Chameleon Ring"},{"floor":10.0,"key":"Replay:WaspNest"},{"floor":12.0,"key":"War Paint"},{"floor":23.0,"key":"Juzu Bracelet"},{"floor":25.0,"key":"Pondfish Scales"},{"floor":26.0,"key":"aspiration:HatOfInfinitePower"},{"floor":29.0,"key":"Blue Doll"},{"floor":40.0,"key":"MawBank"},{"floor":47.0,"key":"Pantograph"},{"floor":54.0,"key":"Unceasing Top"}],"event_choices":[{"damage_healed":0.0,"max_hp_gain":0.0,"max_hp_loss":0.0,"gold_gain":0.0,"event_name":"Lab","player_choice":"Got Potions","floor":14.0,"gold_loss":0.0,"damage_taken":0.0},{"damage_healed":0.0,"max_hp_gain":0.0,"max_hp_loss":0.0,"gold_gain":0.0,"event_name":"Accursed Blacksmith","player_choice":"Forge","floor":31.0,"gold_loss":0.0,"damage_taken":0.0,"cards_upgraded":["Devotion"]},{"damage_healed":0.0,"max_hp_gain":0.0,"max_hp_loss":4.0,"gold_gain":0.0,"event_name":"Winding Halls","player_choice":"Max HP","floor":36.0,"gold_loss":0.0,"damage_taken":0.0},{"damage_healed":0.0,"max_hp_gain":0.0,"max_hp_loss":0.0,"gold_gain":0.0,"event_name":"Designer","player_choice":"Upgraded Two","floor":37.0,"gold_loss":40.0,"damage_taken":0.0,"cards_upgraded":["ConjureBlade","Strike_P"]},{"cards_removed":["Replay:DivineShield"],"damage_healed":0.0,"max_hp_gain":0.0,"max_hp_loss":0.0,"gold_gain":0.0,"event_name":"Bonfire Elementals","player_choice":"Offered Uncommon","floor":38.0,"gold_loss":0.0,"damage_taken":0.0}],"is_beta":false,"boss_relics":[{"not_picked":["Astrolabe","Snecko Eye"],"picked":"SlaversCollar"},{"not_picked":["Calling Bell","Replay:Ancient Bell"],"picked":"aspiration:IroncladSkillbook"}],"items_purged_floors":[30,46,53],"is_endless":false,"potions_floor_spawned":[4,7,10,16,23,25,28,29,33,39,40,42,47],"ascension_level":1}}