{"host":"os9owiyb0rak6c8n","time":1609260363,"event":{"mods":["AchievementEnabler","BaseMod","Beaked The Cultist","Better Third Choice","Block Reminder","Colored Map","Colored Powertips","Dio Mod","Downfall","Minty Spire (QoL Compilation)","Spicy Shops","StSLib","The Death Knight","The Necromancer"],"gold_per_floor":[99,113,98,145,171,204,204,249,261,14,25,175,100,119,132,132,132],"floor_reached":16,"playtime":806,"items_purged":[],"score":110,"play_id":"5fd4b002-9785-4704-8132-75a14f407862","local_time":"20201229174603","is_ascension_mode":false,"campfire_choices":[{"data":"sneckomod:SnekBite","floor":1,"key":"SMITH"},{"data":"sneckomod:MorePower","floor":13,"key":"SMITH"}],"circlet_count":0,"master_deck":["sneckomod:Strike+1","sneckomod:Strike","sneckomod:Strike","sneckomod:Defend","sneckomod:Defend","sneckomod:Defend","sneckomod:TailWhip+1","sneckomod:SnekBite+1","sneckomod:Unknown","sneckomod:Unknown","sneckomod:UnknownClassBLUE","sneckomod:UnknownClassBLUE","sneckomod:DiceCrush","sneckomod:WideSting","sneckomod:MorePower+1","sneckomod:UnknownX","Slimebound:Icky","sneckomod:Unknown0Cost+1","sneckomod:UnknownClassSLIMEBOUND+1"],"relics":["sneckomod:SneckoSoul","Whetstone","Centennial Puzzle","MawBank","Smiling Mask","Shuriken","downfall:HeartBlessingGreen"],"acts_visited":["Exordium"],"potions_floor_usage":[6,6,16],"damage_taken":[{"damage":0,"enemies":"Cultist","floor":2,"turns":3},{"damage":5,"enemies":"downfall:FleeingMerchant","floor":3,"turns":4},{"damage":7,"enemies":"Small Slimes","floor":5,"turns":3},{"damage":24,"enemies":"3 Sentries","floor":6,"turns":8},{"damage":21,"enemies":"Lagavulin","floor":8,"turns":4},{"damage":4,"enemies":"downfall:FleeingMerchant","floor":10,"turns":4},{"damage":0,"enemies":"2 Louse","floor":11,"turns":1},{"damage":10,"enemies":"Exordium Wildlife","floor":14,"turns":4},{"damage":12,"enemies":"Blue Slaver","floor":15,"turns":4},{"damage":70,"enemies":"downfall:Defect","floor":16,"turns":6}],"seed_played":"7542981212470364466","potions_obtained":[{"floor":2,"key":"DuplicationPotion"},{"floor":5,"key":"AttackPotion"},{"floor":15,"key":"Dexterity Potion"}],"is_trial":false,"path_per_floor":["R","M","$","T","M","E","T","E","?","$","M","?","R","M","M","B"],"character_chosen":"THE_SNECKO","items_purchased":["Shuriken"],"campfire_rested":0,"item_purchase_floors":[10],"current_hp_per_floor":[91,92,88,88,81,57,57,36,93,89,90,90,90,81,70,0,0],"gold":132,"neow_bonus":"THREE_CARDS","is_daily":false,"chose_seed":false,"campfire_upgraded":2,"win_rate":0.0,"timestamp":1609260363,"path_taken":["R","M","$","?","?","E","T","E","?","?","M","?","R","M","M","BOSS"],"items_purchased_type":["Relic"],"build_version":"2020-12-22","purchased_purges":0,"victory":false,"max_hp_per_floor":[91,92,93,93,93,93,93,93,93,93,94,94,94,95,96,96,96],"card_choices":[{"not_picked":["sneckomod:Rotation","sneckomod:UnknownClassDIO_GOLD_COLOR"],"picked":"sneckomod:UnknownClassBLUE","floor":0},{"not_picked":["sneckomod:PureSnecko","sneckomod:UnknownBlock"],"picked":"sneckomod:UnknownClassBLUE","floor":2},{"not_picked":["sneckomod:Unknown1Cost","sneckomod:UnknownStrike"],"picked":"sneckomod:UnknownClassDEATH_KNIGHT_COLOR","floor":3},{"not_picked":["sneckomod:UnknownClassPURPLE","sneckomod:RainOfDice"],"picked":"sneckomod:DiceCrush","floor":5},{"not_picked":["sneckomod:SoulRoll","sneckomod:SoulExchange"],"picked":"sneckomod:WideSting","floor":6},{"not_picked":["sneckomod:SoulRoll","sneckomod:WideSting","sneckomod:UnknownClassPURPLE"],"picked":"SKIP","floor":8},{"not_picked":["sneckomod:UnknownBlock","sneckomod:DiceBlock"],"picked":"sneckomod:MorePower","floor":10},{"not_picked":["sneckomod:SoulDraw","sneckomod:UnknownClassDIO_GOLD_COLOR"],"picked":"sneckomod:UnknownX","floor":11},{"not_picked":["sneckomod:UnknownStrike+1","sneckomod:UnknownVulnerable+1"],"picked":"sneckomod:Unknown0Cost+1","floor":14},{"not_picked":["sneckomod:UnknownBlock","sneckomod:SnakeSap","sneckomod:DiceCrush"],"picked":"SKIP","floor":14},{"not_picked":["sneckomod:Unknown2Cost+1","sneckomod:UnknownUncommonAttack+1"],"picked":"sneckomod:UnknownClassSLIMEBOUND+1","floor":15},{"not_picked":["sneckomod:SoulRoll","sneckomod:UnknownUncommonPower","sneckomod:UnknownWeak"],"picked":"SKIP","floor":15}],"player_experience":611827,"relics_obtained":[{"floor":4,"key":"Whetstone"},{"floor":6,"key":"Centennial Puzzle"},{"floor":7,"key":"MawBank"},{"floor":8,"key":"Smiling Mask"}],"event_choices":[{"cards_removed":["sneckomod:UnknownClassDEATH_KNIGHT_COLOR"],"damage_healed":57,"gold_gain":0,"player_choice":"Offered Uncommon","damage_taken":0,"max_hp_gain":0,"max_hp_loss":0,"event_name":"Bonfire Elementals","floor":9,"gold_loss":0}],"is_beta":false,"boss_relics":[],"items_purged_floors":[],"is_endless":false,"potions_floor_spawned":[2,5,15],"killed_by":"downfall:Defect","ascension_level":0}}