{"host":"71h53w2p123dt4nv","time":1609270471,"event":{"mods":["AchievementEnabler","BaseMod","Better Third Choice","Minty Spire (QoL Compilation)","Rare Cards Sparkle","Shop Mod","StSLib","The Animator"],"gold_per_floor":[211,224,399,415,37,37,65,82,82,108,108,136,11,23,23,120,120,139,154,172,271,271,306,325,325,325,325,325,325,339,370,370,471,471,487,36,56,75,75,109,109,120,171,198,198,198,198,212,212,212],"floor_reached":51,"playtime":5640,"items_purged":["Doubt"],"score":894,"play_id":"23cb37cc-4871-4451-8332-bd71d2b0b829","local_time":"20201229203431","is_ascension_mode":true,"campfire_choices":[{"data":"1","floor":6.0,"key":"LIFT"},{"floor":15.0,"key":"REST"},{"floor":25.0,"key":"REST"},{"data":"2","floor":27.0,"key":"LIFT"},{"floor":32.0,"key":"REST"},{"floor":41.0,"key":"REST"},{"data":"3","floor":45.0,"key":"LIFT"},{"data":"Eruption","floor":49.0,"key":"SMITH"}],"circlet_count":0,"master_deck":["Strike_P","Strike_P","Strike_P","Strike_P","Defend_P+1","Defend_P","Defend_P","Defend_P","Eruption+1","Vigilance","BattleHymn","FollowUp+1","Indignation","Consecrate","LikeWater","EmptyMind","InnerPeace","TalkToTheHand","DeusExMachina","CutThroughFate","Evaluate","EmptyBody+1","BattleHymn+1","CrushJoints","FlurryOfBlows+1","DeusExMachina","SashWhip","InnerPeace+1","TalkToTheHand+1","Prostrate+1"],"relics":["PureWater","Girya","Strawberry","Juzu Bracelet","Eternal Feather","Orichalcum","Runic Pyramid","Happy Flower","Du-Vu Doll","Frozen Egg 2","InkBottle","VioletLotus","HandDrill","Ice Cream","Letter Opener","Damaru","Whetstone","TungstenRod"],"acts_visited":["Exordium","TheCity","TheBeyond"],"potions_floor_usage":[],"damage_taken":[{"damage":0.0,"enemies":"Cultist","floor":1.0,"turns":3.0},{"damage":0.0,"enemies":"Small Slimes","floor":2.0,"turns":2.0},{"damage":0.0,"enemies":"Jaw Worm","floor":4.0,"turns":3.0},{"damage":0.0,"enemies":"Lagavulin","floor":7.0,"turns":3.0},{"damage":7.0,"enemies":"Exordium Thugs","floor":8.0,"turns":4.0},{"damage":6.0,"enemies":"Gremlin Nob","floor":10.0,"turns":3.0},{"damage":4.0,"enemies":"3 Sentries","floor":12.0,"turns":5.0},{"damage":9.0,"enemies":"3 Louse","floor":14.0,"turns":3.0},{"damage":30.0,"enemies":"The Guardian","floor":16.0,"turns":8.0},{"damage":7.0,"enemies":"Shell Parasite","floor":18.0,"turns":5.0},{"damage":2.0,"enemies":"Chosen","floor":19.0,"turns":3.0},{"damage":14.0,"enemies":"3 Cultists","floor":20.0,"turns":4.0},{"damage":23.0,"enemies":"Slavers","floor":23.0,"turns":4.0},{"damage":13.0,"enemies":"Snecko","floor":24.0,"turns":5.0},{"damage":16.0,"enemies":"Snake Plant","floor":30.0,"turns":2.0},{"damage":12.0,"enemies":"Gremlin Leader","floor":31.0,"turns":3.0},{"damage":59.0,"enemies":"Automaton","floor":33.0,"turns":10.0},{"damage":24.0,"enemies":"3 Shapes","floor":35.0,"turns":3.0},{"damage":38.0,"enemies":"3 Darklings","floor":37.0,"turns":3.0},{"damage":0.0,"enemies":"Transient","floor":38.0,"turns":5.0},{"damage":0.0,"enemies":"Nemesis","floor":40.0,"turns":3.0},{"damage":1.0,"enemies":"Spire Growth","floor":42.0,"turns":3.0},{"damage":0.0,"enemies":"Reptomancer","floor":44.0,"turns":3.0},{"damage":6.0,"enemies":"Sphere and 2 Shapes","floor":48.0,"turns":3.0},{"damage":38,"enemies":"Time Eater","floor":50,"turns":7}],"seed_played":"-2142598912629199673","potions_obtained":[{"floor":4.0,"key":"BlessingOfTheForge"},{"floor":8.0,"key":"Dexterity Potion"},{"floor":10.0,"key":"ColorlessPotion"},{"floor":14.0,"key":"PowerPotion"},{"floor":20.0,"key":"Dexterity Potion"},{"floor":23.0,"key":"Swift Potion"},{"floor":33.0,"key":"CultistPotion"},{"floor":35.0,"key":"EssenceOfSteel"},{"floor":37.0,"key":"DuplicationPotion"},{"floor":40.0,"key":"DuplicationPotion"},{"floor":44.0,"key":"Fire Potion"}],"is_trial":false,"path_per_floor":["M","M","?","M","$","R","E","M","T","E","?","E","$","M","R","B",null,"M","M","M","?","T","E","M","R","T","R","?","?","M","E","R","B",null,"M","$","M","M","T","E","R","M","T","E","R","?","?","M","R","B",null],"character_chosen":"WATCHER","items_purchased":["Girya","InnerPeace","Swift Potion","HandDrill","Ice Cream"],"campfire_rested":4,"item_purchase_floors":[5,13,13,36,36],"current_hp_per_floor":[72,72,72,72,72,72,79,72,72,66,50,46,46,37,69,39,79,72,70,56,56,56,33,20,55,55,67,67,67,51,39,77,18,79,55,55,17,17,17,17,58,57,57,57,75,79,79,73,79,41],"gold":212,"neow_bonus":"HUNDRED_GOLD","is_daily":false,"chose_seed":false,"campfire_upgraded":1,"win_rate":0.0,"timestamp":1609270471,"path_taken":["M","M","?","M","$","R","E","M","T","E","?","E","$","M","R","BOSS","M","M","M","?","?","E","M","R","T","R","?","?","M","E","R","BOSS","M","$","M","M","?","E","R","M","T","E","R","?","?","M","R","BOSS"],"items_purchased_type":["Relic","Card","Potion","Relic","Relic"],"build_version":"2020-12-22","purchased_purges":1,"victory":true,"max_hp_per_floor":[72,72,72,72,72,72,79,79,79,79,79,79,79,79,79,79,79,79,79,79,79,79,79,79,79,79,79,79,79,79,79,79,79,79,79,79,79,79,79,79,79,79,79,79,79,79,79,79,79,79],"card_choices":[{"not_picked":["FlurryOfBlows","EmptyBody"],"picked":"BattleHymn","floor":1.0},{"not_picked":["Prostrate","WindmillStrike"],"picked":"FollowUp","floor":2.0},{"not_picked":["ThirdEye","EmptyBody"],"picked":"Indignation","floor":4.0},{"not_picked":["FlyingSleeves","Protect"],"picked":"Consecrate","floor":7.0},{"not_picked":["Evaluate","Swivel","PathToVictory"],"picked":"SKIP","floor":8.0},{"not_picked":["Prostrate","BowlingBash"],"picked":"LikeWater","floor":10.0},{"not_picked":["FollowUp","Worship"],"picked":"EmptyMind","floor":12.0},{"not_picked":["FlurryOfBlows","Prostrate"],"picked":"TalkToTheHand","floor":14.0},{"not_picked":["Alpha","ConjureBlade"],"picked":"DeusExMachina","floor":16.0},{"not_picked":["BowlingBash","Protect"],"picked":"CutThroughFate","floor":18.0},{"not_picked":["BowlingBash","Fasting2"],"picked":"FlurryOfBlows","floor":19.0},{"not_picked":["WreathOfFlame","CutThroughFate","JustLucky"],"picked":"SKIP","floor":20.0},{"not_picked":["JustLucky","DeusExMachina"],"picked":"Evaluate","floor":23.0},{"not_picked":["FollowUp","CrushJoints"],"picked":"EmptyBody+1","floor":24.0},{"not_picked":["ThirdEye","Conclude"],"picked":"CrushJoints","floor":30.0},{"not_picked":["MasterReality+1","FlyingSleeves+1"],"picked":"FlurryOfBlows","floor":31.0},{"not_picked":["Omniscience","Vault"],"picked":"DeusExMachina","floor":33.0},{"not_picked":["FollowUp","Evaluate+1"],"picked":"ForeignInfluence","floor":35.0},{"not_picked":["FlyingSleeves+1","ReachHeaven+1"],"picked":"SashWhip","floor":37.0},{"not_picked":["BowlingBash+1","ClearTheMind+1"],"picked":"InnerPeace+1","floor":38.0},{"not_picked":["Prostrate","DevaForm+1"],"picked":"TalkToTheHand+1","floor":40.0},{"not_picked":["Evaluate","EmptyBody+1","Worship+1"],"picked":"SKIP","floor":42.0},{"not_picked":["Consecrate","ThirdEye","DeceiveReality"],"picked":"SKIP","floor":44.0},{"not_picked":["Perseverance","CrushJoints+1"],"picked":"Prostrate+1","floor":48.0}],"player_experience":188598,"relics_obtained":[{"floor":7.0,"key":"Strawberry"},{"floor":9.0,"key":"Juzu Bracelet"},{"floor":10.0,"key":"Eternal Feather"},{"floor":12.0,"key":"Orichalcum"},{"floor":22.0,"key":"Happy Flower"},{"floor":23.0,"key":"Du-Vu Doll"},{"floor":26.0,"key":"Frozen Egg 2"},{"floor":31.0,"key":"InkBottle"},{"floor":39.0,"key":"Letter Opener"},{"floor":40.0,"key":"Damaru"},{"floor":43.0,"key":"Whetstone"},{"floor":44.0,"key":"TungstenRod"}],"event_choices":[{"damage_healed":0.0,"max_hp_gain":0.0,"max_hp_loss":0.0,"gold_gain":175.0,"event_name":"betterThird:BetterSerpent","player_choice":"AGREE","floor":3.0,"gold_loss":0.0,"damage_taken":224.0},{"damage_healed":66.0,"max_hp_gain":0.0,"max_hp_loss":79.0,"gold_gain":0.0,"event_name":"betterThird:BetterShining","player_choice":"Upgrade","floor":11.0,"gold_loss":0.0,"damage_taken":16.0,"cards_upgraded":["FollowUp","Defend_P"]},{"damage_healed":0.0,"max_hp_gain":0.0,"max_hp_loss":0.0,"gold_gain":99.0,"event_name":"betterThird:BetterNest","player_choice":"Steal","floor":21.0,"gold_loss":0.0,"damage_taken":0.0},{"damage_healed":0.0,"max_hp_gain":0.0,"max_hp_loss":0.0,"gold_gain":0.0,"event_name":"Cursed Tome","player_choice":"Ignored","floor":28.0,"gold_loss":0.0,"damage_taken":0.0},{"damage_healed":0.0,"max_hp_gain":0.0,"max_hp_loss":0.0,"gold_gain":0.0,"event_name":"Match and Keep!","player_choice":"1 cards matched","floor":29.0,"gold_loss":0.0,"damage_taken":0.0,"cards_obtained":["BattleHymn"]},{"cards_removed":["ForeignInfluence"],"damage_healed":4.0,"max_hp_gain":0.0,"max_hp_loss":0.0,"gold_gain":0.0,"event_name":"Bonfire Elementals","player_choice":"Offered Uncommon","floor":46.0,"gold_loss":0.0,"damage_taken":0.0},{"cards_removed":["FlurryOfBlows"],"damage_healed":0.0,"max_hp_gain":0.0,"max_hp_loss":0.0,"gold_gain":0.0,"event_name":"Falling","player_choice":"Removed Attack","floor":47.0,"gold_loss":0.0,"damage_taken":0.0}],"is_beta":false,"boss_relics":[{"not_picked":["Empty Cage","Tiny House"],"picked":"Runic Pyramid"},{"not_picked":["SlaversCollar","Runic Dome"],"picked":"VioletLotus"}],"items_purged_floors":[5],"is_endless":false,"potions_floor_spawned":[4,8,10,14,20,23,33,35,37,40,44],"ascension_level":2}}