{"host":"tgr1xoidyjfo4u0n","time":1609275668,"event":{"mods":["Act Like it!","BaseMod","Better Vampires","CapriCore","Colored Powertips","GifTheSpireLib","Highlight Path","Minty Spire (QoL Compilation)","StSLib"],"gold_per_floor":[112,125,136,136,152,152,102,114,141,152,162,162,173,186,186,186,186],"floor_reached":16,"playtime":668,"items_purged":[],"score":98,"play_id":"d011a426-52c9-4b5e-9fca-a837fc174923","local_time":"20201230050108","is_ascension_mode":false,"campfire_choices":[{"data":"Hologram","floor":6.0,"key":"SMITH"},{"data":"Coolheaded","floor":12.0,"key":"SMITH"},{"data":"Biased Cognition","floor":15,"key":"SMITH"}],"circlet_count":0,"master_deck":["Strike_B","Strike_B","Strike_B","Defend_B","Defend_B","Defend_B","Defend_B","Zap","Dualcast","Tempest","Double Energy","Steam","Hologram+1","Coolheaded+1","Biased Cognition+1","Coolheaded","Redo","Skim"],"relics":["Cracked Core","NeowsBlessing","Smiling Mask"],"acts_visited":["Exordium"],"potions_floor_usage":[],"damage_taken":[{"damage":0.0,"enemies":"Jaw Worm","floor":1.0,"turns":1.0},{"damage":0.0,"enemies":"2 Louse","floor":2.0,"turns":1.0},{"damage":0.0,"enemies":"Small Slimes","floor":3.0,"turns":1.0},{"damage":2.0,"enemies":"2 Fungi Beasts","floor":5.0,"turns":3.0},{"damage":12.0,"enemies":"3 Louse","floor":8.0,"turns":3.0},{"damage":0.0,"enemies":"Exordium Thugs","floor":10.0,"turns":4.0},{"damage":0.0,"enemies":"Large Slime","floor":11.0,"turns":6.0},{"damage":3,"enemies":"Exordium Wildlife","floor":13,"turns":4},{"damage":0,"enemies":"Looter","floor":14,"turns":3},{"damage":64,"enemies":"Hexaghost","floor":16,"turns":9}],"seed_played":"-823616247606261588","potions_obtained":[{"floor":1.0,"key":"EssenceOfSteel"},{"floor":5.0,"key":"SkillPotion"},{"floor":14,"key":"SpeedPotion"}],"is_trial":false,"path_per_floor":["M","M","M","?","M","R","?","M","T","M","M","R","M","M","R","B"],"character_chosen":"DEFECT","items_purchased":[],"campfire_rested":0,"item_purchase_floors":[],"current_hp_per_floor":[75,75,75,80,78,78,78,66,66,66,66,66,63,63,63,0,0],"gold":186,"neow_bonus":"THREE_ENEMY_KILL","is_daily":false,"chose_seed":false,"campfire_upgraded":3,"win_rate":0.0,"timestamp":1609275668,"path_taken":["M","M","M","?","M","R","?","M","T","M","M","R","M","M","R","BOSS"],"items_purchased_type":[],"build_version":"2020-12-22","purchased_purges":0,"victory":false,"max_hp_per_floor":[75,75,75,80,80,80,80,80,80,80,80,80,80,80,80,80,80],"card_choices":[{"not_picked":["Rip and Tear","Sweeping Beam"],"picked":"Tempest","floor":1.0},{"not_picked":["Leap","Self Repair"],"picked":"Double Energy","floor":2.0},{"not_picked":["Barrage","Compile Driver"],"picked":"Steam","floor":3.0},{"not_picked":["Conserve Battery","Barrage"],"picked":"Hologram","floor":5.0},{"not_picked":["Turbo","Chaos"],"picked":"Coolheaded","floor":8.0},{"not_picked":["Rebound","Conserve Battery"],"picked":"Biased Cognition","floor":10.0},{"not_picked":["Ball Lightning","Sweeping Beam"],"picked":"Coolheaded","floor":11.0},{"not_picked":["Coolheaded","Compile Driver"],"picked":"Redo","floor":13},{"not_picked":["Coolheaded","Hyperbeam"],"picked":"Skim","floor":14}],"player_experience":316062,"relics_obtained":[{"floor":9.0,"key":"Smiling Mask"}],"event_choices":[{"damage_healed":0.0,"max_hp_gain":5.0,"max_hp_loss":0.0,"gold_gain":0.0,"event_name":"Big Fish","player_choice":"Donut","floor":4.0,"gold_loss":0.0,"damage_taken":0.0},{"cards_removed":["Strike_B"],"damage_healed":0.0,"max_hp_gain":0.0,"max_hp_loss":0.0,"gold_gain":0.0,"event_name":"The Cleric","player_choice":"Card Removal","floor":7.0,"gold_loss":50.0,"damage_taken":0.0}],"is_beta":false,"boss_relics":[],"items_purged_floors":[],"is_endless":false,"potions_floor_spawned":[1,5,14],"killed_by":"Hexaghost","ascension_level":0}}