{"host":"cv77zuuuekizn3ic","time":1609227487,"event":{"mods":["AchievementEnabler","BaseMod","Marisa£®ÏF”Í°°ƒß¿Ì…≥£©","Minty Spire (QoL Compilation)","StSLib","The Servant 0.9.4","Waifu the Spire","everything is the same but u backflip on backflip","slay the spire mod where everything is the same but ironclad has a cowboy hat"],"gold_per_floor":[115,290,290,290,123,148,158,186,186,213,225,225,258,273,273,377,377,394,394,404,420,420,455,455,480,504,536,636,648,681,694,694,798,798,816,816,566,616,635,635,648,678,678,678,340,340,351,367,367,367,367,367,53,84,84],"floor_reached":56,"playtime":4192,"items_purged":["Doubt","Defend_B","Defend_B"],"score":1816,"play_id":"2f7cda3b-25a3-4539-bfd1-fccc69286780","local_time":"20201229153807","is_ascension_mode":true,"campfire_choices":[{"data":"Buffer","floor":12.0,"key":"SMITH"},{"data":"Heatsinks","floor":15.0,"key":"SMITH"},{"data":"Defragment","floor":24.0,"key":"SMITH"},{"data":"Recycle","floor":32.0,"key":"SMITH"},{"data":"Coolheaded","floor":40.0,"key":"SMITH"},{"data":"Madness","floor":44,"key":"SMITH"},{"data":"Reboot","floor":46,"key":"SMITH"},{"floor":49,"key":"RECALL"},{"data":"Turbo","floor":52,"key":"SMITH"}],"circlet_count":0,"master_deck":["Strike_B+1","Defend_B","Defend_B","Zap","Dualcast+1","Glacier","Cold Snap","Self Repair","Ball Lightning","Buffer+1","Heatsinks+1","Machine Learning","Turbo+1","Defragment+1","Recycle+1","Coolheaded+1","Skim+1","Madness","Madness+1","Reboot+1","Static Discharge","Impatience"],"relics":["Nuclear Battery","Letter Opener","Omamori","Centennial Puzzle","Akabeko","Blue Candle","Oddly Smooth Stone","Coffee Dripper","Orichalcum","Whetstone","PreservedInsect","CaptainsWheel","Ginger","Singing Bowl","Thread and Needle","Empty Cage","ClockworkSouvenir","Shovel","CeramicFish","InkBottle","White Beast Statue"],"acts_visited":["Exordium","TheCity","TheBeyond","TheEnding"],"potions_floor_usage":[55,55],"damage_taken":[{"damage":5.0,"enemies":"Small Slimes","floor":1.0,"turns":4.0},{"damage":22.0,"enemies":"Lagavulin","floor":6.0,"turns":16.0},{"damage":0.0,"enemies":"Jaw Worm","floor":7.0,"turns":3.0},{"damage":23.0,"enemies":"Gremlin Nob","floor":8.0,"turns":5.0},{"damage":7.0,"enemies":"3 Sentries","floor":10.0,"turns":7.0},{"damage":0.0,"enemies":"2 Louse","floor":11.0,"turns":2.0},{"damage":0.0,"enemies":"Lagavulin","floor":13.0,"turns":6.0},{"damage":3.0,"enemies":"Exordium Wildlife","floor":14.0,"turns":4.0},{"damage":33.0,"enemies":"Hexaghost","floor":16.0,"turns":12.0},{"damage":8.0,"enemies":"2 Thieves","floor":18.0,"turns":5.0},{"damage":0.0,"enemies":"3 Byrds","floor":20.0,"turns":4.0},{"damage":10.0,"enemies":"3 Cultists","floor":21.0,"turns":8.0},{"damage":20.0,"enemies":"Book of Stabbing","floor":23.0,"turns":6.0},{"damage":12.0,"enemies":"Slavers","floor":25.0,"turns":6.0},{"damage":23.0,"enemies":"Gremlin Leader","floor":27.0,"turns":6.0},{"damage":15.0,"enemies":"Colosseum Slavers","floor":28.0,"turns":4.0},{"damage":0.0,"enemies":"Colosseum Nobs","floor":28.0,"turns":5.0},{"damage":0.0,"enemies":"Centurion and Healer","floor":29.0,"turns":7.0},{"damage":26.0,"enemies":"Slavers","floor":30.0,"turns":6.0},{"damage":0.0,"enemies":"Chosen and Byrds","floor":31.0,"turns":7.0},{"damage":0.0,"enemies":"Champ","floor":33.0,"turns":12.0},{"damage":0.0,"enemies":"3 Shapes","floor":35.0,"turns":4.0},{"damage":0.0,"enemies":"Mind Bloom Boss Battle","floor":38.0,"turns":8.0},{"damage":8.0,"enemies":"3 Darklings","floor":39.0,"turns":8.0},{"damage":0.0,"enemies":"Sphere and 2 Shapes","floor":41.0,"turns":5.0},{"damage":19.0,"enemies":"Reptomancer","floor":42.0,"turns":6.0},{"damage":0,"enemies":"Writhing Mass","floor":47,"turns":5},{"damage":0,"enemies":"Spire Growth","floor":48,"turns":4},{"damage":14,"enemies":"Awakened One","floor":50,"turns":16},{"damage":0,"enemies":"Shield and Spear","floor":54,"turns":1},{"damage":21,"enemies":"The Heart","floor":55,"turns":7}],"seed_played":"-4702465866881835388","potions_obtained":[{"floor":1.0,"key":"EssenceOfSteel"},{"floor":10.0,"key":"FairyPotion"},{"floor":11.0,"key":"Strength Potion"},{"floor":13.0,"key":"Energy Potion"},{"floor":14.0,"key":"PotionOfCapacity"},{"floor":16.0,"key":"Fire Potion"},{"floor":20.0,"key":"DistilledChaos"},{"floor":27.0,"key":"SneckoOil"},{"floor":28.0,"key":"FearPotion"},{"floor":33.0,"key":"CultistPotion"}],"is_trial":false,"path_per_floor":["M","?","T","?","$","E","M","E","T","E","M","R","E","M","R","B",null,"M","?","M","M","?","E","R","E","T","E","?","M","E","M","R","B",null,"M","?","$","?","M","R","M","E","T","R","$","R","M","M","R","B",null,"R","$","E","B",null],"character_chosen":"DEFECT","items_purchased":["Cold Snap","Self Repair","ClockworkSouvenir","Reboot","Static Discharge","InkBottle","Impatience"],"campfire_rested":0,"item_purchase_floors":[5,5,37,45,45,53,53],"current_hp_per_floor":[63,63,63,48,48,33,40,24,24,24,31,31,38,42,42,16,60,59,59,66,63,63,50,50,45,45,29,23,32,15,24,24,33,72,79,68,68,77,78,78,87,77,77,77,77,77,86,95,95,88,95,95,95,99,85],"gold":84,"neow_bonus":"BOSS_RELIC","is_daily":false,"chose_seed":false,"campfire_upgraded":8,"win_rate":0.0,"timestamp":1609227487,"path_taken":["M","?","?","?","$","E","M","E","T","E","M","R","E","?","R","BOSS","M","?","M","M","?","E","R","E","T","E","?","M","E","M","R","BOSS","M","?","$","?","M","R","M","E","T","R","$","R","M","M","R","BOSS","R","$","E","BOSS"],"items_purchased_type":["Card","Card","Relic","Card","Card","Relic","Card"],"build_version":"2020-12-22","purchased_purges":3,"victory":true,"max_hp_per_floor":[75,75,75,75,75,75,75,75,75,75,75,75,75,75,75,75,75,75,75,75,75,75,75,75,75,75,75,77,79,81,83,83,85,85,85,85,85,87,89,89,91,93,93,93,93,93,95,97,97,97,97,97,97,99,99],"card_choices":[{"not_picked":["Turbo","Ball Lightning"],"picked":"Glacier","floor":1.0},{"not_picked":["Compile Driver","Rip and Tear"],"picked":"Ball Lightning","floor":6.0},{"not_picked":["Gash","Auto Shields","Genetic Algorithm"],"picked":"SKIP","floor":7.0},{"not_picked":["Turbo","Streamline"],"picked":"Buffer","floor":8.0},{"not_picked":["Multi-Cast","Rebound","Doom and Gloom"],"picked":"SKIP","floor":10.0},{"not_picked":["Auto Shields","Rebound","Lockon"],"picked":"SKIP","floor":11.0},{"not_picked":["Lockon","Barrage"],"picked":"Heatsinks","floor":13.0},{"not_picked":["Beam Cell","Stack","Rainbow"],"picked":"SKIP","floor":14.0},{"not_picked":["Meteor Strike","Amplify"],"picked":"Machine Learning","floor":16.0},{"not_picked":["Aggregate","Reprogram","Stack+1"],"picked":"SKIP","floor":18.0},{"not_picked":["Sweeping Beam","Scrape+1"],"picked":"Turbo","floor":20.0},{"not_picked":["Gash","Compile Driver+1","Doom and Gloom"],"picked":"SKIP","floor":21.0},{"not_picked":["Streamline","Scrape"],"picked":"Recycle","floor":23.0},{"not_picked":["Leap","Reprogram","Go for the Eyes"],"picked":"SKIP","floor":25.0},{"not_picked":["Skim","Doom and Gloom"],"picked":"Coolheaded","floor":27.0},{"not_picked":["Conserve Battery+1","Redo+1","Barrage"],"picked":"Singing Bowl","floor":28.0},{"not_picked":["Reinforced Body+1","BootSequence","Rainbow"],"picked":"Singing Bowl","floor":29.0},{"not_picked":["Storm","Rebound","Stack"],"picked":"Singing Bowl","floor":30.0},{"not_picked":["Recycle","Conserve Battery+1","Genetic Algorithm"],"picked":"Singing Bowl","floor":31.0},{"not_picked":["Fission","All For One","Seek"],"picked":"Singing Bowl","floor":33.0},{"not_picked":["Cold Snap","Storm+1"],"picked":"Skim+1","floor":35.0},{"not_picked":["Gash+1","Chaos+1","Go for the Eyes"],"picked":"Singing Bowl","floor":38.0},{"not_picked":["Rebound+1","Barrage","Redo"],"picked":"Singing Bowl","floor":39.0},{"not_picked":["Cold Snap","Leap+1","Glacier"],"picked":"Singing Bowl","floor":41.0},{"not_picked":["Conserve Battery","Stack+1","FTL+1"],"picked":"Singing Bowl","floor":42.0},{"not_picked":["Rebound+1","Leap","Go for the Eyes+1"],"picked":"Singing Bowl","floor":47},{"not_picked":["Glacier","Leap+1","Ball Lightning+1"],"picked":"Singing Bowl","floor":48},{"not_picked":["Electrodynamics","Undo","Redo"],"picked":"Singing Bowl","floor":54}],"player_experience":685142,"relics_obtained":[{"floor":3.0,"key":"Letter Opener"},{"floor":6.0,"key":"Omamori"},{"floor":8.0,"key":"Centennial Puzzle"},{"floor":9.0,"key":"Akabeko"},{"floor":10.0,"key":"Blue Candle"},{"floor":13.0,"key":"Oddly Smooth Stone"},{"floor":23.0,"key":"Orichalcum"},{"floor":25.0,"key":"Whetstone"},{"floor":26.0,"key":"PreservedInsect"},{"floor":27.0,"key":"CaptainsWheel"},{"floor":28.0,"key":"Ginger"},{"floor":28.0,"key":"Singing Bowl"},{"floor":30.0,"key":"Thread and Needle"},{"floor":38.0,"key":"Shovel"},{"floor":42.0,"key":"CeramicFish"},{"floor":54,"key":"White Beast Statue"}],"event_choices":[{"damage_healed":0.0,"max_hp_gain":0.0,"max_hp_loss":0.0,"gold_gain":175.0,"event_name":"Liars Game","player_choice":"AGREE","floor":2.0,"gold_loss":0.0,"damage_taken":0.0,"cards_obtained":["Doubt"]},{"damage_healed":0.0,"max_hp_gain":0.0,"max_hp_loss":0.0,"gold_gain":0.0,"event_name":"Shining Light","player_choice":"Entered Light","floor":4.0,"gold_loss":0.0,"damage_taken":15.0,"cards_upgraded":["Dualcast","Strike_B"]},{"cards_removed":["Strike_B"],"damage_healed":0.0,"max_hp_gain":0.0,"max_hp_loss":0.0,"gold_gain":0.0,"event_name":"Back to Basics","player_choice":"Elegance","floor":19.0,"gold_loss":0.0,"damage_taken":0.0},{"damage_healed":0.0,"max_hp_gain":0.0,"max_hp_loss":0.0,"gold_gain":0.0,"event_name":"The Library","player_choice":"Read","floor":22.0,"gold_loss":0.0,"damage_taken":0.0,"cards_obtained":["Defragment"]},{"damage_healed":0.0,"max_hp_gain":0.0,"max_hp_loss":0.0,"gold_gain":0.0,"event_name":"Colosseum","player_choice":"Fight","floor":28.0,"gold_loss":0.0,"damage_taken":0.0},{"damage_healed":0.0,"max_hp_gain":0.0,"max_hp_loss":0.0,"gold_gain":0.0,"event_name":"Colosseum","player_choice":"Fought Nobs","floor":28.0,"gold_loss":0.0,"damage_taken":0.0},{"damage_healed":0.0,"max_hp_gain":0.0,"max_hp_loss":0.0,"gold_gain":0.0,"event_name":"Winding Halls","player_choice":"Embrace Madness","floor":36.0,"gold_loss":0.0,"damage_taken":11.0,"cards_obtained":["Madness","Madness"]},{"damage_healed":0.0,"max_hp_gain":0.0,"max_hp_loss":0.0,"gold_gain":0.0,"event_name":"MindBloom","player_choice":"Fight","floor":38.0,"gold_loss":0.0,"damage_taken":0.0}],"is_beta":false,"boss_relics":[{"not_picked":["Philosopher\u0027s Stone","SacredBark"],"picked":"Coffee Dripper"},{"not_picked":["Astrolabe","Velvet Choker"],"picked":"Empty Cage"}],"items_purged_floors":[5,37,45],"is_endless":false,"potions_floor_spawned":[1,10,11,13,14,16,20,27,28,29,30,33,41,47,48],"ascension_level":8}}