{"host":"2d1gdrpn8mmx8hh1","time":1609268347,"event":{"mods":["BaseMod","Minty Spire (QoL Compilation)","Replay The Spire","StSLib"],"gold_per_floor":[110,127,127,143,43,68,85,117,117,136,136,154,154,166,166,269,269,282,282,295,306,306,306,306,316,345,122,122,195,195,0,12,12,44,44,44,44],"floor_reached":36,"playtime":2557,"items_purged":["Strike_B","Injury","Normality"],"score":314,"play_id":"472f3041-1260-4725-af8c-7197f4b2880b","local_time":"20201229125907","is_ascension_mode":false,"campfire_choices":[{"floor":13.0,"key":"REST"},{"floor":15.0,"key":"REST"},{"floor":28,"key":"REST"},{"floor":30,"key":"REST"},{"data":"ReplayTheSpireMod:Calculation Training","floor":33,"key":"SMITH"},{"floor":35,"key":"REST"}],"circlet_count":0,"master_deck":["Strike_B","Strike_B","Defend_B","Defend_B","Defend_B","Defend_B","Zap","Dualcast","Cold Snap","Sweeping Beam+1","Steam","Electrodynamics","Reboot","Sickly","Glacier","Redo","Electrodynamics","ReplayTheSpireMod:Reroute Power+1","Loop","Panic Button","ReplayTheSpireMod:Calculation Training+1","Cold Snap","Chill"],"relics":["Cracked Core","NeowsBlessing","Whetstone","Divine Protection","Replay:Ancient Bell","Replay:Antivirus Software","Carrot","Calipers","Nloth\u0027s Gift","Shuriken","Letter Opener","Happy Flower"],"acts_visited":["Exordium","TheCity"],"potions_floor_usage":[36,36,36],"damage_taken":[{"damage":0.0,"enemies":"Cultist","floor":1.0,"turns":1.0},{"damage":0.0,"enemies":"2 Louse","floor":2.0,"turns":1.0},{"damage":0.0,"enemies":"Small Slimes","floor":4.0,"turns":1.0},{"damage":25.0,"enemies":"3 Sentries","floor":6.0,"turns":6.0},{"damage":7.0,"enemies":"Exordium Thugs","floor":7.0,"turns":4.0},{"damage":7.0,"enemies":"Replay:BlueRogue","floor":8.0,"turns":3.0},{"damage":17.0,"enemies":"Gremlin Gang","floor":10.0,"turns":4.0},{"damage":0.0,"enemies":"Large Slime","floor":12.0,"turns":5.0},{"damage":0.0,"enemies":"Lots of Slimes","floor":14.0,"turns":2.0},{"damage":24.0,"enemies":"Slime Boss","floor":16.0,"turns":8.0},{"damage":31.0,"enemies":"Shell Parasite","floor":18.0,"turns":9.0},{"damage":0.0,"enemies":"Chosen","floor":20.0,"turns":5.0},{"damage":0.0,"enemies":"Snecko","floor":21.0,"turns":8.0},{"damage":2,"enemies":"Centurion and Healer","floor":25,"turns":4},{"damage":27,"enemies":"Gremlin Leader","floor":26,"turns":6},{"damage":6,"enemies":"Chosen and Byrds","floor":32,"turns":5},{"damage":30,"enemies":"Slavers","floor":34,"turns":6},{"damage":0,"enemies":"Champ","floor":36,"turns":11}],"seed_played":"-6618158348448446957","potions_obtained":[{"floor":2.0,"key":"GamblersBrew"},{"floor":3.0,"key":"SpeedPotion"},{"floor":3.0,"key":"SpeedPotion"},{"floor":3.0,"key":"FearPotion"},{"floor":7.0,"key":"Strength Potion"},{"floor":10.0,"key":"GamblersBrew"},{"floor":14.0,"key":"Energy Potion"},{"floor":16.0,"key":"Milkshake"},{"floor":25,"key":"SteroidPotion"},{"floor":32,"key":"Dexterity Potion"}],"is_trial":false,"path_per_floor":["M","M","?","M","$","E","M","E","T","M","?","M","R","M","R","B",null,"M","?","M","M","PTL","PTL","PTL","M","E","$","R","T","R","$","M","R","E","R","B"],"character_chosen":"DEFECT","items_purchased":["Sweeping Beam","Loop","Panic Button","ReplayTheSpireMod:Calculation Training"],"campfire_rested":5,"item_purchase_floors":[5,27,27,31],"current_hp_per_floor":[75,75,75,75,75,50,43,36,36,19,12,12,34,34,56,32,75,44,44,44,44,44,44,44,42,15,15,37,37,59,59,53,53,23,45,45,45],"gold":44,"neow_bonus":"THREE_ENEMY_KILL","is_daily":false,"chose_seed":false,"campfire_upgraded":1,"win_rate":0.0,"timestamp":1609268347,"path_taken":["M","?","?","?","$","E","M","E","T","M","?","M","R","M","R","BOSS","M","?","M","M","PTL","PTL","PTL","M","E","$","R","T","R","$","M","R","E","R","BOSS"],"items_purchased_type":["Card","Card","Card","Card"],"build_version":"2020-12-22","purchased_purges":3,"victory":false,"max_hp_per_floor":[75,75,75,75,75,75,75,75,75,75,75,75,75,75,75,75,75,75,75,75,75,75,75,75,75,75,75,75,75,75,75,75,75,75,75,75,75],"card_choices":[{"not_picked":["Redo","Steam"],"picked":"Cold Snap","floor":1.0},{"not_picked":["Rip and Tear","Compile Driver","Hologram"],"picked":"SKIP","floor":2.0},{"not_picked":["Barrage","Leap","Aggregate"],"picked":"SKIP","floor":4.0},{"not_picked":["Aggregate","Auto Shields","Force Field"],"picked":"SKIP","floor":6.0},{"not_picked":["Stack","Storm"],"picked":"Steam","floor":7.0},{"not_picked":["Barrage","BootSequence","Leap"],"picked":"SKIP","floor":8.0},{"not_picked":["ReplayTheSpireMod:Reroute Power","Static Discharge","Streamline"],"picked":"SKIP","floor":10.0},{"not_picked":["Reprogram","Go for the Eyes","Hologram"],"picked":"SKIP","floor":12.0},{"not_picked":["Cold Snap","ReplayTheSpireMod:Calculation Training"],"picked":"Electrodynamics","floor":14.0},{"not_picked":["Seek","Multi-Cast"],"picked":"Reboot","floor":16.0},{"not_picked":["Voices","Amnesia"],"picked":"Injury","floor":17.0},{"not_picked":["Voices","Replay:Hysterical Blindness"],"picked":"Sickly","floor":17.0},{"not_picked":["Doubt","ReplayTheSpireMod:Splinters"],"picked":"Normality","floor":17.0},{"not_picked":["Steam","ReplaySort"],"picked":"Glacier","floor":18.0},{"not_picked":["ReplaySort","Thunder Strike"],"picked":"Redo","floor":20.0},{"not_picked":["Self Repair","Scrape+1"],"picked":"Electrodynamics","floor":21.0},{"not_picked":["Leap+1","Conserve Battery","Stack"],"picked":"SKIP","floor":25},{"not_picked":["Electrodynamics","Aggregate"],"picked":"ReplayTheSpireMod:Reroute Power+1","floor":26},{"not_picked":["ReplayGash+1","Beam Cell+1"],"picked":"Cold Snap","floor":32},{"not_picked":["Aggregate","Lockon"],"picked":"Chill","floor":34}],"player_experience":4192,"relics_obtained":[{"floor":6.0,"key":"Whetstone"},{"floor":8.0,"key":"Divine Protection"},{"floor":9.0,"key":"Bottled Lightning"},{"floor":26,"key":"Shuriken"},{"floor":29,"key":"Letter Opener"},{"floor":34,"key":"Happy Flower"}],"event_choices":[{"damage_healed":0.0,"max_hp_gain":0.0,"max_hp_loss":0.0,"gold_gain":0.0,"event_name":"Lab","player_choice":"Got Potions","floor":3.0,"gold_loss":0.0,"damage_taken":0.0},{"cards_removed":["Strike_B"],"damage_healed":0.0,"max_hp_gain":0.0,"max_hp_loss":0.0,"gold_gain":0.0,"event_name":"Golden Wing","player_choice":"Card Removal","floor":11.0,"gold_loss":0.0,"damage_taken":7.0},{"damage_healed":0.0,"max_hp_gain":0.0,"max_hp_loss":0.0,"gold_gain":0.0,"event_name":"N\u0027loth","player_choice":"Traded Relic","floor":19.0,"relics_lost":["Bottled Lightning"],"gold_loss":0.0,"damage_taken":0.0,"relics_obtained":["Nloth\u0027s Gift"]}],"is_beta":false,"boss_relics":[{"not_picked":["Tiny House","Astrolabe"],"picked":"Replay:Ancient Bell"},{"not_picked":["Anchor","MealTicket"],"picked":"Replay:Antivirus Software"},{"not_picked":["Pear","Eternal Feather"],"picked":"Carrot"},{"not_picked":["WingedGreaves","Old Coin"],"picked":"Calipers"}],"items_purged_floors":[5,27,31],"is_endless":false,"potions_floor_spawned":[2,7,10,14,16,25,32],"killed_by":"Champ","ascension_level":0}}