{"host":"UwU","time":1609246583,"event":{"mods":["AchievementEnabler","Act Like it!","Aspiration","BaseMod","Better Altar","Better Match","Better Note","Better Sensory Stone","Better Skull","Better Third Choice","BetterRewards","CCEM","Clawfect","Colored Map","Conspire","Downfall","GifTheSpireLib","Googly Eyes","Halation","Hermit","Highlight Path","Hubris","Hunter ??","Infinite Spire","Jedi Mod","Mimic Mod","Minty Spire (QoL Compilation)","Permanent Neow","Replay The Spire","Shop Mod","StSLib","Stuff the Spire","Unceasing Turn Reminder","everything is the same but u backflip on backflip","slay the spire mod where everything is the same but ironclad has a cowboy hat"],"gold_per_floor":[115,115,115,115,130,163,176,211,288,298,310,322,322,339,339,339,339],"floor_reached":16,"playtime":1229,"items_purged":[],"score":124,"play_id":"fee98515-0fb1-4aaa-8484-ab9f0a7f9146","local_time":"20201229075623","is_ascension_mode":false,"campfire_choices":[{"floor":15,"key":"DIG"}],"circlet_count":0,"master_deck":["Strike_R","Strike_R","Strike_R","Strike_R","Strike_R","Defend_R","Defend_R","Defend_R","Defend_R","Bash+1","StuffTheSpire:Incineration+1","Anger","Battle Trance","Uppercut","Infernal Blade","Body Slam","Flex","Body Slam","Rage"],"relics":["Burning Blood","aspiration:Nostalgia","Ring of the Snake","ReplayTheSpireMod:Spearhead","conspire:TopHat","jedi:bottledfury","Nunchaku"],"acts_visited":["Exordium"],"potions_floor_usage":[6,13,13,13],"damage_taken":[{"damage":0,"enemies":"Small Slimes","floor":1,"turns":3},{"damage":1,"enemies":"Cultist","floor":5,"turns":3},{"damage":48,"enemies":"3 Sentries","floor":6,"turns":8},{"damage":14,"enemies":"conspire:RoseBush","floor":7,"turns":2},{"damage":26,"enemies":"Lagavulin","floor":8,"turns":6},{"damage":7,"enemies":"Looter","floor":10,"turns":2},{"damage":0,"enemies":"Gremlin Gang","floor":11,"turns":1},{"damage":0,"enemies":"2 Fungi Beasts","floor":12,"turns":2},{"damage":17,"enemies":"3 Sentries","floor":13,"turns":6},{"damage":0,"enemies":"Large Slime","floor":14,"turns":3},{"damage":24,"enemies":"Fading Forest","floor":16,"turns":4}],"seed_played":"-3023217811601266453","potions_obtained":[{"floor":1,"key":"jedi:StrikingPotion"},{"floor":6,"key":"SmokeBomb"},{"floor":10,"key":"Dexterity Potion"},{"floor":11,"key":"Dexterity Potion"}],"is_trial":false,"path_per_floor":["M","?","$","?","M","E","M","E","T","M","M","M","E","M","R_BF","B"],"character_chosen":"IRONCLAD","items_purchased":[],"campfire_rested":0,"item_purchase_floors":[],"current_hp_per_floor":[80,80,80,80,80,38,30,10,10,9,15,21,10,16,16,0,0],"gold":339,"neow_bonus":"NOSTALGIA","is_daily":false,"chose_seed":false,"campfire_upgraded":0,"win_rate":0.0,"timestamp":1609246583,"path_taken":["M","?","$","?","M","E","M","E","T","M","M","?","E","M","R_BF","BOSS"],"items_purchased_type":[],"build_version":"2020-11-17","purchased_purges":0,"victory":false,"max_hp_per_floor":[80,80,80,80,80,80,80,80,80,80,80,80,80,80,80,80,80],"card_choices":[{"not_picked":["Clash","Armaments"],"picked":"StuffTheSpire:Incineration","floor":1},{"not_picked":["Shrug It Off","hubris:CleavingFinish"],"picked":"Anger","floor":5},{"not_picked":["jedi:fear","Body Slam"],"picked":"Battle Trance","floor":6},{"not_picked":["Replay:Undeath\u0027s Touch","True Grit"],"picked":"Uppercut","floor":7},{"not_picked":["Rupture","Run Through"],"picked":"Infernal Blade","floor":8},{"not_picked":["Heavy Blade","Defy Death"],"picked":"Body Slam","floor":10},{"not_picked":["Perfected Strike","Defy Death"],"picked":"Flex","floor":11},{"not_picked":["Combust","Spot Weakness"],"picked":"Body Slam","floor":12},{"not_picked":["Fire Breathing","hubris:ReadiedAction"],"picked":"Rage","floor":14}],"player_experience":22074,"relics_obtained":[{"floor":6,"key":"ReplayTheSpireMod:Spearhead"},{"floor":8,"key":"conspire:TopHat"},{"floor":9,"key":"jedi:bottledfury"},{"floor":15,"key":"Nunchaku"}],"event_choices":[{"damage_healed":0,"gold_gain":0,"player_choice":"Grow","damage_taken":0,"max_hp_gain":0,"max_hp_loss":0,"event_name":"Living Wall","floor":2,"gold_loss":0,"cards_upgraded":["StuffTheSpire:Incineration"]},{"damage_healed":0,"gold_gain":0,"player_choice":"Upgraded","damage_taken":0,"max_hp_gain":0,"max_hp_loss":0,"event_name":"Upgrade Shrine","floor":4,"gold_loss":0,"cards_upgraded":["Bash"]}],"is_beta":true,"boss_relics":[],"items_purged_floors":[],"is_endless":false,"potions_floor_spawned":[1,6,10,11,13],"killed_by":"Fading Forest","ascension_level":0}}