{"host":"msa0wxqjs3jv1k3j","time":1609230346,"event":{"mods":["BaseMod","BetterRewards","Colored Map","Highlight Path","KOR Keyword Fix","Keyboard Shortcuts","Minty Spire (QoL Compilation)","Quick Restart","SuperFastMode","everything is the same but u backflip on backflip"],"gold_per_floor":[115,290,290,307,323,336,336,336,359,434,453,471,471,489,489,489,489],"floor_reached":16,"playtime":626,"items_purged":[],"score":94,"play_id":"00b575d8-f446-4b86-acf9-b27e6169f67e","local_time":"20201229172546","is_ascension_mode":false,"campfire_choices":[{"data":"Bloodletting","floor":8,"key":"SMITH"},{"data":"Body Slam","floor":13,"key":"SMITH"},{"floor":15,"key":"REST"}],"circlet_count":0,"master_deck":["Strike_R","Strike_R","Strike_R","Strike_R","Defend_R","Defend_R","Defend_R","Defend_R","Bash","Ghostly Armor","Body Slam+1","Bloodletting+1","Pommel Strike","Shrug It Off","Shrug It Off"],"relics":["Burning Blood","Potion Belt","Nunchaku"],"acts_visited":["Exordium"],"potions_floor_usage":[],"damage_taken":[{"damage":5,"enemies":"2 Louse","floor":1,"turns":4},{"damage":8,"enemies":"Jaw Worm","floor":4,"turns":7},{"damage":7,"enemies":"Cultist","floor":5,"turns":5},{"damage":16,"enemies":"2 Fungi Beasts","floor":6,"turns":4},{"damage":9,"enemies":"Red Slaver","floor":11,"turns":5},{"damage":14,"enemies":"Large Slime","floor":12,"turns":7},{"damage":8,"enemies":"Exordium Wildlife","floor":14,"turns":5},{"damage":56,"enemies":"Slime Boss","floor":16,"turns":8}],"seed_played":"-8592430912122635408","potions_obtained":[{"floor":4,"key":"PowerPotion"},{"floor":5,"key":"Strength Potion"},{"floor":11,"key":"ColorlessPotion"}],"is_trial":false,"path_per_floor":["M","?","?","M","M","M","?","R","T","?","M","M","R","M","R","B"],"character_chosen":"IRONCLAD","items_purchased":[],"campfire_rested":1,"item_purchase_floors":[],"current_hp_per_floor":[80,80,73,71,70,60,53,53,53,45,42,34,34,32,56,0,0],"gold":489,"neow_bonus":"REMOVE_CARD","is_daily":false,"chose_seed":false,"campfire_upgraded":2,"win_rate":0.0,"timestamp":1609230346,"path_taken":["M","?","?","M","M","M","?","R","T","?","M","M","R","?","R","BOSS"],"items_purchased_type":[],"build_version":"2020-12-22","purchased_purges":0,"victory":false,"max_hp_per_floor":[80,80,80,80,80,80,80,80,80,80,80,80,80,80,80,80,80],"card_choices":[{"not_picked":["True Grit","Pummel","Headbutt"],"picked":"SKIP","floor":1},{"not_picked":["Iron Wave","Heavy Blade"],"picked":"Ghostly Armor","floor":4},{"not_picked":["Flame Barrier","Perfected Strike"],"picked":"Body Slam","floor":5},{"not_picked":["Anger","Seeing Red"],"picked":"Bloodletting","floor":6},{"not_picked":["Iron Wave","Anger"],"picked":"Pommel Strike","floor":11},{"not_picked":["Feed","Warcry"],"picked":"Shrug It Off","floor":12},{"not_picked":["Clash","Pommel Strike"],"picked":"Shrug It Off","floor":14}],"player_experience":6380,"relics_obtained":[{"floor":9,"key":"Nunchaku"}],"event_choices":[{"damage_healed":0,"gold_gain":175,"player_choice":"AGREE","damage_taken":0,"max_hp_gain":0,"max_hp_loss":0,"event_name":"Liars Game","floor":2,"gold_loss":0,"cards_obtained":["Doubt"]},{"damage_healed":0,"gold_gain":0,"player_choice":"Success","damage_taken":7,"relics_obtained":["Potion Belt"],"max_hp_gain":0,"max_hp_loss":0,"event_name":"Scrap Ooze","floor":3,"gold_loss":0},{"cards_removed":["Doubt"],"damage_healed":0,"gold_gain":0,"player_choice":"Card Removal","damage_taken":7,"max_hp_gain":0,"max_hp_loss":0,"event_name":"Golden Wing","floor":7,"gold_loss":0},{"damage_healed":0,"gold_gain":75,"player_choice":"Touch","damage_taken":8,"max_hp_gain":0,"max_hp_loss":0,"event_name":"FaceTrader","floor":10,"gold_loss":0}],"is_beta":false,"boss_relics":[],"items_purged_floors":[],"is_endless":false,"potions_floor_spawned":[4,5,11],"killed_by":"Slime Boss","ascension_level":0}}