{"host":"j0vzbnzm6n2ctevn","time":1609239683,"event":{"mods":["AchievementEnabler","BaseMod","Minty Spire (QoL Compilation)","Quick Restart","Shop Mod","Spicy Shops","StSLib"],"gold_per_floor":[110,128,403,6,24,52,52,72,72,72,12,12,12,32,32,132,132,145,20,119,130,130,130,147,147,147,97,114,131,131,54,54,54,54],"floor_reached":33,"playtime":1676,"items_purged":["Regret","Defend_R","Bash"],"score":295,"play_id":"cccd43c6-0c4e-4e81-812a-db27425131b5","local_time":"20201229190123","is_ascension_mode":true,"campfire_choices":[{"data":"Shrug It Off","floor":7.0,"key":"SMITH"},{"data":"Flame Barrier","floor":10.0,"key":"SMITH"},{"floor":13.0,"key":"REST"},{"data":"Armaments","floor":15.0,"key":"SMITH"},{"floor":23,"key":"REST"},{"floor":25,"key":"REST"},{"floor":30,"key":"REST"},{"floor":32,"key":"REST"}],"circlet_count":0,"master_deck":["Flame Barrier+1","Entrench","Double Tap","Armaments+1","Shrug It Off+1","Entrench","Headbutt","Offering","Heavy Blade","Pommel Strike","Clash","Brutality","Reaper","Feed","Hemokinesis","Sentinel","Metallicize+1","Shrug It Off","Flame Barrier+1","Hemokinesis+1","Second Wind"],"relics":["Burning Blood","NeowsBlessing","Red Skull","Question Card","Shuriken","Strawberry","Pandora\u0027s Box","Bottled Lightning"],"acts_visited":["Exordium","TheCity"],"potions_floor_usage":[29,33],"damage_taken":[{"damage":0.0,"enemies":"Jaw Worm","floor":1.0,"turns":1.0},{"damage":0.0,"enemies":"Cultist","floor":2.0,"turns":1.0},{"damage":0.0,"enemies":"2 Louse","floor":5.0,"turns":2.0},{"damage":33.0,"enemies":"Lagavulin","floor":6.0,"turns":11.0},{"damage":25.0,"enemies":"Large Slime","floor":8.0,"turns":9.0},{"damage":9.0,"enemies":"Red Slaver","floor":14.0,"turns":4.0},{"damage":44,"enemies":"Hexaghost","floor":16,"turns":11},{"damage":21,"enemies":"Spheric Guardian","floor":18,"turns":4},{"damage":35,"enemies":"Shell Parasite","floor":21,"turns":6},{"damage":48,"enemies":"Cultist and Chosen","floor":24,"turns":6},{"damage":36,"enemies":"Snecko","floor":28,"turns":7},{"damage":31,"enemies":"Shelled Parasite and Fungi","floor":29,"turns":6},{"damage":80,"enemies":"Champ","floor":33,"turns":11}],"seed_played":"1106671822351067269","potions_obtained":[{"floor":1.0,"key":"Block Potion"},{"floor":2.0,"key":"Energy Potion"},{"floor":24,"key":"FearPotion"},{"floor":28,"key":"Block Potion"}],"is_trial":false,"path_per_floor":["M","M","?","$","M","E","R","M","T","R","$","?","R","M","R","B",null,"M","$","?","M","?","R","M","R","T","?","M","M","R","$","R","B"],"character_chosen":"IRONCLAD","items_purchased":["Red Skull","Double Tap","Strawberry","Second Wind"],"campfire_rested":5,"item_purchase_floors":[4,4,11,31],"current_hp_per_floor":[80,80,80,80,80,53,53,34,34,34,41,34,60,57,57,19,87,72,72,72,46,28,56,33,62,62,62,32,10,40,40,70,0,0],"gold":54,"neow_bonus":"THREE_ENEMY_KILL","is_daily":false,"chose_seed":false,"campfire_upgraded":3,"win_rate":0.0,"timestamp":1609239683,"path_taken":["M","M","?","$","M","E","R","?","T","R","$","?","R","M","R","BOSS","M","$","?","M","?","R","M","R","T","?","M","?","R","?","R","BOSS"],"items_purchased_type":["Relic","Card","Relic","Card"],"build_version":"2020-12-22","purchased_purges":3,"victory":false,"max_hp_per_floor":[80,80,80,80,80,80,80,80,80,80,87,87,87,87,87,87,87,87,87,87,90,95,95,98,98,98,98,98,101,101,101,101,101,101],"card_choices":[{"not_picked":["Sever Soul","Searing Blow"],"picked":"Flame Barrier","floor":1.0},{"not_picked":["Shrug It Off","Inflame"],"picked":"Entrench","floor":2.0},{"not_picked":["Dual Wield","Headbutt"],"picked":"Armaments","floor":5.0},{"not_picked":["Rampage","Fire Breathing"],"picked":"Shrug It Off","floor":6.0},{"not_picked":["Cleave","Twin Strike","Warcry"],"picked":"Entrench","floor":8.0},{"not_picked":["Iron Wave","Thunderclap","Combust"],"picked":"Headbutt","floor":14.0},{"not_picked":["Double Tap","Corruption","Limit Break"],"picked":"Offering","floor":16},{"not_picked":["Burning Pact+1","Dual Wield","Whirlwind"],"picked":"Metallicize+1","floor":18},{"not_picked":["Cleave","Blood for Blood","Clothesline"],"picked":"Shrug It Off","floor":21},{"not_picked":["Havoc","Rupture","Rampage","Twin Strike"],"picked":"SKIP","floor":24},{"not_picked":["Perfected Strike","Iron Wave","Headbutt"],"picked":"Flame Barrier+1","floor":28},{"not_picked":["Double Tap","Warcry","Blood for Blood+1"],"picked":"Hemokinesis+1","floor":29}],"player_experience":55930,"relics_obtained":[{"floor":6.0,"key":"Question Card"},{"floor":9.0,"key":"Shuriken"},{"floor":26,"key":"Bottled Lightning"}],"event_choices":[{"damage_healed":0.0,"max_hp_gain":0.0,"max_hp_loss":0.0,"gold_gain":275.0,"event_name":"Golden Shrine","player_choice":"Desecrate","floor":3.0,"gold_loss":0.0,"damage_taken":0.0,"cards_obtained":["Regret"]},{"cards_removed":["Pride"],"damage_healed":0.0,"max_hp_gain":0.0,"max_hp_loss":0.0,"gold_gain":0.0,"event_name":"Golden Wing","player_choice":"Card Removal","floor":12.0,"gold_loss":0.0,"damage_taken":7.0},{"damage_healed":0,"gold_gain":99,"player_choice":"Stole From Cult","damage_taken":0,"max_hp_gain":0,"max_hp_loss":0,"event_name":"Nest","floor":20,"gold_loss":0},{"damage_healed":0,"gold_gain":0,"player_choice":"Shed Blood","damage_taken":23,"max_hp_gain":5,"max_hp_loss":0,"event_name":"Forgotten Altar","floor":22,"gold_loss":0},{"damage_healed":0,"gold_gain":0,"player_choice":"Bet on Owner","damage_taken":0,"max_hp_gain":0,"max_hp_loss":0,"event_name":"The Joust","floor":27,"gold_loss":50}],"is_beta":false,"boss_relics":[{"not_picked":["Fusion Hammer","Tiny House"],"picked":"Pandora\u0027s Box"}],"items_purged_floors":[4,4,19],"is_endless":false,"potions_floor_spawned":[1,2,24,28],"killed_by":"Champ","ascension_level":2}}