{"host":"tb138zs7vhci6g1j","time":1609212764,"event":{"mods":["2.2 Compatiblity","Aspiration","BaseMod","Better Note","Friendly Minions","Minty Spire (QoL Compilation)","RNG Fix","Rare Cards Sparkle","StSLib","The Marked"],"gold_per_floor":[111,121,121,45,65,96,96,130,155,216,233,243,243,277,277,372,372,389,664,664,223,223,223,249,22,75,112,112,155,155,195,195,299,299,309,309,322,110,126,162,162,190,190,190,41,41,75,97,97,97],"floor_reached":51,"playtime":3204,"items_purged":["Regret","theMarked:Strike"],"score":1145,"play_id":"4ec60caa-bc1c-435e-8863-979a7e27ea72","local_time":"20201229053244","is_ascension_mode":true,"campfire_choices":[{"floor":7,"key":"REST"},{"floor":13,"key":"REST"},{"floor":15,"key":"REST"},{"data":"theMarked:SoldierOfQuellstein","floor":23,"key":"SMITH"},{"data":"theMarked:BanishingWave","floor":28,"key":"SMITH"},{"data":"theMarked:Seal","floor":30,"key":"SMITH"},{"data":"theMarked:StartUp","floor":32,"key":"SMITH"},{"data":"theMarked:DeterminationOfTheMarked","floor":41,"key":"SMITH"},{"data":"theMarked:TwofoldDefense","floor":46,"key":"SMITH"},{"data":"theMarked:HeightenedSenses","floor":49,"key":"SMITH"}],"circlet_count":0,"master_deck":["theMarked:Strike","theMarked:Strike","theMarked:Strike","theMarked:Strike","theMarked:Defend","theMarked:Defend","theMarked:Defend","theMarked:Defend","theMarked:SoldierOfQuellstein+1","theMarked:Seal+1","theMarked:StartUp+1","theMarked:BanishingWave+1","theMarked:RepellingDischarge","theMarked:ResourceFulStrike","theMarked:BanishingStrike","theMarked:HeightenedSenses+1","theMarked:Frustration","theMarked:LightningStrikesTwice","theMarked:SuspiciousRaven","theMarked:DeterminationOfTheMarked+1","theMarked:TwofoldDefense+1","theMarked:BanishingStrike+1","theMarked:BanishingWave+1","theMarked:Frustration+1","theMarked:BindingBlade","theMarked:RepellingDischarge+1","theMarked:BindingBlade","theMarked:Panic+1","theMarked:TwofoldDefense+1"],"relics":["theMarked:ArtifactOfAir","aspiration:HatOfInfinitePower","Bag of Marbles","Gremlin Horn","Strawberry","Smiling Mask","aspiration:HummingbirdHeart","Busted Crown","Membership Card","Omamori","Ornamental Fan","The Courier","CeramicFish","Mummified Hand","MealTicket","Akabeko","Pear","Lizard Tail","Bag of Preparation","Coffee Dripper","Potion Belt","Bottled Lightning","theMarked:DemonDagger","Darkstone Periapt","Unceasing Top","Bottled Flame","DollysMirror","Pen Nib"],"acts_visited":["Exordium","TheCity","TheBeyond"],"potions_floor_usage":[16,27,50,50,50,50],"damage_taken":[{"damage":4,"enemies":"2 Louse","floor":1,"turns":3},{"damage":4,"enemies":"Small Slimes","floor":2,"turns":4},{"damage":0,"enemies":"Cultist","floor":5,"turns":3},{"damage":20,"enemies":"3 Sentries","floor":6,"turns":9},{"damage":24,"enemies":"Gremlin Nob","floor":8,"turns":5},{"damage":18,"enemies":"Gremlin Nob","floor":10,"turns":4},{"damage":0,"enemies":"Large Slime","floor":11,"turns":3},{"damage":0,"enemies":"2 Fungi Beasts","floor":12,"turns":3},{"damage":17,"enemies":"3 Sentries","floor":14,"turns":6},{"damage":5,"enemies":"The Guardian","floor":16,"turns":6},{"damage":2,"enemies":"Chosen","floor":18,"turns":4},{"damage":4,"enemies":"Slavers","floor":24,"turns":6},{"damage":16,"enemies":"Book of Stabbing","floor":27,"turns":5},{"damage":0,"enemies":"Slavers","floor":29,"turns":4},{"damage":0,"enemies":"Gremlin Leader","floor":31,"turns":3},{"damage":9,"enemies":"Champ","floor":33,"turns":6},{"damage":0,"enemies":"Orb Walker","floor":35,"turns":2},{"damage":0,"enemies":"3 Shapes","floor":37,"turns":1},{"damage":0,"enemies":"Jaw Worm Horde","floor":39,"turns":3},{"damage":20,"enemies":"Giant Head","floor":40,"turns":6},{"damage":29,"enemies":"Nemesis","floor":42,"turns":6},{"damage":0,"enemies":"Reptomancer","floor":47,"turns":1},{"damage":0,"enemies":"Sphere and 2 Shapes","floor":48,"turns":1},{"damage":42,"enemies":"Awakened One","floor":50,"turns":7}],"seed_played":"-4253036221421167815","potions_obtained":[{"floor":1,"key":"PowerPotion"},{"floor":11,"key":"Ancient Potion"},{"floor":12,"key":"Block Potion"},{"floor":16,"key":"SteroidPotion"},{"floor":27,"key":"Fruit Juice"},{"floor":31,"key":"Explosive Potion"},{"floor":42,"key":"FairyPotion"},{"floor":47,"key":"ColorlessPotion"},{"floor":48,"key":"Dexterity Potion"}],"is_trial":false,"path_per_floor":["M","M","?","$","M","E","R","E","T","?","M","M","R","E","R","B",null,"M","?","?","$","?","R","E","$","T","E","R","E","R","E","R","B",null,"M","?","M","$","M","E","R","E","T","?","$","R","E","M","R","B",null],"character_chosen":"THE_DEFAULT","items_purchased":["theMarked:BanishingWave","Membership Card","Omamori","Ornamental Fan","theMarked:DeterminationOfTheMarked","theMarked:TwofoldDefense","CeramicFish","Mummified Hand","MealTicket","Potion Belt","Bottled Lightning","Bottled Flame","DollysMirror"],"campfire_rested":3,"item_purchase_floors":[4,21,21,21,21,21,25,25,25,38,38,45,45],"current_hp_per_floor":[45,41,48,48,48,28,49,25,32,14,14,14,37,20,43,38,77,75,75,75,75,61,61,57,57,57,56,56,56,56,56,56,47,97,97,97,97,97,97,77,77,48,48,48,63,63,63,63,63,21],"gold":97,"neow_bonus":"ONE_RARE_RELIC","is_daily":false,"chose_seed":false,"campfire_upgraded":7,"win_rate":0.0,"timestamp":1609212764,"path_taken":["M","M","?","?","M","E","R","E","T","?","M","M","R","E","R","BOSS","M","?","?","$","?","R","E","?","T","E","R","E","R","E","R","BOSS","M","?","M","$","?","E","R","E","T","?","?","R","E","M","R","BOSS"],"items_purchased_type":["Card","Relic","Relic","Relic","Card","Card","Relic","Relic","Relic","Relic","Relic","Relic","Relic"],"build_version":"2020-12-22","purchased_purges":2,"victory":true,"max_hp_per_floor":[70,70,70,70,70,70,70,70,77,77,77,77,77,77,77,77,77,77,77,77,77,82,82,82,82,82,97,97,97,97,97,97,97,97,97,97,97,97,97,97,97,97,97,97,97,97,97,97,97,97],"card_choices":[{"not_picked":["theMarked:Electrocute","theMarked:DeterminationOfTheMarked"],"picked":"theMarked:Seal","floor":1},{"not_picked":["theMarked:Static","theMarked:KeepCalmAndFightOn"],"picked":"theMarked:StartUp","floor":2},{"not_picked":["theMarked:Generate","theMarked:Electrocute"],"picked":"theMarked:RepellingDischarge","floor":5},{"not_picked":["theMarked:Aftermath","theMarked:WastefulAttack"],"picked":"theMarked:RepellingDischarge","floor":6},{"not_picked":["theMarked:Convert","theMarked:Aftermath"],"picked":"theMarked:ResourceFulStrike","floor":8},{"not_picked":["theMarked:ChannelForce","theMarked:Parkour"],"picked":"theMarked:BanishingStrike","floor":10},{"not_picked":["theMarked:StartUp","theMarked:ResourceFulStrike"],"picked":"theMarked:HeightenedSenses","floor":11},{"not_picked":["theMarked:TwofoldDefense","theMarked:HeightenedSenses"],"picked":"theMarked:Frustration","floor":12},{"not_picked":["theMarked:Reabsorb","theMarked:ElectricStrings"],"picked":"theMarked:LightningStrikesTwice","floor":14},{"not_picked":["theMarked:SoldierForm","theMarked:SummonStrength"],"picked":"theMarked:SuspiciousRaven","floor":16},{"not_picked":["theMarked:Aftermath+1"],"picked":"SKIP","floor":18},{"not_picked":["theMarked:Convert"],"picked":"SKIP","floor":24},{"not_picked":[],"picked":"theMarked:BanishingStrike+1","floor":27},{"not_picked":[],"picked":"theMarked:BanishingWave+1","floor":29},{"not_picked":[],"picked":"theMarked:Frustration+1","floor":31},{"not_picked":[],"picked":"theMarked:BindingBlade","floor":33},{"not_picked":["theMarked:ChainLightning+1"],"picked":"SKIP","floor":35},{"not_picked":["theMarked:Frustration"],"picked":"SKIP","floor":37},{"not_picked":["theMarked:WastefulAttack+1"],"picked":"SKIP","floor":39},{"not_picked":[],"picked":"theMarked:RepellingDischarge+1","floor":40},{"not_picked":["theMarked:ChannelForce"],"picked":"SKIP","floor":42},{"not_picked":[],"picked":"theMarked:Panic+1","floor":47},{"not_picked":[],"picked":"theMarked:TwofoldDefense+1","floor":48}],"player_experience":1712984,"relics_obtained":[{"floor":6,"key":"Bag of Marbles"},{"floor":8,"key":"Gremlin Horn"},{"floor":9,"key":"Strawberry"},{"floor":10,"key":"Smiling Mask"},{"floor":14,"key":"aspiration:HummingbirdHeart"},{"floor":24,"key":"The Courier"},{"floor":26,"key":"Akabeko"},{"floor":27,"key":"Pear"},{"floor":29,"key":"Lizard Tail"},{"floor":31,"key":"Bag of Preparation"},{"floor":40,"key":"theMarked:DemonDagger"},{"floor":42,"key":"Darkstone Periapt"},{"floor":43,"key":"Unceasing Top"},{"floor":47,"key":"Pen Nib"}],"event_choices":[{"damage_healed":0,"gold_gain":0,"player_choice":"Searched \u00271\u0027 times","damage_taken":0,"max_hp_gain":0,"max_hp_loss":0,"event_name":"Dead Adventurer","floor":10,"gold_loss":0},{"damage_healed":0,"gold_gain":275,"player_choice":"Desecrate","damage_taken":0,"max_hp_gain":0,"max_hp_loss":0,"event_name":"Golden Shrine","floor":19,"gold_loss":0,"cards_obtained":["Regret"]},{"damage_healed":0,"gold_gain":0,"player_choice":"Ignored","damage_taken":0,"max_hp_gain":0,"max_hp_loss":0,"event_name":"betterNote:BetterNote","floor":20,"gold_loss":0,"cards_obtained":["theMarked:SoldierOfQuellstein"]},{"damage_healed":0,"gold_gain":0,"player_choice":"Shed Blood","damage_taken":19,"max_hp_gain":5,"max_hp_loss":0,"event_name":"Forgotten Altar","floor":22,"gold_loss":0},{"cards_removed":["theMarked:RepellingDischarge"],"damage_healed":0,"gold_gain":0,"player_choice":"Removed Skill","damage_taken":0,"max_hp_gain":0,"max_hp_loss":0,"event_name":"Falling","floor":36,"gold_loss":0},{"damage_healed":0,"gold_gain":0,"player_choice":"Ignored","damage_taken":0,"max_hp_gain":0,"max_hp_loss":0,"event_name":"The Moai Head","floor":44,"gold_loss":0}],"is_beta":false,"boss_relics":[{"not_picked":["aspiration:SecretTechniqueScroll","Pandora\u0027s Box"],"picked":"Busted Crown"},{"not_picked":["Snecko Eye","aspiration:IroncladSkillbook"],"picked":"Coffee Dripper"}],"items_purged_floors":[21,38],"is_endless":false,"potions_floor_spawned":[1,11,12,16,27,31,42,47,48],"ascension_level":4}}