{"host":"851hhqouejqwzba1","time":1609203453,"event":{"mods":["BaseMod","Minty Spire (QoL Compilation)","Permanent Neow","Shop Mod","StSLib","óô»ðÖ¸ÄÏ"],"gold_per_floor":[115,129,129,143,161,38,67,67,113,132,47,59,77,93,93,196,196,208,307,317,317,242,242,242,242],"floor_reached":24,"playtime":1444,"items_purged":["Strike_G"],"score":290,"play_id":"dde32242-2b7d-4350-9561-e13aa6a617fd","local_time":"20201229085733","is_ascension_mode":true,"campfire_choices":[{"floor":8.0,"key":"REST"},{"data":"Cloak And Dagger","floor":15.0,"key":"SMITH"},{"data":"Accuracy","floor":23.0,"key":"SMITH"}],"circlet_count":0,"master_deck":["Strike_G","Strike_G","Defend_G","Defend_G","Defend_G","Survivor","Neutralize","Infinite Blades","Footwork","Cloak And Dagger+1","Leg Sweep","Accuracy+1","Backflip","Adrenaline","Reflex+1"],"relics":["Ring of the Snake","Ice Cream","Singing Bowl","Akabeko","Empty Cage"],"acts_visited":["Exordium","TheCity"],"potions_floor_usage":[24],"damage_taken":[{"damage":1.0,"enemies":"2 Louse","floor":1.0,"turns":4.0},{"damage":2.0,"enemies":"Cultist","floor":2.0,"turns":4.0},{"damage":0.0,"enemies":"Small Slimes","floor":4.0,"turns":4.0},{"damage":5.0,"enemies":"2 Fungi Beasts","floor":5.0,"turns":5.0},{"damage":22.0,"enemies":"Gremlin Nob","floor":7.0,"turns":6.0},{"damage":0.0,"enemies":"Lots of Slimes","floor":10.0,"turns":7.0},{"damage":0.0,"enemies":"Looter","floor":12.0,"turns":4.0},{"damage":6.0,"enemies":"Large Slime","floor":13.0,"turns":9.0},{"damage":2.0,"enemies":"3 Louse","floor":14.0,"turns":4.0},{"damage":13.0,"enemies":"Slime Boss","floor":16.0,"turns":10.0},{"damage":14.0,"enemies":"3 Byrds","floor":18.0,"turns":9.0},{"damage":7.0,"enemies":"Spheric Guardian","floor":20.0,"turns":5.0},{"damage":5,"enemies":"Gremlin Leader","floor":24,"turns":2}],"seed_played":"-1588082981028797606","potions_obtained":[{"floor":2.0,"key":"Swift Potion"},{"floor":7.0,"key":"Block Potion"},{"floor":16.0,"key":"SteroidPotion"},{"floor":18.0,"key":"SpeedPotion"}],"is_trial":false,"path_per_floor":["M","M","?","M","M","R","E","R","T","M","$","M","M","M","R","B",null,"M","?","M","?","?","R","E"],"character_chosen":"THE_SILENT","items_purchased":["Fire Potion","Accuracy","Backflip"],"campfire_rested":1,"item_purchase_floors":[6,11,11],"current_hp_per_floor":[44,42,42,42,37,37,17,38,38,38,38,40,36,36,36,23,64,50,50,45,45,45,45,40,40],"gold":242,"neow_bonus":"ONE_RARE_RELIC","is_daily":false,"chose_seed":false,"campfire_upgraded":2,"win_rate":0.0,"timestamp":1609203453,"path_taken":["M","M","?","M","M","R","E","R","T","M","$","?","M","M","R","BOSS","M","?","M","?","?","R","E"],"items_purchased_type":["Potion","Card","Card"],"build_version":"2020-12-22","purchased_purges":1,"victory":false,"max_hp_per_floor":[70,70,70,70,70,70,72,72,72,72,72,74,76,78,78,78,78,78,78,80,80,80,80,80,80],"card_choices":[{"not_picked":["Bane","Predator"],"picked":"Infinite Blades","floor":1.0},{"not_picked":["Poisoned Stab","Slice"],"picked":"Footwork","floor":2.0},{"not_picked":["Expertise","Quick Slash"],"picked":"Cloak And Dagger","floor":4.0},{"not_picked":["Quick Slash","Noxious Fumes","Bane"],"picked":"SKIP","floor":5.0},{"not_picked":["Flechettes","Cloak And Dagger","Glass Knife"],"picked":"Singing Bowl","floor":7.0},{"not_picked":["Backstab","Distraction"],"picked":"Leg Sweep","floor":10.0},{"not_picked":["Bane","Infinite Blades","Quick Slash"],"picked":"Singing Bowl","floor":12.0},{"not_picked":["Terror","Predator","Cloak And Dagger"],"picked":"Singing Bowl","floor":13.0},{"not_picked":["Deflect","Deadly Poison","Poisoned Stab"],"picked":"Singing Bowl","floor":14.0},{"not_picked":["Grand Finale","Bullet Time"],"picked":"Adrenaline","floor":16.0},{"not_picked":["Backflip+1","Escape Plan"],"picked":"Reflex+1","floor":18.0},{"not_picked":["Deadly Poison","Dash","Dodge and Roll"],"picked":"Singing Bowl","floor":20.0}],"player_experience":371568,"relics_obtained":[{"floor":7.0,"key":"Singing Bowl"},{"floor":9.0,"key":"Akabeko"}],"event_choices":[{"cards_removed":["Strike_G"],"damage_healed":0.0,"max_hp_gain":0.0,"max_hp_loss":0.0,"gold_gain":0.0,"event_name":"Purifier","player_choice":"Purged","floor":3.0,"gold_loss":0.0,"damage_taken":0.0},{"damage_healed":0.0,"max_hp_gain":0.0,"max_hp_loss":0.0,"gold_gain":99.0,"event_name":"Nest","player_choice":"Stole From Cult","floor":19.0,"gold_loss":0.0,"damage_taken":0.0},{"damage_healed":0.0,"max_hp_gain":0.0,"max_hp_loss":0.0,"gold_gain":0.0,"event_name":"Vampires","player_choice":"Ignored","floor":21.0,"gold_loss":0.0,"damage_taken":0.0},{"cards_removed":["Defend_G"],"damage_healed":0.0,"max_hp_gain":0.0,"max_hp_loss":0.0,"gold_gain":0.0,"event_name":"Beggar","player_choice":"Gave Gold","floor":22.0,"gold_loss":75.0,"damage_taken":0.0}],"is_beta":false,"boss_relics":[{"not_picked":["Ectoplasm","Tiny House"],"picked":"Empty Cage"}],"items_purged_floors":[6],"is_endless":false,"potions_floor_spawned":[2,7,16,18],"killed_by":"Gremlin Leader","ascension_level":9}}