{"host":"2e3z4r48quhw80cc","time":1609256854,"event":{"mods":["BaseMod","Minty Spire (QoL Compilation)","Quick Restart","StSLib","SuperFastMode"],"gold_per_floor":[149,149,5,45,11,64,64,99,99,129,129,159,198,246,246,348,348,329,244,254,294,294,294],"floor_reached":22,"playtime":840,"items_purged":["Decay"],"score":262,"play_id":"307f2f07-749d-413d-8660-7a000d5081d2","local_time":"20201230004734","is_ascension_mode":true,"campfire_choices":[{"data":"Storm","floor":7.0,"key":"SMITH"},{"floor":11.0,"key":"REST"},{"data":"Buffer","floor":15.0,"key":"SMITH"}],"circlet_count":0,"master_deck":["Strike_B","Strike_B","Strike_B","Strike_B","Defend_B","Defend_B","Defend_B","Defend_B","Zap","Dualcast","HandOfGreed","Double Energy","Capacitor","Storm+1","Self Repair","Leap","Chaos","Buffer+1","Creative AI","Redo+1","Recycle"],"relics":["FrozenCore","Turnip","Pear","Oddly Smooth Stone","Question Card","Anchor"],"acts_visited":["Exordium","TheCity"],"potions_floor_usage":[22],"damage_taken":[{"damage":5.0,"enemies":"Small Slimes","floor":1.0,"turns":3.0},{"damage":2.0,"enemies":"Jaw Worm","floor":4.0,"turns":2.0},{"damage":30.0,"enemies":"Lagavulin","floor":6.0,"turns":7.0},{"damage":13.0,"enemies":"2 Louse","floor":8.0,"turns":3.0},{"damage":45.0,"enemies":"Gremlin Nob","floor":10.0,"turns":5.0},{"damage":6.0,"enemies":"Looter","floor":12.0,"turns":3.0},{"damage":7.0,"enemies":"Red Slaver","floor":13.0,"turns":4.0},{"damage":20.0,"enemies":"Lagavulin","floor":14.0,"turns":6.0},{"damage":20.0,"enemies":"Hexaghost","floor":16.0,"turns":10.0},{"damage":38.0,"enemies":"2 Thieves","floor":18.0,"turns":5.0},{"damage":10,"enemies":"Shell Parasite","floor":20,"turns":8},{"damage":4,"enemies":"Cultist and Chosen","floor":21,"turns":8},{"damage":71,"enemies":"Masked Bandits","floor":22,"turns":4}],"seed_played":"7744497982301677506","potions_obtained":[{"floor":1.0,"key":"Energy Potion"},{"floor":8.0,"key":"Fruit Juice"},{"floor":10.0,"key":"PowerPotion"},{"floor":13.0,"key":"LiquidMemories"},{"floor":20,"key":"Block Potion"}],"is_trial":false,"path_per_floor":["M","?","$","M","$","E","R","M","T","E","R","M","M","E","R","B",null,"M","?","M","M","?"],"character_chosen":"DEFECT","items_purchased":["Capacitor","Self Repair"],"campfire_rested":1,"item_purchase_floors":[3,5],"current_hp_per_floor":[70,75,75,73,73,50,50,49,59,21,49,43,43,30,30,17,95,64,64,61,64,0,0],"gold":294,"neow_bonus":"RANDOM_COLORLESS_2","is_daily":false,"chose_seed":false,"campfire_upgraded":2,"win_rate":0.0,"timestamp":1609256854,"path_taken":["M","?","$","M","$","E","R","M","T","E","R","M","M","E","R","BOSS","M","?","M","M","?"],"items_purchased_type":["Card","Card"],"build_version":"2020-12-22","purchased_purges":1,"victory":false,"max_hp_per_floor":[75,80,80,80,80,80,80,85,95,95,95,95,95,95,95,95,95,95,95,95,95,95,95],"card_choices":[{"not_picked":["Metamorphosis","Magnetism"],"picked":"HandOfGreed","floor":0.0},{"not_picked":["Scrape","Fusion"],"picked":"Double Energy","floor":1.0},{"not_picked":["Capacitor","Conserve Battery"],"picked":"Storm","floor":4.0},{"not_picked":["Tempest","Streamline"],"picked":"Leap","floor":6.0},{"not_picked":["Leap","Gash","Aggregate"],"picked":"SKIP","floor":8.0},{"not_picked":["Gash","Redo"],"picked":"Chaos","floor":10.0},{"not_picked":["Barrage","Hologram","Cold Snap"],"picked":"SKIP","floor":12.0},{"not_picked":["Beam Cell","Compile Driver","Barrage"],"picked":"SKIP","floor":13.0},{"not_picked":["Redo","Loop"],"picked":"Buffer","floor":14.0},{"not_picked":["Rainbow","All For One","Meteor Strike"],"picked":"Creative AI","floor":16.0},{"not_picked":["Genetic Algorithm+1","Beam Cell","Auto Shields"],"picked":"Redo+1","floor":18.0},{"not_picked":["Darkness","Sunder","Reprogram"],"picked":"Recycle","floor":20},{"not_picked":["Barrage","Compile Driver+1","Go for the Eyes","Redo+1"],"picked":"SKIP","floor":21}],"player_experience":43290,"relics_obtained":[{"floor":6.0,"key":"Turnip"},{"floor":9.0,"key":"Pear"},{"floor":10.0,"key":"Oddly Smooth Stone"},{"floor":14.0,"key":"Question Card"}],"event_choices":[{"damage_healed":0.0,"max_hp_gain":5.0,"max_hp_loss":0.0,"gold_gain":0.0,"event_name":"Big Fish","player_choice":"Donut","floor":2.0,"gold_loss":0.0,"damage_taken":0.0},{"damage_healed":0,"gold_gain":0,"player_choice":"Obtained Relic","damage_taken":0,"relics_obtained":["Anchor"],"max_hp_gain":0,"max_hp_loss":0,"event_name":"Addict","floor":19,"gold_loss":85},{"damage_healed":0,"gold_gain":0,"player_choice":"Fought Bandits","damage_taken":0,"max_hp_gain":0,"max_hp_loss":0,"event_name":"Masked Bandits","floor":22,"gold_loss":0}],"is_beta":false,"boss_relics":[{"not_picked":["Black Star","Astrolabe"],"picked":"FrozenCore"}],"items_purged_floors":[3],"is_endless":false,"potions_floor_spawned":[1,8,10,13,20],"killed_by":"Masked Bandits","ascension_level":3}}