{"host":"hfxahm4y1ssattqc","time":1609208463,"event":{"mods":["2.2 Compatiblity","Act Like it!","BaseMod","Beaked The Cultist","BetterRewards","Colored Map","Colored Powertips","Custom Start","Googly Eyes","Halation","Hallownest","Highlight Path","Hubris","Mimic Mod","Minty Spire (QoL Compilation)","Shop Mod","Spikes Relics","StSLib","The Bug Knight","The IronCluck","The Jungle","Unknown Chances","slay the spire mod where everything is the same but ironclad has a cowboy hat"],"gold_per_floor":[109,109,124,124,137,137,167,167,192,49,49,82,82,95,95,218,218,244,343,391,416,440,492,128,128,151,180,95,95,95,127,127,239,239,266,266,266,296,317,317,354,386,430,76,76,103,129,169,169,193,193,193,48,104,158,158],"floor_reached":55,"playtime":2396,"items_purged":[],"score":1105,"play_id":"fa9d6521-2006-4c40-9745-2d54712c1594","local_time":"20201228182103","is_ascension_mode":false,"campfire_choices":[{"data":"Armaments","floor":6.0,"key":"SMITH"},{"floor":15.0,"key":"RECALL"},{"data":"Barricade","floor":25,"key":"SMITH"},{"data":"Metallicize","floor":32,"key":"SMITH"},{"floor":40,"key":"REST"},{"data":"Metallicize","floor":45,"key":"SMITH"},{"floor":49,"key":"REST"},{"data":"Metallicize","floor":52,"key":"SMITH"}],"circlet_count":0,"master_deck":["Strike_R","Strike_R","Strike_R","Strike_R","Strike_R","Defend_R","Defend_R","Defend_R+1","Defend_R+1","Bash","Metallicize+1","Metallicize+1","Armaments+1","Anger","hubris:ReadiedAction","Barricade+1","Armaments+1","Metallicize","Metallicize+1","Spot Weakness","Spot Weakness","Impervious","Metallicize+1","Heavy Blade+1","Mayhem+1"],"relics":["Burning Blood","DollysMirror","hubris:MysteriousPyramids","Ancient Tea Set","halation:StarCompass","hubris:Towel","Oddly Smooth Stone","SnailShell","War Paint","The Courier","halation:IllGainedPizza","Busted Crown","PreservedInsect","halation:NonexistentMirror","Happy Flower","Omamori","halation:WeightlessCrab","SlaversCollar","halation:PinkSoulGem","Mummified Hand","beaked:ShinyBauble","Bottled Lightning","Frozen Egg 2","StrikeDummy","Bag of Preparation"],"acts_visited":["Exordium","TheCity","TheBeyond","TheEnding"],"potions_floor_usage":[23,39,41,41,46,50,55,55],"damage_taken":[{"damage":0.0,"enemies":"Cultist","floor":1.0,"turns":4.0},{"damage":1.0,"enemies":"2 Louse","floor":3.0,"turns":4.0},{"damage":0.0,"enemies":"Jaw Worm","floor":5.0,"turns":5.0},{"damage":11.0,"enemies":"Gremlin Nob","floor":7.0,"turns":5.0},{"damage":4.0,"enemies":"Lagavulin","floor":12.0,"turns":8.0},{"damage":0.0,"enemies":"Blue Slaver","floor":14.0,"turns":4.0},{"damage":5.0,"enemies":"Hexaghost","floor":16.0,"turns":11.0},{"damage":0.0,"enemies":"Chosen","floor":18.0,"turns":7.0},{"damage":0.0,"enemies":"Shell Parasite","floor":21.0,"turns":9.0},{"damage":0.0,"enemies":"Chosen and Byrds","floor":22.0,"turns":8.0},{"damage":23,"enemies":"Slavers","floor":23,"turns":10},{"damage":0,"enemies":"Shelled Parasite and Fungi","floor":27,"turns":7},{"damage":3,"enemies":"Snake Plant","floor":31,"turns":6},{"damage":0,"enemies":"Automaton","floor":33,"turns":12},{"damage":0,"enemies":"Orb Walker","floor":35,"turns":6},{"damage":27,"enemies":"3 Shapes","floor":38,"turns":6},{"damage":29,"enemies":"Spire Growth","floor":39,"turns":7},{"damage":8,"enemies":"Reptomancer","floor":41,"turns":10},{"damage":15,"enemies":"Sphere and 2 Shapes","floor":42,"turns":11},{"damage":0,"enemies":"4 Shapes","floor":43,"turns":10},{"damage":18,"enemies":"4 Shapes","floor":46,"turns":7},{"damage":0,"enemies":"Maw","floor":47,"turns":11},{"damage":0,"enemies":"Giant Head","floor":48,"turns":8},{"damage":46,"enemies":"Awakened One","floor":50,"turns":11},{"damage":36,"enemies":"Shield and Spear","floor":54,"turns":9},{"damage":69,"enemies":"The Heart","floor":55,"turns":6}],"seed_played":"8732454150474574252","potions_obtained":[{"floor":3.0,"key":"DistilledChaos"},{"floor":5.0,"key":"EntropicBrew"},{"floor":7.0,"key":"ElixirPotion"},{"floor":12.0,"key":"BlessingOfTheForge"},{"floor":23,"key":"EssenceOfSteel"},{"floor":27,"key":"Energy Potion"},{"floor":39,"key":"BlessingOfTheForge"},{"floor":42,"key":"FearPotion"},{"floor":46,"key":"Dexterity Potion"},{"floor":54,"key":"BloodPotion"}],"is_trial":false,"path_per_floor":["M","?","M","?","M","R","E","?","T","$","$","E","?","M","R","B",null,"M","?","T","M","M","E","$","R","T","M","?","?","$","M","R","B",null,"M","?","?","M","M","R","E","M","MIM","$","R","M","M","E","R","B",null,"R","$","E","B"],"character_chosen":"IRONCLAD","items_purchased":["Metallicize","DollysMirror","hubris:MysteriousPyramids","Armaments","Ancient Tea Set","War Paint","halation:NonexistentMirror","Metallicize","Spot Weakness","Happy Flower","Frozen Egg 2","Impervious","Metallicize+1","Mayhem+1"],"campfire_rested":2,"item_purchase_floors":[0,0,0,0,0,10,24,24,24,24,44,44,44,53],"current_hp_per_floor":[80,80,80,80,80,80,75,75,75,75,75,77,77,80,80,80,80,80,80,80,80,80,63,63,63,63,69,69,80,80,80,80,80,80,80,80,80,59,36,60,58,49,55,55,55,43,49,55,79,39,80,80,80,50,0,0],"gold":158,"neow_bonus":"","is_daily":false,"chose_seed":false,"campfire_upgraded":5,"win_rate":0.0,"timestamp":1609208463,"path_taken":["M","?","M","?","?","R","E","?","T","?","$","E","?","M","R","BOSS","M","?","?","M","M","E","$","R","T","M","?","?","$","?","R","BOSS","M","?","?","?","M","R","E","M","MIM","$","R","M","M","E","R","BOSS","R","$","E","BOSS"],"items_purchased_type":["Card","Relic","Relic","Card","Relic","Relic","Relic","Card","Card","Relic","Relic","Card","Card","Card"],"build_version":"2020-12-22","purchased_purges":0,"victory":false,"max_hp_per_floor":[80,80,80,80,80,80,80,80,80,80,80,80,80,80,80,80,80,80,80,80,80,80,80,80,80,80,80,80,80,80,80,80,80,80,80,80,80,80,80,80,80,80,80,80,80,80,80,80,80,80,80,80,80,80,80,80],"card_choices":[{"not_picked":["Shockwave","Second Wind","BarbarianYell"],"picked":"SKIP","floor":1.0},{"not_picked":["hubris:SharpeningStone","Sentinel","Invigoration"],"picked":"SKIP","floor":3.0},{"not_picked":["Pommel Strike","Power Through"],"picked":"Anger","floor":5.0},{"not_picked":["Sever Soul","Shockwave","hubris:StunningStrike"],"picked":"SKIP","floor":7.0},{"not_picked":["Heavy Blade","Pommel Strike","hubris:ReadiedAction"],"picked":"SKIP","floor":12.0},{"not_picked":["Heavy Blade","Pommel Strike"],"picked":"hubris:ReadiedAction","floor":12.0},{"not_picked":["Twin Strike","Perfected Strike","Offering"],"picked":"SKIP","floor":14.0},{"not_picked":["Reaper","Fiend Fire"],"picked":"Barricade","floor":16.0},{"not_picked":["Havoc"],"picked":"SKIP","floor":18.0},{"not_picked":[],"picked":"Armaments+1","floor":21.0},{"not_picked":["Thunderclap"],"picked":"SKIP","floor":22.0},{"not_picked":["Dual Wield"],"picked":"SKIP","floor":23},{"not_picked":["Exhume"],"picked":"SKIP","floor":27},{"not_picked":["Sword Boomerang"],"picked":"SKIP","floor":31},{"not_picked":["Battle Trance+1"],"picked":"SKIP","floor":35},{"not_picked":["Havoc+1"],"picked":"SKIP","floor":38},{"not_picked":["Sword Boomerang"],"picked":"SKIP","floor":39},{"not_picked":["Twin Strike+1"],"picked":"SKIP","floor":41},{"not_picked":["Clash"],"picked":"SKIP","floor":42},{"not_picked":["Searing Blow"],"picked":"SKIP","floor":46},{"not_picked":[],"picked":"Heavy Blade+1","floor":47},{"not_picked":["Fire Breathing+1"],"picked":"SKIP","floor":48},{"not_picked":["Havoc+1"],"picked":"SKIP","floor":54}],"player_experience":841464,"relics_obtained":[{"floor":7.0,"key":"Oddly Smooth Stone"},{"floor":9.0,"key":"SnailShell"},{"floor":12.0,"key":"The Courier"},{"floor":23,"key":"PreservedInsect"},{"floor":26,"key":"Omamori"},{"floor":41,"key":"Mummified Hand"},{"floor":43,"key":"beaked:ShinyBauble"},{"floor":43,"key":"Bottled Lightning"},{"floor":48,"key":"StrikeDummy"},{"floor":54,"key":"Bag of Preparation"}],"event_choices":[{"damage_healed":0.0,"max_hp_gain":0.0,"max_hp_loss":0.0,"gold_gain":0.0,"event_name":"Transmorgrifier","player_choice":"Ignored","floor":8.0,"gold_loss":0.0,"damage_taken":0.0},{"damage_healed":0.0,"max_hp_gain":0.0,"max_hp_loss":0.0,"gold_gain":0.0,"event_name":"Dead Adventurer","player_choice":"Searched \u00271\u0027 times","floor":13.0,"gold_loss":0.0,"damage_taken":0.0,"relics_obtained":["halation:IllGainedPizza"]},{"damage_healed":0.0,"max_hp_gain":0.0,"max_hp_loss":0.0,"gold_gain":99.0,"event_name":"Nest","player_choice":"Stole From Cult","floor":19.0,"gold_loss":0.0,"damage_taken":0.0},{"damage_healed":0,"gold_gain":0,"player_choice":"Obtained Relic","damage_taken":0,"relics_obtained":["halation:WeightlessCrab"],"max_hp_gain":0,"max_hp_loss":0,"event_name":"Addict","floor":28,"gold_loss":85},{"damage_healed":11,"gold_gain":0,"player_choice":"Full Heal","damage_taken":0,"max_hp_gain":0,"max_hp_loss":0,"event_name":"Wheel of Change","floor":29,"gold_loss":0},{"damage_healed":0,"gold_gain":0,"player_choice":"Ignored","damage_taken":0,"max_hp_gain":0,"max_hp_loss":0,"event_name":"NoteForYourself","floor":37,"gold_loss":0}],"is_beta":false,"boss_relics":[{"not_picked":["halation:HeavySnake","Runic Cube"],"picked":"Busted Crown"},{"not_picked":["SacredBark","Mark of Pain"],"picked":"SlaversCollar"}],"items_purged_floors":[],"is_endless":false,"potions_floor_spawned":[3,5,7,12,16,18,23,27,31,38,39,42,46,54],"killed_by":"The Heart","ascension_level":0}}