{"host":"baiuyraednrljtmn","time":1609227303,"event":{"mods":["BaseMod","Colored Map","Colored Powertips","Current Relic Mod","DeckTracker","Hermit","Keyboard Shortcuts","Minty Spire (QoL Compilation)","Relic Stats","StSLib","SuperFastMode","everything is the same but u backflip on backflip"],"gold_per_floor":[118,130,130,130,55,69,69,83,83,102,135,81,119,294,294,414,414,429,429],"floor_reached":18,"playtime":1223,"items_purged":["hermit:Strike_Hermit"],"score":189,"play_id":"1a872b6e-f2ad-49ac-ab91-f59249abf658","local_time":"20201229163503","is_ascension_mode":true,"campfire_choices":[{"data":"hermit:Snapshot","floor":7.0,"key":"SMITH"},{"data":"hermit:Ricochet","floor":15.0,"key":"SMITH"}],"circlet_count":0,"master_deck":["hermit:Strike_Hermit","hermit:Strike_Hermit","hermit:Strike_Hermit","hermit:Defend_Hermit+1","hermit:Defend_Hermit","hermit:Defend_Hermit","hermit:Defend_Hermit","hermit:Snapshot+1","hermit:Covet+1","Regret","hermit:FinalCanter","hermit:Shortfuse","hermit:Vantage","hermit:Deadeye","hermit:GhostlyPresence","hermit:Ricochet+1","hermit:FatalDesire"],"relics":["hermit:Momento","Golden Idol","Centennial Puzzle","Blue Candle","Omamori","SacredBark"],"acts_visited":[],"potions_floor_usage":[],"damage_taken":[{"damage":3.0,"enemies":"Small Slimes","floor":1.0,"turns":4.0},{"damage":0.0,"enemies":"Cultist","floor":2.0,"turns":2.0},{"damage":2.0,"enemies":"Jaw Worm","floor":6.0,"turns":2.0},{"damage":6.0,"enemies":"Looter","floor":8.0,"turns":3.0},{"damage":5.0,"enemies":"Exordium Thugs","floor":10.0,"turns":4.0},{"damage":18.0,"enemies":"Lagavulin","floor":11.0,"turns":5.0},{"damage":1.0,"enemies":"Gremlin Nob","floor":13.0,"turns":3.0},{"damage":19.0,"enemies":"Slime Boss","floor":16.0,"turns":10.0},{"damage":17.0,"enemies":"Shell Parasite","floor":18.0,"turns":5.0}],"seed_played":"1353214711758667115","potions_obtained":[{"floor":8.0,"key":"Swift Potion"},{"floor":10.0,"key":"PowerPotion"},{"floor":13.0,"key":"SkillPotion"},{"floor":16.0,"key":"SteroidPotion"}],"is_trial":false,"path_per_floor":["M","M","?","?","$","M","R","M","T","M","E","$","E","?","R","B",null,"M"],"character_chosen":"HERMIT","items_purchased":["hermit:Ricochet"],"campfire_rested":0,"item_purchase_floors":[12],"current_hp_per_floor":[72,72,57,57,57,55,55,49,49,44,26,26,25,25,25,6,69,52,52],"gold":429,"neow_bonus":"THREE_RARE_CARDS","is_daily":false,"chose_seed":false,"campfire_upgraded":2,"win_rate":0.0,"timestamp":1609227303,"path_taken":["M","M","?","?","$","M","R","M","T","M","E","$","E","?","R","BOSS","M"],"items_purchased_type":["Card"],"build_version":"2020-12-22","purchased_purges":1,"victory":false,"max_hp_per_floor":[75,75,75,69,69,69,69,69,69,69,69,69,69,69,69,69,69,69,69],"relic_stats":{"Centennial Puzzle":[15],"counters":[9,38],"Golden Idol":55,"Blue Candle":[5],"obtain_stats":[{"Centennial Puzzle":9,"Golden Idol":4,"Blue Candle":11,"SacredBark":17,"Omamori":13,"hermit:Momento":0},{"Centennial Puzzle":4,"Golden Idol":2,"Blue Candle":6,"SacredBark":8,"Omamori":7,"hermit:Momento":0},{"Centennial Puzzle":11,"Golden Idol":6,"Blue Candle":20,"SacredBark":33,"Omamori":23,"hermit:Momento":0}]},"card_choices":[{"not_picked":["hermit:BlackWind","hermit:HighNoon"],"picked":"hermit:FinalCanter","floor":0.0},{"not_picked":["hermit:Roulette","hermit:Desperado"],"picked":"hermit:Shortfuse","floor":1.0},{"not_picked":["hermit:HighCaliber","hermit:Roulette"],"picked":"hermit:Vantage","floor":2.0},{"not_picked":["hermit:EyeOfTheStorm","hermit:Feint","hermit:Coalescence"],"picked":"SKIP","floor":6.0},{"not_picked":["hermit:Combo","hermit:Adapt","hermit:TakeCover"],"picked":"SKIP","floor":8.0},{"not_picked":["hermit:Enervate","hermit:Snipe"],"picked":"hermit:Deadeye","floor":10.0},{"not_picked":["hermit:Grudge","hermit:TakeCover"],"picked":"hermit:GhostlyPresence","floor":11.0},{"not_picked":["hermit:Enervate","hermit:WideOpen","hermit:Determination"],"picked":"SKIP","floor":13.0},{"not_picked":["hermit:Enervate","hermit:WideOpen","hermit:Determination"],"picked":"SKIP","floor":13.0},{"not_picked":["hermit:Magnum","hermit:EternalForm"],"picked":"hermit:FatalDesire","floor":16.0}],"player_experience":1431653,"relics_obtained":[{"floor":9.0,"key":"Centennial Puzzle"},{"floor":11.0,"key":"Blue Candle"},{"floor":13.0,"key":"Omamori"}],"event_choices":[{"damage_healed":0.0,"max_hp_gain":0.0,"max_hp_loss":0.0,"gold_gain":0.0,"event_name":"Shining Light","player_choice":"Entered Light","floor":3.0,"gold_loss":0.0,"damage_taken":15.0,"cards_upgraded":["hermit:Defend_Hermit","hermit:Covet"]},{"damage_healed":0.0,"max_hp_gain":0.0,"max_hp_loss":6.0,"gold_gain":0.0,"event_name":"Golden Idol","player_choice":"Lose Max HP","floor":4.0,"gold_loss":0.0,"damage_taken":0.0,"relics_obtained":["Golden Idol"]},{"damage_healed":0.0,"max_hp_gain":0.0,"max_hp_loss":0.0,"gold_gain":175.0,"event_name":"Liars Game","player_choice":"AGREE","floor":14.0,"gold_loss":0.0,"damage_taken":0.0,"cards_obtained":["Doubt"]}],"is_beta":false,"boss_relics":[{"not_picked":["Black Star","Philosopher\u0027s Stone"],"picked":"SacredBark"}],"items_purged_floors":[5],"is_endless":false,"potions_floor_spawned":[8,10,13,16,18],"killed_by":"Shell Parasite","ascension_level":2}}