{"host":"k6ilj82p5tklmruc","time":1609271718,"event":{"mods":["Act Like it!","Aspiration","BaseMod","Better Third Choice","Colored Map","Colored Powertips","DeckTracker","Energized Spire","GifTheSpireLib","GungeonMod","Hubris","Infinite Spire","Ironclad Rager","Marked Mod","Mimic Mod","Minty Spire (QoL Compilation)","Relic Filter","Relic Stats","Replay The Spire","Reworked Bosses","Spikes Relics","StSLib"],"gold_per_floor":[118,118,141,141,157,201,201,225,251,251,270,314,314,348,348,471,471,486,510,510,535,547,559,591,627,665,690,727,753,765,808,820,957,1032,1067,1079,318,396,420,420,420,456,456,456,475,500,539,560,560,560],"floor_reached":51,"playtime":10277,"items_purged":["Poisoned Stab+1"],"score":787,"play_id":"2095aa1a-a44d-4c5a-8b70-fcc0570c7f4a","local_time":"20201229205518","daily_mods":["SealedDeck"],"is_ascension_mode":true,"campfire_choices":[{"data":"Phantasmal Killer","floor":7.0,"key":"SMITH"},{"floor":10.0,"key":"REST"},{"floor":13.0,"key":"REST"},{"data":"Cloak And Dagger","floor":15.0,"key":"SMITH"},{"data":"Slice","floor":23.0,"key":"SMITH"},{"floor":30.0,"key":"REST"},{"data":"Storm of Steel","floor":40,"key":"SMITH"},{"floor":44,"key":"REST"},{"floor":49,"key":"REST"}],"circlet_count":0,"master_deck":["Slice+1","Backflip","Cloak And Dagger","Slice","Infinite Blades","Cloak And Dagger+1","Deflect","Slice","Phantasmal Killer+1","Backflip","Quick Slash","Storm of Steel+1","Replay:Fractal Strike+1","Deflect+1","Accuracy+1","Blade Dance+1","Phantasmal Killer","Cloak And Dagger+1","Backflip+1","Replay:Fractal Strike+1","ReplayTheSpireMod:Shiv Toss+1"],"relics":["Ring of the Snake","Golden Idol","ShockBauble","DemoMod:ResourcefulSack","Omamori","Bronze Scales","aspiration:HiddenCompartment","Kintsugi","MawBank","Toy Ornithopter","Replay:Wax Seal","Tiny House","DollysMirror","hubris:TinFlute","SuspiciousGoo","infinitespire:Eraser","RetroEgg","DemoMod:MemoryAlloy","infinitespire:WardingShard","Onion Ring"],"acts_visited":["Exordium","TheCity","TheBeyond"],"potions_floor_usage":[45,50,50,50],"damage_taken":[{"damage":0.0,"enemies":"Small Slimes","floor":1.0,"turns":2.0},{"damage":0.0,"enemies":"2 Louse","floor":3.0,"turns":2.0},{"damage":0.0,"enemies":"infinitespire:Voidling","floor":5.0,"turns":2.0},{"damage":13.0,"enemies":"Lagavulin","floor":6.0,"turns":4.0},{"damage":0.0,"enemies":"Looter","floor":8.0,"turns":2.0},{"damage":1.0,"enemies":"Lots of Slimes","floor":11.0,"turns":3.0},{"damage":9.0,"enemies":"3 Sentries","floor":12.0,"turns":5.0},{"damage":2.0,"enemies":"Gremlin Nob","floor":14.0,"turns":3.0},{"damage":31.0,"enemies":"Hexaghost","floor":16.0,"turns":5.0},{"damage":0.0,"enemies":"3 Byrds","floor":18.0,"turns":4.0},{"damage":0.0,"enemies":"2 Thieves","floor":19.0,"turns":3.0},{"damage":12.0,"enemies":"Snake Plant","floor":21.0,"turns":3.0},{"damage":0.0,"enemies":"Cultist and Chosen","floor":24.0,"turns":3.0},{"damage":10.0,"enemies":"Centurion and Healer","floor":25.0,"turns":4.0},{"damage":0.0,"enemies":"Snake Plant","floor":27.0,"turns":3.0},{"damage":0.0,"enemies":"Shelled Parasite and Fungi","floor":28.0,"turns":3.0},{"damage":0.0,"enemies":"3 Cultists","floor":29.0,"turns":4.0},{"damage":1.0,"enemies":"Book of Stabbing","floor":31.0,"turns":4.0},{"damage":23.0,"enemies":"bossMod:newCollector","floor":33.0,"turns":4.0},{"damage":2,"enemies":"3 Shapes","floor":35,"turns":3},{"damage":2,"enemies":"3 Darklings","floor":39,"turns":3},{"damage":38,"enemies":"R_Hoarder","floor":42,"turns":7},{"damage":3,"enemies":"Maw","floor":45,"turns":5},{"damage":0,"enemies":"Transient","floor":46,"turns":5},{"damage":0,"enemies":"Giant Head","floor":47,"turns":5},{"damage":15,"enemies":"4 Shapes","floor":48,"turns":4},{"damage":48,"enemies":"hubris:GrandSnecko","floor":50,"turns":9}],"seed_played":"7182103402178789379","potions_obtained":[{"floor":1.0,"key":"Weak Potion"},{"floor":11.0,"key":"Reflective Coating"},{"floor":12.0,"key":"SpeedPotion"},{"floor":14.0,"key":"LifebloodPotion"},{"floor":16.0,"key":"Explosive Potion"},{"floor":19.0,"key":"Swift Potion"},{"floor":21.0,"key":"SteroidPotion"},{"floor":24.0,"key":"FearPotion"},{"floor":34,"key":"FearPotion"},{"floor":35,"key":"FearPotion"},{"floor":38,"key":"GamblersBrew"},{"floor":45,"key":"FearPotion"}],"is_trial":true,"path_per_floor":["M","?","M","?","M","E","R","M","T","R","M","E","R","E","R","B",null,"M","M","AVR","M","?","R","M","M","T","M","M","M","R","E","R_BF","B",null,"M","?","$","?","M","R","T","E","T","R","M","M","E","M","R","B",null],"character_chosen":"THE_SILENT","items_purchased":["DollysMirror","hubris:TinFlute","SuspiciousGoo"],"campfire_rested":5,"item_purchase_floors":[37,37,37],"current_hp_per_floor":[70,53,53,53,53,40,40,40,40,61,60,51,70,68,68,37,70,70,70,70,58,58,58,58,48,48,48,48,48,69,68,70,52,75,73,71,71,54,52,52,52,14,14,35,37,37,37,22,43,10],"gold":560,"neow_bonus":"","is_daily":false,"chose_seed":false,"campfire_upgraded":4,"win_rate":0.0,"timestamp":1609271718,"path_taken":["M","?","M","?","?","E","R","M","T","R","M","E","R","E","R","BOSS","M","M","AVR","M","?","R","M","?","T","M","M","M","R","E","R_BF","BOSS","M","?","$","?","M","R","?","E","T","R","M","M","E","?","R","BOSS"],"items_purchased_type":["Relic","Relic","Relic"],"build_version":"2020-12-22","purchased_purges":1,"victory":true,"max_hp_per_floor":[70,70,70,70,70,70,70,70,70,70,70,70,70,70,70,70,70,70,70,70,70,70,70,70,70,70,70,70,70,70,70,70,70,75,75,71,71,71,71,71,71,71,71,71,71,71,71,71,71,71],"relic_stats":{"counters":[27,104],"Golden Idol":222,"Bronze Scales":[216],"MawBank":204,"obtain_stats":[{"ShockBauble":4,"Tiny House":34,"Golden Idol":2,"DemoMod:MemoryAlloy":42,"RetroEgg":41,"SuspiciousGoo":37,"DemoMod:GlassGuonStoneRelic":1,"Omamori":9,"aspiration:HiddenCompartment":14,"MawBank":20,"infinitespire:WardingShard":43,"DollysMirror":37,"Bronze Scales":12,"Onion Ring":47,"DemoMod:ResourcefulSack":6,"Kintsugi":17,"Replay:Wax Seal":31,"infinitespire:Eraser":38,"Toy Ornithopter":26,"hubris:TinFlute":37,"Ring of the Snake":0},{"ShockBauble":2,"Tiny House":19,"Golden Idol":1,"DemoMod:MemoryAlloy":22,"RetroEgg":21,"SuspiciousGoo":20,"DemoMod:GlassGuonStoneRelic":1,"Omamori":5,"aspiration:HiddenCompartment":8,"MawBank":11,"infinitespire:WardingShard":22,"DollysMirror":20,"Bronze Scales":7,"Onion Ring":25,"DemoMod:ResourcefulSack":4,"Kintsugi":9,"Replay:Wax Seal":18,"infinitespire:Eraser":20,"Toy Ornithopter":14,"hubris:TinFlute":20,"Ring of the Snake":0},{"ShockBauble":4,"Tiny House":63,"Golden Idol":2,"DemoMod:MemoryAlloy":76,"RetroEgg":69,"SuspiciousGoo":66,"DemoMod:GlassGuonStoneRelic":2,"Omamori":12,"aspiration:HiddenCompartment":23,"MawBank":35,"infinitespire:WardingShard":76,"DollysMirror":66,"Bronze Scales":20,"Onion Ring":91,"DemoMod:ResourcefulSack":10,"Kintsugi":28,"Replay:Wax Seal":59,"infinitespire:Eraser":66,"Toy Ornithopter":45,"hubris:TinFlute":66,"Ring of the Snake":0}],"Toy Ornithopter":25,"Ring of the Snake":[54]},"card_choices":[{"not_picked":["Underhanded Strike","Bane"],"picked":"Cloak And Dagger","floor":1.0},{"not_picked":["Acrobatics","Flying Knee"],"picked":"Deflect","floor":3.0},{"not_picked":["Flying Knee","Malaise"],"picked":"Slice","floor":5.0},{"not_picked":["Bouncing Flask","Setup"],"picked":"Phantasmal Killer","floor":6.0},{"not_picked":["Hidden Blade","Prepared"],"picked":"Backflip","floor":8.0},{"not_picked":["hubris:SlightOfHand","Predator"],"picked":"Acrobatics","floor":11.0},{"not_picked":["Backflip","ReplayTheSpireMod:Speed Training"],"picked":"Quick Slash","floor":12.0},{"not_picked":["Bane","Dash","Setup"],"picked":"SKIP","floor":14.0},{"not_picked":["Corpse Explosion","After Image"],"picked":"Storm of Steel","floor":16.0},{"not_picked":["Bane","hubris:SlightOfHand","Dagger Throw"],"picked":"SKIP","floor":18.0},{"not_picked":["Bouncing Flask","Bane+1","Venomology"],"picked":"SKIP","floor":19.0},{"not_picked":["Flying Knee","hubris:SlightOfHand+1","Dagger Throw"],"picked":"SKIP","floor":21.0},{"not_picked":["hubris:Sniper","Backflip","Outmaneuver+1"],"picked":"SKIP","floor":24.0},{"not_picked":["Dagger Throw+1","Sucker Punch+1","Backflip"],"picked":"SKIP","floor":25.0},{"not_picked":["Acrobatics+1","Dagger Throw"],"picked":"Deflect+1","floor":27.0},{"not_picked":["Cloak And Dagger","PiercingWail+1"],"picked":"Accuracy","floor":28.0},{"not_picked":["Slice","Calculated Gamble","Underhanded Strike+1"],"picked":"SKIP","floor":29.0},{"not_picked":["Acrobatics","Poisoned Stab"],"picked":"Blade Dance+1","floor":31.0},{"not_picked":["Unload","ReplayTheSpireMod:Necrosis"],"picked":"Phantasmal Killer","floor":33.0},{"not_picked":["Setup","ReplayTheSpireMod:Speed Training"],"picked":"Cloak And Dagger+1","floor":34},{"not_picked":["Outmaneuver","ReplayTheSpireMod:Speed Training+1"],"picked":"Backflip+1","floor":35},{"not_picked":["Acrobatics+1","Underhanded Strike+1","Eviscerate+1"],"picked":"SKIP","floor":39},{"not_picked":["Riddle With Holes+1","Acrobatics","Deadly Poison"],"picked":"SKIP","floor":42},{"not_picked":["Dagger Spray+1","Sucker Punch+1"],"picked":"ReplayTheSpireMod:Shiv Toss","floor":45},{"not_picked":["Outmaneuver+1","Underhanded Strike+1","Acrobatics"],"picked":"SKIP","floor":46},{"not_picked":["Outmaneuver+1","Underhanded Strike+1","Acrobatics"],"picked":"SKIP","floor":46},{"not_picked":["ReplayTheSpireMod:Exploit Weakness","Caltrops","Underhanded Strike+1"],"picked":"SKIP","floor":47},{"not_picked":["Acrobatics+1","Sucker Punch+1","Prepared"],"picked":"SKIP","floor":48}],"player_experience":40216,"relics_obtained":[{"floor":6.0,"key":"DemoMod:ResourcefulSack"},{"floor":9.0,"key":"Omamori"},{"floor":12.0,"key":"Bronze Scales"},{"floor":14.0,"key":"aspiration:HiddenCompartment"},{"floor":26.0,"key":"Toy Ornithopter"},{"floor":31.0,"key":"Replay:Wax Seal"},{"floor":38,"key":"infinitespire:Eraser"},{"floor":41,"key":"RetroEgg"},{"floor":42,"key":"DemoMod:MemoryAlloy"},{"floor":43,"key":"infinitespire:WardingShard"},{"floor":47,"key":"Onion Ring"}],"event_choices":[{"damage_healed":0.0,"max_hp_gain":0.0,"max_hp_loss":0.0,"gold_gain":0.0,"event_name":"Golden Idol","player_choice":"Take Damage","floor":2.0,"gold_loss":0.0,"damage_taken":17.0,"relics_obtained":["Golden Idol"]},{"damage_healed":0.0,"max_hp_gain":0.0,"max_hp_loss":0.0,"gold_gain":0.0,"event_name":"WeMeetAgain","player_choice":"Gave Potion","floor":4.0,"gold_loss":0.0,"damage_taken":0.0,"relics_obtained":["ShockBauble"]},{"damage_healed":0.0,"max_hp_gain":0.0,"max_hp_loss":0.0,"gold_gain":0.0,"event_name":"Accursed Blacksmith","player_choice":"Forge","floor":22.0,"gold_loss":0.0,"damage_taken":0.0,"cards_upgraded":["Replay:Fractal Strike"]},{"damage_healed":0,"gold_gain":0,"player_choice":"Max HP","damage_taken":0,"max_hp_gain":0,"max_hp_loss":4,"event_name":"Winding Halls","floor":36,"gold_loss":0}],"is_beta":false,"boss_relics":[{"not_picked":["SacredBark","Replay:Drink Me"],"picked":"Kintsugi"},{"not_picked":["infinitespire:Cupcake","hubris:TerracottaHorce"],"picked":"Tiny House"}],"items_purged_floors":[37],"is_endless":false,"potions_floor_spawned":[1,11,12,14,16,19,21,24,27,35,39,45],"ascension_level":1}}