{"host":"4cz9gr89nglr7k8k","time":1609200717,"event":{"mods":["BaseMod","Minty Spire (QoL Compilation)","Relic Stats","Slay-I"],"gold_per_floor":[115,115,128,203,222,222,222,222,222,258,106,106,125,140,140,233,233,257,257,257,269,14,45,68,68,68,18,18,0,23,56,56,56,56],"floor_reached":33,"playtime":4500,"items_purged":["Writhe"],"score":548,"play_id":"34e972ad-bc73-435a-afe3-58931974a39f","local_time":"20201229011157","is_ascension_mode":true,"campfire_choices":[{"data":"Sweeping Beam","floor":6,"key":"SMITH"},{"floor":12,"key":"REST"},{"floor":15,"key":"REST"},{"floor":25,"key":"REST"},{"floor":32,"key":"REST"}],"circlet_count":0,"master_deck":["AscendersBane","Strike_B+1","Strike_B+1","Strike_B+1","Strike_B+1","Defend_B+1","Defend_B+1","Defend_B+1","Defend_B+1","Zap","Dualcast","Sweeping Beam+1","Beam Cell","Sweeping Beam","Zap","Machine Learning","Reinforced Body","Creative AI","Undo","Redo","Rainbow","Static Discharge","Gash","Ball Lightning","Cold Snap","Injury","Gash","Static Discharge","Defragment"],"relics":["Cracked Core","NeowsBlessing","Golden Idol","TungstenRod","Orichalcum","Cursed Key","MawBank","Bronze Scales","PreservedInsect","Pear","Thread and Needle"],"acts_visited":["Exordium","TheCity"],"potions_floor_usage":[10,10,16,23,31,31,33],"damage_taken":[{"damage":0,"enemies":"Small Slimes","floor":1,"turns":1},{"damage":0,"enemies":"Jaw Worm","floor":3,"turns":1},{"damage":0,"enemies":"2 Louse","floor":5,"turns":1},{"damage":26,"enemies":"Gremlin Nob","floor":10,"turns":4},{"damage":16,"enemies":"Lots of Slimes","floor":13,"turns":3},{"damage":0,"enemies":"3 Louse","floor":14,"turns":4},{"damage":12,"enemies":"Hexaghost","floor":16,"turns":13},{"damage":25,"enemies":"Shell Parasite","floor":18,"turns":6},{"damage":26,"enemies":"Book of Stabbing","floor":23,"turns":6},{"damage":0,"enemies":"Spheric Guardian","floor":24,"turns":3},{"damage":7,"enemies":"Snecko","floor":30,"turns":5},{"damage":14,"enemies":"Gremlin Leader","floor":31,"turns":6},{"damage":43,"enemies":"Champ","floor":33,"turns":13}],"seed_played":"-5927741366982211059","potions_obtained":[{"floor":1,"key":"EssenceOfSteel"},{"floor":5,"key":"SkillPotion"},{"floor":14,"key":"DistilledChaos"},{"floor":16,"key":"Explosive Potion"},{"floor":18,"key":"Dexterity Potion"},{"floor":23,"key":"SkillPotion"},{"floor":31,"key":"Ancient Potion"}],"is_trial":false,"path_per_floor":["M","?","M","?","M","R","?","?","T","E","$","R","M","M","R","B",null,"M","?","?","?","$","E","M","R","T","$","$","?","M","E","R","B"],"character_chosen":"DEFECT","items_purchased":["Creative AI","Bronze Scales","Gash","Gash"],"campfire_rested":4,"item_purchase_floors":[11,22,22,27],"current_hp_per_floor":[64,64,64,53,53,53,29,29,29,3,3,24,8,8,29,17,58,33,33,33,33,33,7,7,28,38,38,38,38,31,17,41,0,0],"gold":56,"neow_bonus":"THREE_ENEMY_KILL","is_daily":false,"chose_seed":false,"campfire_upgraded":1,"win_rate":0.0,"timestamp":1609200717,"path_taken":["M","?","M","?","M","R","?","?","T","E","$","R","?","M","R","BOSS","M","?","?","?","$","E","M","R","T","?","$","?","?","E","R","BOSS"],"items_purchased_type":["Card","Relic","Card","Card"],"build_version":"2020-12-22","purchased_purges":1,"victory":false,"max_hp_per_floor":[71,71,71,71,71,71,71,71,71,71,71,71,71,71,71,71,71,71,71,71,71,71,71,71,71,81,81,81,81,81,81,81,81,81],"relic_stats":{"counters":[13,66],"Golden Idol":61,"Bronze Scales":[105],"PreservedInsect":51,"Orichalcum":[120],"Cursed Key":1,"MawBank":24,"obtain_stats":[{"Pear":26,"NeowsBlessing":0,"Golden Idol":7,"Bronze Scales":22,"Thread and Needle":31,"PreservedInsect":23,"Orichalcum":10,"Cracked Core":0,"Cursed Key":17,"MawBank":20,"TungstenRod":9},{"Pear":10,"NeowsBlessing":0,"Golden Idol":3,"Bronze Scales":8,"Thread and Needle":12,"PreservedInsect":9,"Orichalcum":4,"Cracked Core":0,"Cursed Key":7,"MawBank":8,"TungstenRod":3},{"Pear":42,"NeowsBlessing":0,"Golden Idol":3,"Bronze Scales":33,"Thread and Needle":53,"PreservedInsect":39,"Orichalcum":7,"Cracked Core":0,"Cursed Key":27,"MawBank":33,"TungstenRod":3}],"TungstenRod":31},"card_choices":[{"not_picked":["Reprogram","Go for the Eyes"],"picked":"Sweeping Beam","floor":1},{"not_picked":["Steam Power","Steam"],"picked":"Beam Cell","floor":3},{"not_picked":["Leap","Scrape"],"picked":"Sweeping Beam","floor":5},{"not_picked":["Fission","Meteor Strike"],"picked":"Reinforced Body","floor":10},{"not_picked":["Compile Driver","Tempest"],"picked":"Undo","floor":13},{"not_picked":["Barrage","Steam Power"],"picked":"Redo","floor":14},{"not_picked":["Multi-Cast","Hyperbeam"],"picked":"Rainbow","floor":16},{"not_picked":["Coolheaded","Hologram"],"picked":"Static Discharge","floor":18},{"not_picked":["Recycle","Cold Snap"],"picked":"Ball Lightning","floor":23},{"not_picked":["Melter","Conserve Battery"],"picked":"Cold Snap","floor":24},{"not_picked":["Meteor Strike","Redo"],"picked":"Static Discharge","floor":30},{"not_picked":["Streamline","Chill"],"picked":"Defragment","floor":31}],"player_experience":1460854,"relics_obtained":[{"floor":9,"key":"TungstenRod"},{"floor":10,"key":"Orichalcum"},{"floor":23,"key":"PreservedInsect"},{"floor":26,"key":"Pear"},{"floor":31,"key":"Thread and Needle"}],"event_choices":[{"damage_healed":0,"gold_gain":0,"player_choice":"Leave","damage_taken":0,"max_hp_gain":0,"max_hp_loss":0,"event_name":"The Cleric","floor":2,"gold_loss":0},{"damage_healed":0,"gold_gain":75,"player_choice":"Gather Gold","damage_taken":11,"max_hp_gain":0,"max_hp_loss":0,"event_name":"World of Goop","floor":4,"gold_loss":0},{"damage_healed":0,"gold_gain":0,"player_choice":"Take Damage","damage_taken":24,"relics_obtained":["Golden Idol"],"max_hp_gain":0,"max_hp_loss":0,"event_name":"Golden Idol","floor":7,"gold_loss":0},{"damage_healed":0,"gold_gain":0,"player_choice":"2 cards matched","damage_taken":0,"max_hp_gain":0,"max_hp_loss":0,"event_name":"Match and Keep!","floor":8,"gold_loss":0,"cards_obtained":["Zap","Machine Learning"]},{"damage_healed":0,"gold_gain":0,"player_choice":"Simplicity","damage_taken":0,"max_hp_gain":0,"max_hp_loss":0,"event_name":"Back to Basics","floor":19,"gold_loss":0,"cards_upgraded":["Strike_B","Strike_B","Strike_B","Strike_B","Defend_B","Defend_B","Defend_B","Defend_B"]},{"damage_healed":0,"gold_gain":0,"player_choice":"Opened","damage_taken":0,"relics_obtained":["MawBank"],"max_hp_gain":0,"max_hp_loss":0,"event_name":"The Mausoleum","floor":20,"gold_loss":0,"cards_obtained":["Writhe"]},{"damage_healed":0,"gold_gain":0,"player_choice":"Ignored","damage_taken":0,"max_hp_gain":0,"max_hp_loss":0,"event_name":"Ghosts","floor":21,"gold_loss":0},{"damage_healed":0,"gold_gain":0,"player_choice":"Paid Fearfully","damage_taken":0,"max_hp_gain":0,"max_hp_loss":0,"event_name":"Masked Bandits","floor":29,"gold_loss":18}],"is_beta":false,"boss_relics":[{"not_picked":["Empty Cage","SlaversCollar"],"picked":"Cursed Key"}],"items_purged_floors":[22],"is_endless":false,"potions_floor_spawned":[1,5,14,16,18,23,31],"killed_by":"Champ","ascension_level":19}}