{"host":"202rh853cfmsp27s","time":1609230823,"event":{"mods":["2.2 Compatiblity","AchievementEnabler","BaseMod","Bestiary","Better Altar","Better Match","Better Note","Better Sensory Stone","Better Skull","Better Third Choice","Better Vampires","BetterRewards","Colored Map","Colored Powertips","Curses Come First","Decade(???)","DeckTracker","Displayed Cursed Tome","Downfall","GifTheSpireLib","Gold Saver","Googly Eyes","Gremlin Mod","Hermit","Highlight Path","Infinite Spire","Minty Spire (QoL Compilation)","Permanent Neow","Random Character Button","Rare Cards Sparkle","Relic Stats","Replay The Spire","Robot Space Explorer","Shade Mod","Spicy Shops","StSLib","The Animator","The Bug Knight","The Caster","The Wild Card","Transform Curses","Unceasing Turn Reminder","??????REMEMod"],"gold_per_floor":[7579,7595,7794,7794,6281,6396,6409,6409,6434,6434,6464,6494,6513,6551,6551,6661,6661,6684,6644,6664,6680,6696,6730,6782,6820,6844,6769,6769,6769,6793,6815,6815,6916,6916,6927,6927,6955,6453,5367,5425,5456,5485,5564,5631,5631,5697,5697],"floor_reached":46,"playtime":3765,"items_purged":["Spreading Infection","Regret","Sickly"],"score":698,"play_id":"a4cdc61b-b26b-40f3-a125-5c14df9f82ac","local_time":"20201229013343","is_ascension_mode":false,"campfire_choices":[{"floor":8.0,"key":"REST"},{"data":"Eruption","floor":10.0,"key":"SMITH"},{"data":"Replay:Battleflow","floor":15.0,"key":"SMITH"},{"data":"Tantrum","floor":28.0,"key":"SMITH"},{"floor":45,"key":"REST"}],"circlet_count":0,"master_deck":["Strike_P","Strike_P","Defend_P","Defend_P","Defend_P","Eruption+1","Vigilance","PathToVictory","Evaluate","ReplayTheSpireMod:Splinters","Wallop","TalkToTheHand","Halt","InnerPeace+1","EmptyFist","Replay:Battleflow+1","Replay:Battleflow","JustLucky","Meditate","SashWhip","Tantrum+1","Devotion+1","REME_MusicOfDeath+1","FollowUp","FollowUp","Study+1","FlyingSleeves","CrushJoints","infinitespire:Collect+1","CutThroughFate","Replay:AtTheReady+1","Scrawl","PathToVictory","infinitespire:SealOfDarkness+","HollowMod:PogoStrike","DeusExMachina","ReplayTheSpireMod:??????????????????????","infinitespire:NeuralNetwork+1","Pride","Tantrum","LikeWater+1","EmptyFist","ClearTheMind+1","ConjureBlade","LessonLearned"],"relics":["HolyWater","REME_ComplimentaryCards","WingedGreaves","Boot","Replay:Multitool","Frozen Egg 2","Nunchaku","REME_ArchaeologicalTools","Toy Ornithopter","Replay:Rubber Ducky","infinitespire:EmpoweringShard","Incense Burner","Bag of Marbles","SacredBark","infinitespire:WardingShard","PreservedInsect","White Beast Statue","Anchor","Replay:Drink Me","Simple Rune","ReplayTheSpireMod:SealedPack","Replay:Baseball","Bottled Lightning","ReplayTheSpireMod:TigerMarble","Turnip","infinitespire:BottledMercury","Onion Ring","ReplayTheSpireMod:Shallot","Ancient Tea Set"],"acts_visited":["Exordium","TheCity","TheBeyond"],"potions_floor_usage":[41,42,44,46,46],"damage_taken":[{"damage":17.0,"enemies":"Jaw Worm","floor":1.0,"turns":2.0},{"damage":0.0,"enemies":"2 Louse","floor":2.0,"turns":2.0},{"damage":15.0,"enemies":"3 Sentries","floor":6.0,"turns":8.0},{"damage":7.0,"enemies":"infinitespire:Voidling","floor":7.0,"turns":3.0},{"damage":4.0,"enemies":"Lagavulin","floor":11.0,"turns":6.0},{"damage":0.0,"enemies":"Gremlin Nob","floor":12.0,"turns":4.0},{"damage":0.0,"enemies":"2 Fungi Beasts","floor":13.0,"turns":2.0},{"damage":24.0,"enemies":"Lagavulin","floor":14.0,"turns":5.0},{"damage":10.0,"enemies":"Hexaghost","floor":16.0,"turns":8.0},{"damage":22.0,"enemies":"3 Byrds","floor":18.0,"turns":4.0},{"damage":0.0,"enemies":"Chosen","floor":20.0,"turns":3.0},{"damage":0.0,"enemies":"Snecko","floor":21.0,"turns":3.0},{"damage":0.0,"enemies":"Sentry and Sphere","floor":22.0,"turns":3.0},{"damage":26.0,"enemies":"Nightmare","floor":23.0,"turns":7.0},{"damage":35.0,"enemies":"Gremlin Leader","floor":25.0,"turns":4.0},{"damage":0.0,"enemies":"Centurion and Healer","floor":30.0,"turns":5.0},{"damage":0.0,"enemies":"Snake Plant","floor":31.0,"turns":2.0},{"damage":39.0,"enemies":"Collector","floor":33.0,"turns":5.0},{"damage":0.0,"enemies":"Orb Walker","floor":35.0,"turns":2.0},{"damage":12,"enemies":"3 Darklings","floor":37,"turns":3},{"damage":0,"enemies":"Giant Head","floor":40,"turns":4},{"damage":0,"enemies":"Maw","floor":41,"turns":2},{"damage":5,"enemies":"Sphere and 2 Shapes","floor":42,"turns":4},{"damage":29,"enemies":"Nightmare","floor":44,"turns":6},{"damage":4,"enemies":"infinitespire:Three Voidlings","floor":46,"turns":4},{"damage":54,"enemies":"Nightmare_Alpha","floor":46,"turns":10}],"seed_played":"8798222307102264535","potions_obtained":[{"floor":2.0,"key":"DuplicationPotion"},{"floor":7.0,"key":"Strength Potion"},{"floor":13.0,"key":"Guardian:BlockOnCardUsePotion"},{"floor":19.0,"key":"Regen Potion"},{"floor":30.0,"key":"Toxic Potion"},{"floor":31.0,"key":"Strength Potion"},{"floor":33.0,"key":"champ:CounterPotion"},{"floor":35.0,"key":"AttackPotion"},{"floor":37,"key":"Ancient Potion"},{"floor":40,"key":"BottledMiracle"},{"floor":41,"key":"PowerPotion"},{"floor":42,"key":"SpeedPotion"}],"is_trial":false,"path_per_floor":["M","M","?","?","$","E","M","R","T","R","E","E","M","E","R","B",null,"M","?","M","M","M","NM","T","E","T","?","R","AVR","M","M","R","B",null,"M","AVR","M","?","$","E","M","M","T","NM","R","?"],"character_chosen":"WATCHER","items_purchased":["Replay:Multitool","Frozen Egg 2","Nunchaku","TalkToTheHand","Halt","InnerPeace","REME_ArchaeologicalTools","BottledMiracle","FearPotion","Bottled Lightning","ReplayTheSpireMod:TigerMarble","Turnip","infinitespire:BottledMercury","Tantrum","LikeWater+1"],"campfire_rested":2,"item_purchase_floors":[5,5,5,5,5,5,5,5,5,39,39,39,39,39,39],"current_hp_per_floor":[55,55,55,55,55,40,33,54,54,54,50,50,50,26,26,16,72,50,50,50,50,50,51,51,21,21,21,21,21,21,26,42,13,54,54,54,42,42,42,42,47,47,47,23,39,0,0],"gold":5697,"neow_bonus":"ONE_RARE_RELIC","is_daily":false,"chose_seed":false,"campfire_upgraded":3,"win_rate":0.0,"timestamp":1609230823,"path_taken":["M","M","?","?","?","E","M","R","T","R","E","E","?","E","R","BOSS","M","?","M","M","M","NM","?","E","T","?","R","AVR","?","M","R","BOSS","M","AVR","M","?","$","E","M","M","T","NM","R","?"],"items_purchased_type":["Relic","Relic","Relic","Card","Card","Card","Relic","Potion","Potion","Relic","Relic","Relic","Relic","Card","Card"],"build_version":"2020-12-22","purchased_purges":3,"victory":false,"max_hp_per_floor":[72,72,72,72,72,72,72,72,72,72,72,72,72,72,72,72,72,72,72,72,72,72,72,72,72,72,72,72,54,54,54,54,54,54,54,54,54,54,54,54,54,54,54,54,54,54,54],"relic_stats":{"Nunchaku":[27],"counters":[26,111],"PreservedInsect":377,"Turnip":[8],"Boot":[53],"obtain_stats":[{"infinitespire:BottledMercury":39,"SacredBark":17,"Replay:Multitool":5,"Incense Burner":12,"Boot":4,"Ancient Tea Set":44,"Replay:Rubber Ducky":9,"Nunchaku":5,"WingedGreaves":0,"REME_ArchaeologicalTools":5,"Replay:Drink Me":29,"PreservedInsect":24,"ReplayTheSpireMod:SealedPack":36,"Frozen Egg 2":5,"White Beast Statue":25,"Anchor":26,"Replay:Baseball":36,"infinitespire:WardingShard":23,"ReplayTheSpireMod:Shallot":43,"HolyWater":34,"Simple Rune":29,"Onion Ring":40,"Turnip":39,"infinitespire:EmpoweringShard":11,"Bag of Marbles":14,"ReplayTheSpireMod:TigerMarble":39,"Bottled Lightning":39,"PureWater":0,"Toy Ornithopter":6,"REME_ComplimentaryCards":0},{"infinitespire:BottledMercury":20,"SacredBark":9,"Replay:Multitool":2,"Incense Burner":6,"Boot":2,"Ancient Tea Set":24,"Replay:Rubber Ducky":4,"Nunchaku":2,"WingedGreaves":0,"REME_ArchaeologicalTools":2,"Replay:Drink Me":15,"PreservedInsect":14,"ReplayTheSpireMod:SealedPack":19,"Frozen Egg 2":2,"White Beast Statue":15,"Anchor":15,"Replay:Baseball":19,"infinitespire:WardingShard":14,"ReplayTheSpireMod:Shallot":23,"HolyWater":18,"Simple Rune":15,"Onion Ring":21,"Turnip":20,"infinitespire:EmpoweringShard":5,"Bag of Marbles":8,"ReplayTheSpireMod:TigerMarble":20,"Bottled Lightning":20,"PureWater":0,"Toy Ornithopter":3,"REME_ComplimentaryCards":0},{"infinitespire:BottledMercury":81,"SacredBark":40,"Replay:Multitool":4,"Incense Burner":25,"Boot":4,"Ancient Tea Set":97,"Replay:Rubber Ducky":15,"Nunchaku":4,"WingedGreaves":0,"REME_ArchaeologicalTools":4,"Replay:Drink Me":64,"PreservedInsect":60,"ReplayTheSpireMod:SealedPack":78,"Frozen Egg 2":4,"White Beast Statue":64,"Anchor":64,"Replay:Baseball":78,"infinitespire:WardingShard":60,"ReplayTheSpireMod:Shallot":91,"HolyWater":76,"Simple Rune":64,"Onion Ring":85,"Turnip":81,"infinitespire:EmpoweringShard":21,"Bag of Marbles":32,"ReplayTheSpireMod:TigerMarble":81,"Bottled Lightning":81,"PureWater":0,"Toy Ornithopter":12,"REME_ComplimentaryCards":0}],"Toy Ornithopter":50},"card_choices":[{"not_picked":["Protect","Consecrate"],"picked":"PathToVictory","floor":1.0},{"not_picked":["Prostrate","Replay:BluntJabs"],"picked":"Evaluate","floor":2.0},{"not_picked":["SignatureMove","Vengeance"],"picked":"Wallop","floor":3.0},{"not_picked":["Prostrate","Crescendo"],"picked":"EmptyFist","floor":6.0},{"not_picked":["Halt","SignatureMove"],"picked":"Replay:Battleflow","floor":7.0},{"not_picked":["SashWhip","WaveOfTheHand"],"picked":"JustLucky","floor":11.0},{"not_picked":["ClearTheMind","REME_WorshipGod"],"picked":"Meditate","floor":12.0},{"not_picked":["REME_Repentance","CarveReality"],"picked":"SashWhip","floor":13.0},{"not_picked":["Replay:ManipulateFuture","PathToVictory"],"picked":"Tantrum","floor":14.0},{"not_picked":["MasterReality+1","Brilliance"],"picked":"Devotion+1","floor":16.0},{"not_picked":["Consecrate","Nirvana+1"],"picked":"REME_MusicOfDeath+1","floor":18.0},{"not_picked":["CutThroughFate","REME_Repentance"],"picked":"FollowUp","floor":20.0},{"not_picked":["REME_MusicOfDeath+1","ClearTheMind"],"picked":"FollowUp","floor":21.0},{"not_picked":["Replay:LoomingThreat+1","DeceiveReality"],"picked":"Study+1","floor":22.0},{"not_picked":["REME_EmptyShield","BowlingBash"],"picked":"FlyingSleeves","floor":23.0},{"not_picked":["WheelKick","Meditate"],"picked":"CrushJoints","floor":25.0},{"not_picked":["FlyingSleeves","BowlingBash+1"],"picked":"CutThroughFate","floor":30.0},{"not_picked":["Replay:Anticipation","Replay:DivineShield"],"picked":"Replay:AtTheReady+1","floor":31.0},{"not_picked":["Replay:LoomingThreat+1","Vault"],"picked":"Scrawl","floor":33.0},{"not_picked":["JustLucky","Halt"],"picked":"PathToVictory","floor":35.0},{"not_picked":["caster:Meteor","Shade:AnimateDead"],"picked":"HollowMod:PogoStrike","floor":36.0},{"not_picked":["REME_EmptyShield","Judgement"],"picked":"DeusExMachina","floor":36.0},{"not_picked":["infinitespire:SevenWalls","infinitespire:DeathsTouch"],"picked":"ReplayTheSpireMod:??????????????????????","floor":36.0},{"not_picked":["Replay:DivineShield","FlyingSleeves+1","SashWhip"],"picked":"SKIP","floor":37},{"not_picked":["ReplayTheSpireMod:Chaos Vortex","ReplayTheSpireMod:Echoes of Time"],"picked":"infinitespire:NeuralNetwork","floor":38},{"not_picked":["Replay:ManipulateFuture+1","ThirdEye+1"],"picked":"EmptyFist","floor":40},{"not_picked":["DeceiveReality","ThirdEye+1"],"picked":"ClearTheMind+1","floor":41},{"not_picked":["Replay:ManipulateFuture+1","SandsOfTime"],"picked":"ConjureBlade","floor":42},{"not_picked":["CrushJoints+1","Vengeance+1"],"picked":"LessonLearned","floor":44}],"player_experience":131344,"relics_obtained":[{"floor":6.0,"key":"Toy Ornithopter"},{"floor":9.0,"key":"Replay:Rubber Ducky"},{"floor":11.0,"key":"infinitespire:EmpoweringShard"},{"floor":12.0,"key":"Incense Burner"},{"floor":14.0,"key":"Bag of Marbles"},{"floor":23.0,"key":"infinitespire:WardingShard"},{"floor":24.0,"key":"PreservedInsect"},{"floor":25.0,"key":"White Beast Statue"},{"floor":26.0,"key":"Anchor"},{"floor":40,"key":"Onion Ring"},{"floor":43,"key":"ReplayTheSpireMod:Shallot"},{"floor":44,"key":"Ancient Tea Set"}],"event_choices":[{"damage_healed":0.0,"max_hp_gain":0.0,"max_hp_loss":0.0,"gold_gain":0.0,"event_name":"Big Fish","player_choice":"Box","floor":4.0,"gold_loss":0.0,"damage_taken":0.0,"relics_obtained":["Boot"],"cards_obtained":["Regret"]},{"damage_healed":0.0,"max_hp_gain":0.0,"max_hp_loss":0.0,"gold_gain":0.0,"event_name":"The Woman in Blue","player_choice":"Bought 3 Potions","floor":19.0,"gold_loss":0.0,"damage_taken":0.0},{"damage_healed":0.0,"max_hp_gain":0.0,"max_hp_loss":0.0,"gold_gain":0.0,"event_name":"betterMatch:BetterMatch","player_choice":"3","floor":27.0,"gold_loss":0.0,"damage_taken":0.0,"cards_obtained":[]}],"is_beta":false,"boss_relics":[{"not_picked":["Replay:Wanted Poster","Empty Cage"],"picked":"SacredBark"},{"not_picked":["REME_DemonsWealth","Pandora\u0027s Box"],"picked":"HolyWater"}],"items_purged_floors":[5,5,39],"is_endless":true,"potions_floor_spawned":[2,7,12,13,21,30,31,33,35,37,40,41,42,46],"killed_by":"Nightmare_Alpha","ascension_level":0}}