{"host":"kh6fvhxn285ncg0o","time":1609247720,"event":{"mods":["Act Like it!","BaseMod","Colored Map","Friendly Minions","Keyboard Shortcuts","Minty Spire (QoL Compilation)","Quick Restart","Relic Stats","StSLib","SuperFastMode"],"gold_per_floor":[360,360,380,57,57,57,86,86,167,167,182,216,72,96,96,178,241,262,205,224,49,66,96,96,139,139,172,197,197,224,224,224,299,299,324,376,393,393,100,128,153,181,181,193,206,215,215,250,250,250,250,250,250,3,31,31],"floor_reached":57,"playtime":2437,"items_purged":["Strike_R","Hemokinesis","Hemokinesis","Sword Boomerang"],"score":3744,"play_id":"b262657b-312b-4777-ba65-f7f268218465","local_time":"20201229221520","is_ascension_mode":true,"campfire_choices":[{"data":"Sever Soul","floor":6.0,"key":"SMITH"},{"data":"Bash","floor":8.0,"key":"SMITH"},{"data":"Pommel Strike","floor":15.0,"key":"SMITH"},{"data":"Burning Pact","floor":24.0,"key":"SMITH"},{"data":"Dark Embrace","floor":29.0,"key":"SMITH"},{"data":"Rage","floor":32.0,"key":"SMITH"},{"floor":47.0,"key":"RECALL"},{"data":"Feed","floor":49.0,"key":"SMITH"},{"data":"Sentinel","floor":53.0,"key":"SMITH"}],"circlet_count":0,"master_deck":["AscendersBane","Bash+1","Pommel Strike+1","Sever Soul+1","Dark Embrace+1","Offering","Sentinel+1","Battle Trance","Inflame","Feel No Pain","Offering","Burning Pact+1","Rage+1","Shrug It Off","Evolve","Pommel Strike+1","Feed+1"],"relics":["Burning Blood","Akabeko","OrangePellets","Matryoshka","CeramicFish","Sundial","Eternal Feather","Juzu Bracelet","Centennial Puzzle","Ginger","Orichalcum","InkBottle","Bronze Scales","Blood Vial","Nloth\u0027s Gift","SacredBark","Mango","Potion Belt","Lantern","Charon\u0027s Ashes","Red Skull","Omamori","Boot","Membership Card","FossilizedHelix"],"acts_visited":["TheCity","TheBeyond","TheEnding"],"potions_floor_usage":[56,56,56,56],"damage_taken":[{"damage":5.0,"enemies":"2 Louse","floor":1.0,"turns":4.0},{"damage":7.0,"enemies":"Small Slimes","floor":3.0,"turns":4.0},{"damage":32.0,"enemies":"Gremlin Nob","floor":7.0,"turns":4.0},{"damage":2.0,"enemies":"Jaw Worm","floor":11.0,"turns":3.0},{"damage":35.0,"enemies":"Lagavulin","floor":12.0,"turns":6.0},{"damage":12.0,"enemies":"Slime Boss","floor":16.0,"turns":6.0},{"damage":12.0,"enemies":"3 Byrds","floor":18.0,"turns":4.0},{"damage":6.0,"enemies":"Shell Parasite","floor":20.0,"turns":1.0},{"damage":6.0,"enemies":"3 Cultists","floor":22.0,"turns":2.0},{"damage":6.0,"enemies":"Gremlin Leader","floor":23.0,"turns":1.0},{"damage":12.0,"enemies":"Slavers","floor":25.0,"turns":1.0},{"damage":6.0,"enemies":"Book of Stabbing","floor":27.0,"turns":1.0},{"damage":6.0,"enemies":"Snake Plant","floor":28.0,"turns":2.0},{"damage":6.0,"enemies":"Slavers","floor":30.0,"turns":2.0},{"damage":6.0,"enemies":"Collector","floor":33.0,"turns":1.0},{"damage":6.0,"enemies":"Orb Walker","floor":35.0,"turns":2.0},{"damage":6.0,"enemies":"2 Orb Walkers","floor":36.0,"turns":1.0},{"damage":6.0,"enemies":"3 Shapes","floor":37.0,"turns":3.0},{"damage":6.0,"enemies":"Giant Head","floor":40.0,"turns":1.0},{"damage":6.0,"enemies":"Mind Bloom Boss Battle","floor":41.0,"turns":1.0},{"damage":12.0,"enemies":"Reptomancer","floor":42.0,"turns":1.0},{"damage":14.0,"enemies":"Jaw Worm Horde","floor":44.0,"turns":2.0},{"damage":6.0,"enemies":"Writhing Mass","floor":45.0,"turns":1.0},{"damage":6.0,"enemies":"Nemesis","floor":48.0,"turns":1.0},{"damage":12.0,"enemies":"Awakened One","floor":50.0,"turns":4.0},{"damage":45.0,"enemies":"Time Eater","floor":51.0,"turns":5.0},{"damage":6.0,"enemies":"Shield and Spear","floor":55.0,"turns":1.0},{"damage":6,"enemies":"The Heart","floor":56,"turns":5}],"seed_played":"-310022722961299320","potions_obtained":[{"floor":11.0,"key":"BlessingOfTheForge"},{"floor":12.0,"key":"SpeedPotion"},{"floor":23.0,"key":"AttackPotion"},{"floor":27.0,"key":"HeartOfIron"},{"floor":30.0,"key":"Dexterity Potion"},{"floor":37.0,"key":"Strength Potion"},{"floor":44.0,"key":"LiquidBronze"},{"floor":48.0,"key":"ColorlessPotion"}],"is_trial":false,"path_per_floor":["M","?","M","$","?","R","E","R","T","?","M","E","$","T","R","B",null,"M","?","M","$","M","E","R","E","T","E","M","R","E","?","R","B",null,"M","?","M","?","$","E","?","E","T","M","M","?","R","E","R","B","B",null,"R","$","E","B",null],"character_chosen":"IRONCLAD","items_purchased":["Akabeko","OrangePellets","Dark Embrace","Burning Pact","Potion Belt","Membership Card"],"campfire_rested":0,"item_purchase_floors":[4,4,13,21,39,54],"current_hp_per_floor":[68,73,72,72,65,65,39,39,39,34,38,9,9,9,15,9,57,51,51,51,51,51,51,57,51,51,51,51,60,60,60,69,71,73,73,87,87,87,87,87,87,81,81,75,77,77,86,87,87,85,52,84,93,93,99,99],"gold":31,"neow_bonus":"TWO_FIFTY_GOLD","is_daily":false,"chose_seed":false,"campfire_upgraded":8,"win_rate":0.0,"timestamp":1609247720,"path_taken":["M","?","M","$","?","R","E","R","T","?","M","E","?","?","R","BOSS","M","?","M","$","M","E","R","E","T","E","M","R","E","?","R","BOSS","M","?","M","?","$","E","?","E","T","M","M","?","R","E","R","BOSS","BOSS","R","$","E","BOSS"],"items_purchased_type":["Relic","Relic","Card","Card","Relic","Relic"],"build_version":"2020-12-22","purchased_purges":4,"victory":true,"max_hp_per_floor":[68,73,73,73,73,73,73,73,73,73,73,73,73,73,73,73,73,73,73,73,73,73,73,73,73,73,73,73,73,73,73,73,73,73,73,87,87,87,87,87,87,87,87,87,87,87,87,87,87,91,95,95,95,95,99,99],"relic_stats":{"counters":[28,70],"CeramicFish":162,"Eternal Feather":48,"Charon\u0027s Ashes":[298],"Juzu Bracelet":3,"Ginger":[3],"Orichalcum":[0],"Boot":[5],"Burning Blood":167,"Blood Vial":11,"OrangePellets":[19],"Centennial Puzzle":[68],"Sundial":[528],"Bronze Scales":[111],"Nloth\u0027s Gift":2,"obtain_stats":[{"Lantern":40,"CeramicFish":9,"SacredBark":34,"Mango":36,"Juzu Bracelet":12,"Ginger":23,"Boot":48,"Burning Blood":0,"Blood Vial":30,"Centennial Puzzle":14,"Matryoshka":7,"Sundial":9,"InkBottle":26,"Red Skull":42,"Potion Belt":39,"Eternal Feather":10,"Charon\u0027s Ashes":41,"Omamori":43,"Orichalcum":25,"Akabeko":4,"OrangePellets":4,"Bronze Scales":27,"Pandora\u0027s Box":17,"Nloth\u0027s Gift":31,"Membership Card":54,"FossilizedHelix":55},{"Lantern":19,"CeramicFish":3,"SacredBark":15,"Mango":17,"Juzu Bracelet":5,"Ginger":10,"Boot":24,"Burning Blood":0,"Blood Vial":14,"Centennial Puzzle":5,"Matryoshka":3,"Sundial":3,"InkBottle":11,"Red Skull":21,"Potion Belt":18,"Eternal Feather":3,"Charon\u0027s Ashes":20,"Omamori":21,"Orichalcum":11,"Akabeko":2,"OrangePellets":2,"Bronze Scales":12,"Pandora\u0027s Box":6,"Nloth\u0027s Gift":14,"Membership Card":26,"FossilizedHelix":27},{"Lantern":49,"CeramicFish":12,"SacredBark":42,"Mango":45,"Juzu Bracelet":21,"Ginger":35,"Boot":55,"Burning Blood":0,"Blood Vial":41,"Centennial Puzzle":21,"Matryoshka":12,"Sundial":12,"InkBottle":36,"Red Skull":51,"Potion Belt":48,"Eternal Feather":12,"Charon\u0027s Ashes":50,"Omamori":51,"Orichalcum":36,"Akabeko":8,"OrangePellets":8,"Bronze Scales":37,"Pandora\u0027s Box":27,"Nloth\u0027s Gift":41,"Membership Card":64,"FossilizedHelix":65}],"InkBottle":[16]},"card_choices":[{"not_picked":["Clash","Wild Strike"],"picked":"Pommel Strike","floor":1.0},{"not_picked":["Dual Wield","Perfected Strike"],"picked":"Sever Soul","floor":3.0},{"not_picked":["Iron Wave","Heavy Blade","Anger"],"picked":"SKIP","floor":7.0},{"not_picked":["Iron Wave","Body Slam","Metallicize"],"picked":"SKIP","floor":11.0},{"not_picked":["Perfected Strike","Pummel","Blood for Blood"],"picked":"SKIP","floor":12.0},{"not_picked":["Corruption","Immolate"],"picked":"Offering","floor":16.0},{"not_picked":["Sword Boomerang","Shrug It Off"],"picked":"Feel No Pain","floor":18.0},{"not_picked":["Whirlwind","Ghostly Armor+1","Armaments+1"],"picked":"SKIP","floor":20.0},{"not_picked":["Sword Boomerang","Headbutt","True Grit"],"picked":"SKIP","floor":22.0},{"not_picked":["Pommel Strike","Dual Wield","Clothesline"],"picked":"SKIP","floor":23.0},{"not_picked":["Pommel Strike","Dual Wield","Clothesline"],"picked":"SKIP","floor":23.0},{"not_picked":["Uppercut","Sentinel"],"picked":"Rage","floor":25.0},{"not_picked":["Feel No Pain","Battle Trance","Exhume"],"picked":"SKIP","floor":27.0},{"not_picked":["Disarm","Clothesline"],"picked":"Shrug It Off","floor":28.0},{"not_picked":["Heavy Blade+1","Intimidate","Shrug It Off+1"],"picked":"SKIP","floor":30.0},{"not_picked":["Warcry+1","Wild Strike"],"picked":"Evolve","floor":35.0},{"not_picked":["Double Tap","Anger","Intimidate"],"picked":"SKIP","floor":37.0},{"not_picked":["Perfected Strike","Headbutt","Rage"],"picked":"SKIP","floor":40.0},{"not_picked":["Offering","Pummel+1","Body Slam"],"picked":"SKIP","floor":42.0},{"not_picked":["Offering","Pummel+1","Body Slam"],"picked":"SKIP","floor":42.0},{"not_picked":["Offering","Pummel+1","Body Slam"],"picked":"SKIP","floor":42.0},{"not_picked":["Reckless Charge","Armaments","Rampage"],"picked":"SKIP","floor":44.0},{"not_picked":["True Grit","Flame Barrier","Wild Strike"],"picked":"SKIP","floor":45.0},{"not_picked":["Hemokinesis","Cleave"],"picked":"Feed","floor":48.0},{"not_picked":["Flex","Battle Trance+1","Sever Soul"],"picked":"SKIP","floor":55.0}],"player_experience":3307815,"relics_obtained":[{"floor":7.0,"key":"Matryoshka"},{"floor":9.0,"key":"CeramicFish"},{"floor":9.0,"key":"Sundial"},{"floor":12.0,"key":"Juzu Bracelet"},{"floor":14.0,"key":"Centennial Puzzle"},{"floor":23.0,"key":"Ginger"},{"floor":25.0,"key":"Orichalcum"},{"floor":26.0,"key":"InkBottle"},{"floor":27.0,"key":"Bronze Scales"},{"floor":30.0,"key":"Blood Vial"},{"floor":36.0,"key":"Mango"},{"floor":40.0,"key":"Lantern"},{"floor":41.0,"key":"Charon\u0027s Ashes"},{"floor":42.0,"key":"Red Skull"},{"floor":43.0,"key":"Omamori"},{"floor":48.0,"key":"Boot"},{"floor":55.0,"key":"FossilizedHelix"}],"event_choices":[{"damage_healed":0.0,"max_hp_gain":5.0,"max_hp_loss":0.0,"gold_gain":0.0,"event_name":"Big Fish","player_choice":"Donut","floor":2.0,"gold_loss":0.0,"damage_taken":0.0},{"cards_removed":["Strike_R"],"damage_healed":0.0,"max_hp_gain":0.0,"max_hp_loss":0.0,"gold_gain":0.0,"event_name":"Golden Wing","player_choice":"Card Removal","floor":5.0,"gold_loss":0.0,"damage_taken":7.0},{"damage_healed":0.0,"max_hp_gain":0.0,"max_hp_loss":0.0,"gold_gain":0.0,"event_name":"Scrap Ooze","player_choice":"Success","floor":10.0,"gold_loss":0.0,"damage_taken":5.0,"relics_obtained":["Eternal Feather"]},{"damage_healed":0.0,"max_hp_gain":0.0,"max_hp_loss":0.0,"gold_gain":0.0,"cards_transformed":["Searing Blow","Twin Strike"],"event_name":"Designer","player_choice":"Transformed Cards","floor":19.0,"gold_loss":75.0,"damage_taken":0.0,"cards_obtained":["Offering","Hemokinesis"]},{"damage_healed":0.0,"max_hp_gain":0.0,"max_hp_loss":0.0,"gold_gain":0.0,"event_name":"N\u0027loth","player_choice":"Traded Relic","floor":31.0,"relics_lost":["Pandora\u0027s Box"],"gold_loss":0.0,"damage_taken":0.0,"relics_obtained":["Nloth\u0027s Gift"]},{"damage_healed":0.0,"max_hp_gain":0.0,"max_hp_loss":0.0,"gold_gain":0.0,"event_name":"Mysterious Sphere","player_choice":"Fight","floor":36.0,"gold_loss":0.0,"damage_taken":0.0},{"damage_healed":0.0,"max_hp_gain":0.0,"max_hp_loss":0.0,"gold_gain":0.0,"event_name":"Tomb of Lord Red Mask","player_choice":"Ignored","floor":38.0,"gold_loss":0.0,"damage_taken":0.0},{"damage_healed":0.0,"max_hp_gain":0.0,"max_hp_loss":0.0,"gold_gain":0.0,"event_name":"MindBloom","player_choice":"Fight","floor":41.0,"gold_loss":0.0,"damage_taken":0.0},{"damage_healed":0.0,"max_hp_gain":0.0,"max_hp_loss":0.0,"gold_gain":0.0,"event_name":"Duplicator","player_choice":"Copied","floor":46.0,"gold_loss":0.0,"damage_taken":0.0,"cards_obtained":["Pommel Strike"]}],"is_beta":false,"boss_relics":[{"not_picked":["Velvet Choker","Cursed Key"],"picked":"Pandora\u0027s Box"},{"not_picked":["Snecko Eye","Black Blood"],"picked":"SacredBark"}],"items_purged_floors":[13,21,39,54],"is_endless":false,"potions_floor_spawned":[11,12,23,27,30,33,36,37,44,48],"ascension_level":20}}