{"host":"cm56dopeulr50jn0","time":1609277109,"event":{"mods":["BaseMod","Bestiary","Better Match","Better Third Choice","Downfall","Minty Spire (QoL Compilation)","Relic Stats","StSLib"],"gold_per_floor":[99,109,127,139,589,601,626,653,664,691,691,382,402,23,36,133,133,133,18,31,42,61,61,61,73,93,111,139,139,158,186,196,297,297,222,241,258,258,268,193,216,216,52,131,131,157,177,210,135,135],"floor_reached":51,"playtime":4913,"items_purged":["Slimebound:Icky","Slimebound:Icky","Slimebound:Icky"],"score":839,"play_id":"f8888638-dd77-4aca-82a1-c34da17284c8","local_time":"20201229132509","is_ascension_mode":true,"campfire_choices":[{"data":"champ:Taunt","floor":1.0,"key":"SMITH"},{"floor":11,"key":"REST"},{"data":"Apotheosis","floor":18,"key":"SMITH"},{"data":"champ:DefensiveStyle","floor":23,"key":"SMITH"},{"floor":29,"key":"REST"},{"floor":35,"key":"RECALL"},{"data":"champ:PerfectForm","floor":40,"key":"SMITH"},{"data":"champ:PerfectForm","floor":42,"key":"SMITH"},{"floor":49,"key":"REST"}],"circlet_count":0,"master_deck":["champ:Execute","champ:Taunt+1","champ:EnGarde","champ:Circumvent","champ:Haymaker","champ:HeavySlash","champ:DefensiveShout","champ:Circumvent","champ:ShieldWall","champ:DefensiveShout","champ:Control","champ:HoldFirm","champ:TornadoPunch","champ:FlashCut","Apotheosis+1","champ:DefensiveStyle+1","champ:SteelEdge","champ:Improvising","champ:PerfectForm+1","champ:PerfectForm+1","champ:Devastate","champ:StanceDance","champ:FocusedDefense","champ:RisingSlash","champ:DeathBlow","champ:RisingSlash","champ:CrookedStrike","champ:Backstep","champ:DefensiveStyle","champ:BringItOn","champ:DefensiveShout+1","champ:GladiatorsShout+1","champ:SkillfulDodge+1","champ:BringItOn+1","champ:MurderStrike+1","champ:ViciousMockery+1","champ:Circumvent+1","expansioncontent:LastStand","expansioncontent:DefensiveStance","champ:HoldFirm+1"],"relics":["Philosopher\u0027s Stone","Strawberry","Odd Mushroom","OrangePellets","Pandora\u0027s Box","Molten Egg 2","Toxic Egg 2","Red Mask","Snecko Eye","downfall:HeartBlessingBlue","downfall:HeartBlessingRed","Juzu Bracelet","Mercury Hourglass","Anchor","Lantern","downfall:HeartBlessingGreen"],"acts_visited":["Exordium","TheCity","TheBeyond"],"potions_floor_usage":[16,20,48],"damage_taken":[{"damage":6.0,"enemies":"Jaw Worm","floor":2.0,"turns":4.0},{"damage":5.0,"enemies":"2 Louse","floor":3.0,"turns":3.0},{"damage":5.0,"enemies":"Cultist","floor":4.0,"turns":4.0},{"damage":18.0,"enemies":"Gremlin Gang","floor":6.0,"turns":8.0},{"damage":40.0,"enemies":"Lagavulin","floor":8.0,"turns":9.0},{"damage":30.0,"enemies":"Lots of Slimes","floor":9.0,"turns":5.0},{"damage":24,"enemies":"The Mushroom Lair","floor":10,"turns":6},{"damage":0,"enemies":"downfall:FleeingMerchant","floor":12,"turns":4},{"damage":8,"enemies":"Blue Slaver","floor":13,"turns":4},{"damage":0,"enemies":"downfall:FleeingMerchant","floor":14,"turns":4},{"damage":13,"enemies":"Large Slime","floor":15,"turns":7},{"damage":7,"enemies":"downfall:Ironclad","floor":16,"turns":7},{"damage":34,"enemies":"downfall:FleeingMerchant","floor":19,"turns":4},{"damage":12,"enemies":"Shell Parasite","floor":20,"turns":4},{"damage":15,"enemies":"Snecko","floor":21,"turns":3},{"damage":2,"enemies":"3 Cultists","floor":22,"turns":4},{"damage":16,"enemies":"Snake Plant","floor":25,"turns":5},{"damage":0,"enemies":"Snecko","floor":26,"turns":4},{"damage":21,"enemies":"Chosen and Byrds","floor":27,"turns":5},{"damage":30,"enemies":"Book of Stabbing","floor":28,"turns":6},{"damage":2,"enemies":"Shelled Parasite and Fungi","floor":30,"turns":3},{"damage":0,"enemies":"Masked Bandits","floor":31,"turns":3},{"damage":0,"enemies":"Snecko","floor":32,"turns":4},{"damage":28,"enemies":"downfall:Silent","floor":33,"turns":9},{"damage":0,"enemies":"Orb Walker","floor":36,"turns":3},{"damage":16,"enemies":"3 Shapes","floor":37,"turns":4},{"damage":18,"enemies":"Maw","floor":39,"turns":6},{"damage":24,"enemies":"downfall:FleeingMerchant","floor":43,"turns":4},{"damage":24,"enemies":"3 Darklings","floor":47,"turns":3},{"damage":30,"enemies":"Giant Head","floor":48,"turns":10},{"damage":15,"enemies":"downfall:Watcher","floor":50,"turns":6}],"seed_played":"-4957141992391380895","potions_obtained":[{"floor":3.0,"key":"DuplicationPotion"},{"floor":6.0,"key":"CultistPotion"},{"floor":10,"key":"DistilledChaos"},{"floor":13,"key":"SteroidPotion"},{"floor":16,"key":"GamblersBrew"},{"floor":20,"key":"Regen Potion"}],"is_trial":false,"path_per_floor":["R","M","M","M","?","M","T","E","M","?","R","$","M","$","M","B",null,"R","$","M","M","M","R","T","M","M","M","E","R","M","?","M","B",null,"R","M","M","?","M","R","T","R","$","?","?","T","M","E","R","B",null],"character_chosen":"THE_CHAMP","items_purchased":["champ:Control","champ:HoldFirm","Apotheosis","OrangePellets","champ:DefensiveStyle","champ:Circumvent+1"],"campfire_rested":3,"item_purchase_floors":[12,12,14,14,14,43],"current_hp_per_floor":[90,89,89,89,89,81,81,53,28,4,33,33,30,30,30,23,97,97,78,76,76,74,74,74,58,58,46,36,65,63,63,63,35,97,107,107,94,94,94,94,94,94,94,94,89,89,65,61,93,93],"gold":135,"neow_bonus":"BOSS_RELIC","is_daily":false,"chose_seed":false,"campfire_upgraded":5,"win_rate":0.0,"timestamp":1609277109,"path_taken":["R","M","M","M","?","M","T","E","M","?","R","?","?","$","M","BOSS","R","$","M","M","M","R","T","M","?","M","E","R","?","?","M","BOSS","R","M","M","?","M","R","T","R","$","?","?","?","M","E","R","BOSS"],"items_purchased_type":["Card","Card","Card","Relic","Card","Card"],"build_version":"2020-12-22","purchased_purges":3,"victory":true,"max_hp_per_floor":[90,90,90,90,90,90,90,97,97,97,97,97,97,97,97,97,97,97,97,97,97,97,97,97,97,97,97,97,97,97,97,97,97,97,107,107,107,107,107,107,107,107,107,107,107,107,107,107,107,107],"relic_stats":{"OrangePellets":[13],"counters":[31,155],"Snecko Eye":[23,35,18,30],"Pandora\u0027s Box":["champ:PerfectForm","champ:PerfectForm","champ:Devastate","champ:StanceDance","champ:FocusedDefense","champ:RisingSlash","champ:DeathBlow","champ:RisingSlash"],"Juzu Bracelet":0,"obtain_stats":[{"Lantern":48,"downfall:HeartBlessingRed":40,"champ:ChampionCrown":0,"downfall:HeartBlessingGreen":49,"Juzu Bracelet":41,"Odd Mushroom":10,"Mercury Hourglass":44,"OrangePellets":14,"Anchor":46,"downfall:HeartBlessingBlue":35,"Strawberry":8,"Snecko Eye":34,"Philosopher\u0027s Stone":0,"Pandora\u0027s Box":17,"Molten Egg 2":24,"Red Mask":31,"Toxic Egg 2":28},{"Lantern":30,"downfall:HeartBlessingRed":27,"champ:ChampionCrown":0,"downfall:HeartBlessingGreen":30,"Juzu Bracelet":27,"Odd Mushroom":7,"Mercury Hourglass":28,"OrangePellets":10,"Anchor":28,"downfall:HeartBlessingBlue":24,"Strawberry":5,"Snecko Eye":24,"Philosopher\u0027s Stone":0,"Pandora\u0027s Box":12,"Molten Egg 2":16,"Red Mask":22,"Toxic Egg 2":20},{"Lantern":149,"downfall:HeartBlessingRed":132,"champ:ChampionCrown":0,"downfall:HeartBlessingGreen":149,"Juzu Bracelet":132,"Odd Mushroom":39,"Mercury Hourglass":136,"OrangePellets":51,"Anchor":136,"downfall:HeartBlessingBlue":119,"Strawberry":28,"Snecko Eye":119,"Philosopher\u0027s Stone":0,"Pandora\u0027s Box":65,"Molten Egg 2":80,"Red Mask":106,"Toxic Egg 2":100}],"Mercury Hourglass":[57]},"card_choices":[{"not_picked":["champ:Backstep","champ:CrookedStrike"],"picked":"champ:EnGarde","floor":2.0},{"not_picked":["champ:GladiatorsShout","champ:Backstep"],"picked":"champ:Circumvent","floor":3.0},{"not_picked":["champ:FocusedGladiator","champ:PreciseThrust"],"picked":"champ:Haymaker","floor":4.0},{"not_picked":["champ:BerserkerStyle","champ:RapidStrikes"],"picked":"champ:HeavySlash","floor":6.0},{"not_picked":["champ:Haymaker","champ:PreciseThrust"],"picked":"champ:DefensiveShout","floor":8.0},{"not_picked":["champ:PerfectedStrike","champ:AdrenalArmor"],"picked":"champ:Circumvent","floor":9.0},{"not_picked":["champ:CrookedStrike","champ:BringItOn"],"picked":"champ:ShieldWall","floor":10},{"not_picked":["champ:GutPunch","champ:PreciseThrust"],"picked":"champ:DefensiveShout","floor":12},{"not_picked":["champ:AdrenalArmor","champ:EndlessRage"],"picked":"champ:TornadoPunch","floor":13},{"not_picked":["champ:Circumvent","champ:Haymaker"],"picked":"champ:FlashCut","floor":14},{"not_picked":["champ:DeathBlow","champ:FlashCut"],"picked":"champ:SteelEdge","floor":15},{"not_picked":["champ:SwordThrow","champ:StrikeOfGenius"],"picked":"champ:Improvising","floor":16},{"not_picked":["champ:AdrenalArmor","champ:FaceSlap"],"picked":"champ:CrookedStrike","floor":19},{"not_picked":["champ:BladeFlurry","champ:GladiatorsShout"],"picked":"champ:Backstep","floor":20},{"not_picked":["champ:BladeFlurry+1","champ:FlashCut"],"picked":"champ:DefensiveStyle","floor":21},{"not_picked":["champ:GladiatorsShout+1","champ:FanOfKnives+1","champ:CrookedStrike"],"picked":"SKIP","floor":22},{"not_picked":["champ:Improvising","champ:BerserkersShout+1","champ:HeartStrike+1"],"picked":"SKIP","floor":25},{"not_picked":["champ:FocusedBerserking+1","champ:PerfectedStrike+1","champ:Haymaker+1"],"picked":"SKIP","floor":26},{"not_picked":["champ:BladeFlurry+1","champ:RecklessLeap+1"],"picked":"champ:BringItOn","floor":27},{"not_picked":["champ:FaceSlap+1","champ:Haymaker+1"],"picked":"champ:DefensiveShout+1","floor":28},{"not_picked":["champ:RecklessLeap+1","champ:Shatter+1"],"picked":"champ:GladiatorsShout+1","floor":30},{"not_picked":["champ:FanOfKnives+1","champ:Duel+1"],"picked":"champ:SkillfulDodge+1","floor":31},{"not_picked":["champ:DefensiveShout+1","champ:DeathBlow+1"],"picked":"champ:BringItOn+1","floor":32},{"not_picked":["champ:ShieldSlam+1","champ:VampiricStrike+1"],"picked":"champ:MurderStrike+1","floor":33},{"not_picked":["champ:Haymaker+1","champ:DefensiveShout+1","champ:BladeFlurry+1"],"picked":"SKIP","floor":36},{"not_picked":["champ:TornadoPunch+1","champ:BerserkerStyle+1"],"picked":"champ:ViciousMockery+1","floor":37},{"not_picked":["champ:GladiatorsShout+1","champ:CrownThrow+1","champ:StanceDance+1"],"picked":"SKIP","floor":39},{"not_picked":["champ:Shatter+1","champ:StanceDance+1","champ:Aggression+1"],"picked":"SKIP","floor":43},{"not_picked":["expansioncontent:GoopSpray+1","expansioncontent:GuardianWhirl+1"],"picked":"expansioncontent:LastStand","floor":45},{"not_picked":["expansioncontent:BronzeBeam+1","expansioncontent:LastStand"],"picked":"expansioncontent:DefensiveStance","floor":45},{"not_picked":["champ:FaceSlap+1","champ:GutPunch+1","champ:BringItOn+1"],"picked":"SKIP","floor":47},{"not_picked":["champ:EnragedBash+1","champ:TornadoPunch+1"],"picked":"champ:HoldFirm+1","floor":48}],"player_experience":1379484,"relics_obtained":[{"floor":8.0,"key":"Strawberry"},{"floor":10,"key":"Odd Mushroom"},{"floor":24,"key":"Molten Egg 2"},{"floor":28,"key":"Toxic Egg 2"},{"floor":31,"key":"Red Mask"},{"floor":41,"key":"Juzu Bracelet"},{"floor":44,"key":"Mercury Hourglass"},{"floor":46,"key":"Anchor"},{"floor":48,"key":"Lantern"}],"event_choices":[{"damage_healed":0,"gold_gain":0,"player_choice":"Fought Mushrooms","damage_taken":0,"max_hp_gain":0,"max_hp_loss":0,"event_name":"Mushrooms","floor":10,"gold_loss":0},{"damage_healed":0,"gold_gain":0,"player_choice":"Fought Bandits","damage_taken":0,"max_hp_gain":0,"max_hp_loss":0,"event_name":"Masked Bandits","floor":31,"gold_loss":0}],"is_beta":false,"boss_relics":[{"not_picked":["Black Star","Empty Cage"],"picked":"Pandora\u0027s Box"},{"not_picked":["Astrolabe","expansioncontent:StudyCardRelic"],"picked":"Snecko Eye"}],"items_purged_floors":[12,19,43],"is_endless":false,"potions_floor_spawned":[3,6,10,13,15,16,20,21,25,27,30,31,37,39,47],"ascension_level":1}}