{"host":"15dd7v8o90xso62x","time":1609221983,"event":{"mods":["BaseMod","Minty Spire (QoL Compilation)","Quick Restart","StSLib","SuperFastMode"],"gold_per_floor":[215,140,151,151,21,21,49,64,64,84,84,84],"floor_reached":11,"playtime":284,"items_purged":["Defend_R"],"score":146,"play_id":"1db6ac52-450c-4407-8f2b-2b57d35873fc","local_time":"20201229150623","is_ascension_mode":true,"campfire_choices":[{"data":"Headbutt","floor":6,"key":"SMITH"}],"circlet_count":0,"master_deck":["AscendersBane","Strike_R","Strike_R","Strike_R","Defend_R","Defend_R","Defend_R","Bash","Sword Boomerang","Headbutt+1","Thunderclap","Inflame","Corruption","Pommel Strike"],"relics":["Burning Blood","Torii","Letter Opener"],"acts_visited":[],"potions_floor_usage":[],"damage_taken":[{"damage":9,"enemies":"2 Louse","floor":1,"turns":3},{"damage":2,"enemies":"Jaw Worm","floor":3,"turns":3},{"damage":32,"enemies":"Gremlin Nob","floor":7,"turns":4},{"damage":16,"enemies":"Small Slimes","floor":8,"turns":3},{"damage":20,"enemies":"Exordium Wildlife","floor":10,"turns":4},{"damage":0,"enemies":"Lagavulin","floor":11,"turns":4}],"seed_played":"-2077803830777398401","potions_obtained":[],"is_trial":false,"path_per_floor":["M","?","M","?","$","R","E","M","T","M","E"],"character_chosen":"IRONCLAD","items_purchased":["Thunderclap"],"campfire_rested":0,"item_purchase_floors":[5],"current_hp_per_floor":[65,65,69,62,62,62,36,26,26,12,12,12],"gold":84,"neow_bonus":"HUNDRED_GOLD","is_daily":false,"chose_seed":false,"campfire_upgraded":1,"win_rate":0.0,"timestamp":1609221983,"path_taken":["M","?","M","?","$","R","E","M","T","M","E"],"items_purchased_type":["Card"],"build_version":"2020-12-22","purchased_purges":1,"victory":false,"max_hp_per_floor":[75,75,75,75,75,75,75,75,75,75,75,75],"card_choices":[{"not_picked":["Warcry","Metallicize"],"picked":"Sword Boomerang","floor":1},{"not_picked":["Dual Wield","Searing Blow"],"picked":"Headbutt","floor":3},{"not_picked":["Pommel Strike","Seeing Red"],"picked":"Inflame","floor":7},{"not_picked":["Armaments","Thunderclap"],"picked":"Corruption","floor":8},{"not_picked":["Bloodletting","Reckless Charge"],"picked":"Pommel Strike","floor":10}],"player_experience":960519,"relics_obtained":[{"floor":7,"key":"Torii"},{"floor":9,"key":"Letter Opener"}],"event_choices":[{"cards_removed":["Strike_R"],"damage_healed":0,"gold_gain":0,"player_choice":"Card Removal","damage_taken":0,"max_hp_gain":0,"max_hp_loss":0,"event_name":"The Cleric","floor":2,"gold_loss":75},{"cards_removed":["Strike_R"],"damage_healed":0,"gold_gain":0,"player_choice":"Card Removal","damage_taken":7,"max_hp_gain":0,"max_hp_loss":0,"event_name":"Golden Wing","floor":4,"gold_loss":0}],"is_beta":false,"boss_relics":[],"items_purged_floors":[5],"is_endless":false,"potions_floor_spawned":[],"killed_by":"Lagavulin","ascension_level":20}}