{"host":"bzg9y3flbaqjj1j7","time":1609285805,"event":{"mods":["AchievementEnabler","Act Like it!","Aspiration","BaseMod","Better Third Choice","Challenge The Spire","Gensokyo","Hubris","Hyrulean Relics","Infinite Spire","Lobotomy","LobotomyExtend","Marisa????????","Marked Mod","Minty Spire (QoL Compilation)","Nova Terra(??·??)","Permanent Neow","Quick Restart","Rare Cards Sparkle","Reimu??????","Remilia??????","Shop Mod","StSLib","The Administrix","The Alterego","The Blue Laboratory","The Fake Hero","Waifu the Spire","vexMod"],"gold_per_floor":[510,370,370,370,388,414,414,414,485,485,504,504,504],"floor_reached":12,"playtime":1049,"items_purged":[],"score":101,"play_id":"b835f4fa-ebb8-4f1a-9b31-e58a29aa5778","local_time":"20201229202005","is_ascension_mode":false,"campfire_choices":[{"data":"Pot Of Greed","floor":7.0,"key":"SMITH"},{"data":"Pot Of Greed","floor":10.0,"key":"SMITH"}],"circlet_count":11,"master_deck":["luka_mod:StrikeLukaOne","luka_mod:StrikeLukaTwo","luka_mod:StrikeLukaThree","luka_mod:StrikeLukaFour","luka_mod:StrikeLukaFive","luka_mod:StrikeLukaSix","luka_mod:Salt","luka_mod:Guard","luka_mod:Wait","luka_mod:Edging","luka_mod:FlailWildly","luka_mod:Meditation","luka_mod:Surrender","PunishingBird","luka_mod:WindSlash","Injury","Madness+1","Madness+1","OSAHOGD","luka_mod:RestrictedStrike","QueenOfHatred","luka_mod:CriticalHit","FieryBird"],"relics":["luka_mod:KeepsakeRing","CogitoBucket","RabbitCall","LetterFromLob","hubris:Potato","Circlet","Pear","Strawberry"],"acts_visited":["Exordium"],"potions_floor_usage":[],"damage_taken":[{"damage":14.0,"enemies":"Gensokyo:Gryphon","floor":1.0,"turns":4.0},{"damage":11.0,"enemies":"Gensokyo:Python","floor":5.0,"turns":3.0},{"damage":54.0,"enemies":"Gensokyo:Aya","floor":6.0,"turns":9.0},{"damage":8.0,"enemies":"Gensokyo:3_Fairies","floor":11.0,"turns":3.0},{"damage":88,"enemies":"Gensokyo:Cirno","floor":12,"turns":8}],"seed_played":"7008227387721140991","potions_obtained":[],"is_trial":false,"path_per_floor":["M","?","?","?","M","E","R","$","T","R","M","E"],"character_chosen":"LUKA_CLASS","items_purchased":["Strawberry"],"campfire_rested":0,"item_purchase_floors":[8],"current_hp_per_floor":[26,26,26,21,37,32,32,29,29,29,49,0,0],"gold":504,"neow_bonus":"","is_daily":false,"chose_seed":false,"campfire_upgraded":2,"win_rate":0.0,"timestamp":1609285805,"path_taken":["M","?","?","?","M","E","R","?","T","R","?","E"],"items_purchased_type":["Relic"],"build_version":"2020-12-22","purchased_purges":0,"victory":false,"max_hp_per_floor":[40,40,40,50,50,50,50,57,57,57,57,57,57],"card_choices":[{"not_picked":["BigBird","PunishingBird","SpiderBud"],"picked":"Singing Bowl","floor":1.0},{"not_picked":["VoidDream","UniverseFragment"],"picked":"PunishingBird","floor":1.0},{"not_picked":["luka_mod:BladeOfRagingFire","luka_mod:Sara"],"picked":"luka_mod:WindSlash","floor":1.0},{"not_picked":["GreedKing","SpiderBud","WallGazer"],"picked":"Singing Bowl","floor":5.0},{"not_picked":["BeautyBeast","WallGazer"],"picked":"OSAHOGD","floor":5.0},{"not_picked":["luka_mod:Intense","luka_mod:GuardTraining"],"picked":"luka_mod:RestrictedStrike","floor":5.0},{"not_picked":["GalaxyChild","WallGazer","Wellcheers"],"picked":"Singing Bowl","floor":6.0},{"not_picked":["Porccubus","MHz"],"picked":"QueenOfHatred","floor":6.0},{"not_picked":["luka_mod:Alice","luka_mod:BladeOfSolidEarth"],"picked":"luka_mod:CriticalHit","floor":6.0},{"not_picked":["Murderer","FairyFestival"],"picked":"FieryBird","floor":11.0},{"not_picked":["luka_mod:DemonSkullBeheading","luka_mod:AlicesGuard","luka_mod:EarthSlash"],"picked":"SKIP","floor":11.0}],"player_experience":145608,"relics_obtained":[{"floor":1.0,"key":"LetterFromLob"},{"floor":6.0,"key":"Onion Ring"},{"floor":9.0,"key":"ReplayTheSpireMod:Shallot"}],"event_choices":[],"is_beta":false,"boss_relics":[],"items_purged_floors":[],"is_endless":false,"potions_floor_spawned":[],"killed_by":"Gensokyo:Cirno","ascension_level":0}}