{"host":"06rryluxft509x3v","time":1609276397,"event":{"mods":["Act Like it!","Aspiration","BaseMod","Conspire","Downfall","Energized Spire","Friendly Minions","Gensokyo","GifTheSpireLib","Googly Eyes","GungeonMod","Halation","Hallownest","Hubris","Infinite Spire","KinomotoSakuraMod(ñÿîVñ{?)","Koishi","Lobotomy","LobotomyExtend","Mari Mod (Legacy)","Mari\u0027s V1 Patch","MarisaÅiñ∂âJÅ@ñÇóùçπÅj","Minty Spire (QoL Compilation)","Prisma Mod","Random Character Button","Replay The Spire","Spikes Relics","StSLib","Stuff the Spire","The Alterego","The Jungle","The Senshi","WarShipGirlsR/??è≠èóR mod"],"gold_per_floor":[113,38,51,62,62,94,94,94,120,132,158,158,184,194,194,293,293,293,293,310,328,328,328,355,355,378,395,395,410,441,452,452,547,547,562,562,612,631,250,250,275,287,299,311,353,165,177,244,256,275,275],"floor_reached":50,"playtime":5271,"items_purged":["ClowCardTheShield"],"score":853,"play_id":"d25d5144-6d12-415f-ae58-b920ffd5b2b3","local_time":"20201229171317","is_ascension_mode":true,"campfire_choices":[{"data":"ClowCardTheMist","floor":7,"key":"SMITH"},{"floor":12,"key":"REST"},{"floor":23,"key":"REST"},{"data":"hubris:DuctTapeCard","floor":25,"key":"SMITH"},{"floor":32,"key":"REST"},{"data":"StuffTheSpire:CopiaOfFamine","floor":40,"key":"SMITH"},{"floor":42,"key":"REST"},{"data":"ClowCardTheGlow","floor":47,"key":"SMITH"},{"floor":49,"key":"REST"}],"circlet_count":0,"master_deck":["SakuraCardTheMist+","ClowCardTheRain+1","ClowCardTheSword","ClowCardTheSword","ClowCardTheSword","ClowCardTheShield","ClowCardTheShield","ClowCardTheShield","SpellCardSeal","SpellCardRelease","ClowCardTheDream","Hallownest:skillGreenpathMap","ClowCardTheSleep","ClowCardTheIllusion","ClowCardTheFirey","ClowCardTheLight","ClowCardTheSweet+1","StuffTheSpire:CopiaOfFamine+1","ClowCardTheShadow","ClowCardTheIllusion","hubris:DuctTapeCard+2","ClowCardTheWood+1","ClowCardTheSand","infinitespire:FutureSight","ClowCardTheSleep+1","ClowCardTheTwin","ClowCardTheIllusion+1","ClowCardTheShot","ClowCardTheThrough","ClowCardTheGlow+1","ClowCardTheTwin","conspire:SpireCoStock","conspire:SpireCoStock","conspire:SpireCoStock","conspire:SpireCoStock"],"relics":["KSMOD_SealedBook","KSMOD_SealedWand","LetterFromLob","Strawberry","Hallownest:DreamNailRelic","aspiration:Lifesprig","hubris:PeanutButter","infinitespire:Beetle Shell","Philosopher\u0027s Stone","aspiration:RitualStick","hubris:DuctTape","DemoMod:WeirdEgg","hubris:SphereOfDissonance","energizedSpire:MagnifyingGlass","KSMOD_TeddyBear","StuffTheSpire:Wildfire","CherryCoatedStake","Durian","MawBank","StuffTheSpire:MayFlowers","aspiration:Nostalgia","m_SpellCore","aspiration:RunicSpoon","DemoMod:Relodestone","DemoMod:GlassGuonStoneRelic","StuffTheSpire:DarkSteelAnvil"],"acts_visited":["Hallownest:Greenpath","TheCity","TheBeyond"],"potions_floor_usage":[6,10,16,27,27,30,31,37,38,48,50,50],"damage_taken":[{"damage":5,"enemies":"2_ Uuma","floor":1,"turns":3},{"damage":0,"enemies":"Hallownest:2_MossCreeps","floor":3,"turns":4},{"damage":2,"enemies":"Hallownest:monsterHuskWarrior","floor":4,"turns":3},{"damage":20,"enemies":"Hallownest:eliteMossKnight","floor":6,"turns":11},{"damage":0,"enemies":"Hallownest:Guard_and_Warrior","floor":10,"turns":4},{"damage":19,"enemies":"Hallownest:eliteVengeflyKing","floor":11,"turns":8},{"damage":6,"enemies":"Hallownest:eliteCrystalGuardian","floor":13,"turns":5},{"damage":0,"enemies":"Hallownest:1_Baldur_1_Crawlid_1_Warrior","floor":14,"turns":4},{"damage":10,"enemies":"Hallownest:BossFalseKnight","floor":16,"turns":7},{"damage":1,"enemies":"Shell Parasite","floor":20,"turns":4},{"damage":13,"enemies":"Spheric Guardian","floor":21,"turns":5},{"damage":9,"enemies":"conspire:SneckoGhost","floor":24,"turns":6},{"damage":13,"enemies":"Centurion and Healer","floor":27,"turns":6},{"damage":6,"enemies":"Snecko","floor":29,"turns":4},{"damage":0,"enemies":"Nightmare","floor":30,"turns":8},{"damage":25,"enemies":"Sentry and Sphere","floor":31,"turns":6},{"damage":29,"enemies":"conspire:MysteriousRune","floor":33,"turns":9},{"damage":0,"enemies":"Orb Walker","floor":35,"turns":5},{"damage":14,"enemies":"Mind Bloom Boss Battle","floor":37,"turns":8},{"damage":30,"enemies":"3 Darklings","floor":38,"turns":6},{"damage":15,"enemies":"Nemesis","floor":41,"turns":9},{"damage":0,"enemies":"Giant Head","floor":45,"turns":1},{"damage":74,"enemies":"Reptomancer","floor":48,"turns":4},{"damage":57,"enemies":"conspire:OrnateMirror","floor":50,"turns":5}],"seed_played":"-6360696521937274418","potions_obtained":[{"floor":1,"key":"SneckoOil"},{"floor":6,"key":"Swift Potion"},{"floor":11,"key":"GamblersBrew"},{"floor":13,"key":"Fire Potion"},{"floor":14,"key":"Explosive Potion"},{"floor":21,"key":"Venom Potion"},{"floor":29,"key":"hexamod:EctoCoolerPotion"},{"floor":31,"key":"LiquidBronze"},{"floor":33,"key":"Doom Potion"},{"floor":37,"key":"Block Potion"},{"floor":41,"key":"AttackPotion"},{"floor":48,"key":"SpeedPotion"}],"is_trial":false,"path_per_floor":["M","?","M","M","?","E","R","?","T","M","E","R","E","M","R","B",null,"M","?","M","M","?","R","E","R","T","M","?","M","NM","M","R","B",null,"M","?","?","M","$","R","E","R","T","AVR","E","?","R","E","R","B"],"character_chosen":"KINOMOTOSAKURA","items_purchased":["Durian"],"campfire_rested":5,"item_purchase_floors":[39],"current_hp_per_floor":[65,65,65,63,63,65,65,65,65,65,46,69,63,63,77,77,77,77,57,61,60,45,68,64,64,64,65,65,64,69,49,72,48,77,77,77,63,50,55,55,45,69,69,69,69,69,69,11,35,0,0],"gold":275,"neow_bonus":"THREE_CARDS","is_daily":false,"chose_seed":false,"campfire_upgraded":4,"win_rate":0.0,"timestamp":1609276397,"path_taken":["M","?","M","M","?","E","R","?","T","?","E","R","E","M","R","BOSS","M","?","M","M","?","R","E","R","T","M","?","M","NM","?","R","BOSS","M","?","?","M","$","R","E","R","T","AVR","E","?","R","E","R","BOSS"],"items_purchased_type":["Relic"],"build_version":"2020-12-22","purchased_purges":1,"victory":false,"max_hp_per_floor":[70,70,70,70,70,77,77,77,77,77,77,77,77,77,77,77,77,77,77,77,77,77,77,77,77,77,77,77,77,77,77,77,77,77,77,77,77,77,82,82,82,82,82,82,82,82,82,82,82,82,82],"card_choices":[{"not_picked":["ClowCardTheIllusion","ClowCardTheShadow"],"picked":"ClowCardTheMist","floor":0},{"not_picked":["ClowCardTheMirror","ClowCardTheErase"],"picked":"ClowCardTheDream","floor":1},{"not_picked":["ClowCardTheLoop","ClowCardTheMirror"],"picked":"ClowCardTheSleep","floor":3},{"not_picked":["ClowCardTheVoice","ClowCardTheArrow"],"picked":"ClowCardTheIllusion","floor":4},{"not_picked":["ClowCardTheBig","ClowCardTheLibra"],"picked":"ClowCardTheFirey","floor":6},{"not_picked":["ClowCardTheWood","ClowCardTheMaze"],"picked":"ClowCardTheLight","floor":10},{"not_picked":["ClowCardTheSilent","ClowCardTheGlow"],"picked":"ClowCardTheSand","floor":11},{"not_picked":["ClowCardTheThunder","ClowCardTheWave"],"picked":"ClowCardTheShot","floor":13},{"not_picked":["ClowCardTheBig","ClowCardTheVoice"],"picked":"ClowCardTheSweet","floor":14},{"not_picked":["ClowCardTheTwin","ClowCardTheFight"],"picked":"ClowCardTheCreate","floor":16},{"not_picked":["ClowCardTheLock","ClowCardTheStorm"],"picked":"ClowCardTheShadow","floor":20},{"not_picked":["ClowCardTheSleep","ClowCardTheErase"],"picked":"ClowCardTheIllusion","floor":21},{"not_picked":["ClowCardTheDream+1","ClowCardTheSilent","ClowCardTheLibra"],"picked":"SKIP","floor":24},{"not_picked":["ClowCardThePower","ClowCardTheLittle"],"picked":"ClowCardTheWood+1","floor":27},{"not_picked":["ClowCardTheChange","ClowCardTheVoice"],"picked":"ClowCardTheSand","floor":29},{"not_picked":["ReplayTheSpireMod:Haul","infinitespire:Menacing"],"picked":"infinitespire:FutureSight","floor":30},{"not_picked":["ClowCardTheLittle","ClowCardTheChange"],"picked":"ClowCardTheSleep+1","floor":30},{"not_picked":["ClowCardTheBubbles+1","ClowCardTheFreeze","ClowCardTheWatery"],"picked":"SKIP","floor":31},{"not_picked":["ClowCardTheDark","ClowCardTheFight"],"picked":"ClowCardTheTwin","floor":33},{"not_picked":["ClowCardTheVoice","ClowCardTheStorm+1"],"picked":"ClowCardTheIllusion+1","floor":35},{"not_picked":["ClowCardTheSand","ClowCardTheFloat+1"],"picked":"ClowCardTheShot","floor":37},{"not_picked":["ClowCardTheFreeze","ClowCardTheMaze"],"picked":"ClowCardTheThrough","floor":38},{"not_picked":["ClowCardTheWatery+1","ClowCardTheErase"],"picked":"ClowCardTheGlow","floor":41},{"not_picked":["Redo+1","ClowCardTheWood"],"picked":"ClowCardTheTwin","floor":45},{"not_picked":["ClowCardTheStorm+1","ClowCardTheDream+1","ClowCardTheWood"],"picked":"SKIP","floor":48}],"player_experience":293700,"relics_obtained":[{"floor":1,"key":"LetterFromLob"},{"floor":6,"key":"Strawberry"},{"floor":9,"key":"aspiration:Lifesprig"},{"floor":11,"key":"hubris:PeanutButter"},{"floor":13,"key":"infinitespire:Beetle Shell"},{"floor":24,"key":"hubris:DuctTape"},{"floor":26,"key":"DemoMod:WeirdEgg"},{"floor":30,"key":"hubris:SphereOfDissonance"},{"floor":35,"key":"KSMOD_TeddyBear"},{"floor":35,"key":"StuffTheSpire:Wildfire"},{"floor":37,"key":"CherryCoatedStake"},{"floor":41,"key":"MawBank"},{"floor":43,"key":"StuffTheSpire:MayFlowers"},{"floor":45,"key":"DemoMod:Relodestone"},{"floor":48,"key":"StuffTheSpire:DarkSteelAnvil"}],"event_choices":[{"cards_removed":["ClowCardTheSword"],"damage_healed":0,"gold_gain":0,"player_choice":"Purged","damage_taken":0,"max_hp_gain":0,"max_hp_loss":0,"event_name":"Purifier","floor":28,"gold_loss":0},{"damage_healed":0,"gold_gain":0,"player_choice":"Fight","damage_taken":0,"max_hp_gain":0,"max_hp_loss":0,"event_name":"MindBloom","floor":37,"gold_loss":0},{"damage_healed":0,"gold_gain":0,"player_choice":"Invest 4","damage_taken":0,"max_hp_gain":0,"max_hp_loss":0,"event_name":"conspire:Investor","floor":46,"gold_loss":0}],"is_beta":false,"boss_relics":[{"not_picked":["hubris:RunicObelisk","energizedSpire:EnergizedDie"],"picked":"Philosopher\u0027s Stone"},{"not_picked":["hubris:GrandSneckoEye","ReplayTheSpireMod:DimensionalGlitch"],"picked":"energizedSpire:MagnifyingGlass"}],"items_purged_floors":[39],"is_endless":true,"potions_floor_spawned":[1,6,11,13,14,21,29,31,33,37,41,48],"killed_by":"conspire:OrnateMirror","ascension_level":3}}