{"host":"poshtwjux72eqzmy","time":1609275556,"event":{"mods":["BaseMod","Bestiary","Block Reminder","Colored Powertips","Highlight Path","Minty Spire (QoL Compilation)","Quick Restart","Relic Stats","ojb\u0027s Info Mod"],"gold_per_floor":[219,219,12,53,53,53,102,158,158,196,234,234,294,332,332,477,477,500,550,54,94,94,132,132,165,165,165,180,224,294,329,329,447,447,466,485,485,15,74,109,109,109,109,0,18,53,103,0,0,0,0,0],"floor_reached":51,"playtime":4152,"items_purged":["Strike_G","Strike_G"],"score":1741,"play_id":"ff524377-30a5-4f89-a68e-fa6bb9aebc1d","local_time":"20201229225916","is_ascension_mode":true,"campfire_choices":[{"data":"HandOfGreed","floor":6.0,"key":"SMITH"},{"floor":12.0,"key":"REST"},{"data":"Neutralize","floor":15.0,"key":"SMITH"},{"floor":27.0,"key":"REST"},{"floor":32.0,"key":"REST"},{"data":"After Image","floor":41,"key":"SMITH"},{"floor":49,"key":"RECALL"}],"circlet_count":0,"master_deck":["AscendersBane","Strike_G","Strike_G","Defend_G","Defend_G","Defend_G","Defend_G","Survivor","Neutralize+1","PiercingWail","HandOfGreed+1","Dagger Throw","Caltrops","Dagger Spray+1","Slice+1","Corpse Explosion","Flying Knee+1","Glass Knife+1","Backflip+1","Well Laid Plans","Poisoned Stab+1","Catalyst","Noxious Fumes","After Image+1","Bullet Time","Terror","Catalyst+1","After Image+1","Predator+1","Backflip+1","Acrobatics"],"relics":["Ring of the Snake","Golden Idol","Molten Egg 2","PreservedInsect","CaptainsWheel","The Courier","Philosopher\u0027s Stone","OrangePellets","TungstenRod","Matryoshka","Thread and Needle","Art of War","Nunchaku","HornCleat","Coffee Dripper","Bag of Preparation","Calipers","Tingsha","Girya","StrikeDummy","Lee\u0027s Waffle","Strawberry"],"acts_visited":["Exordium","TheCity","TheBeyond"],"potions_floor_usage":[39,51,51],"damage_taken":[{"damage":1.0,"enemies":"2 Louse","floor":1.0,"turns":4.0},{"damage":0.0,"enemies":"Small Slimes","floor":4.0,"turns":4.0},{"damage":1.0,"enemies":"Jaw Worm","floor":7.0,"turns":2.0},{"damage":33.0,"enemies":"Lagavulin","floor":8.0,"turns":7.0},{"damage":12.0,"enemies":"3 Sentries","floor":10.0,"turns":5.0},{"damage":4.0,"enemies":"2 Fungi Beasts","floor":11.0,"turns":3.0},{"damage":0.0,"enemies":"Gremlin Nob","floor":13.0,"turns":2.0},{"damage":1.0,"enemies":"Exordium Wildlife","floor":14.0,"turns":4.0},{"damage":44.0,"enemies":"Slime Boss","floor":16.0,"turns":12.0},{"damage":22.0,"enemies":"2 Thieves","floor":18.0,"turns":3.0},{"damage":10.0,"enemies":"Shell Parasite","floor":21.0,"turns":4.0},{"damage":0.0,"enemies":"Slavers","floor":23.0,"turns":2.0},{"damage":12.0,"enemies":"Gremlin Leader","floor":25.0,"turns":5.0},{"damage":20.0,"enemies":"Snake Plant","floor":28.0,"turns":3.0},{"damage":0.0,"enemies":"Snecko","floor":29.0,"turns":5.0},{"damage":5.0,"enemies":"Centurion and Healer","floor":30.0,"turns":8.0},{"damage":0.0,"enemies":"Book of Stabbing","floor":31.0,"turns":4.0},{"damage":26.0,"enemies":"Automaton","floor":33.0,"turns":10.0},{"damage":0.0,"enemies":"Orb Walker","floor":35.0,"turns":4.0},{"damage":21.0,"enemies":"3 Shapes","floor":36.0,"turns":2.0},{"damage":14,"enemies":"2 Orb Walkers","floor":39,"turns":5},{"damage":13,"enemies":"Giant Head","floor":40,"turns":5},{"damage":0,"enemies":"Maw","floor":45,"turns":6},{"damage":0,"enemies":"Reptomancer","floor":46,"turns":3},{"damage":5,"enemies":"Writhing Mass","floor":47,"turns":5},{"damage":50,"enemies":"Donu and Deca","floor":50,"turns":7},{"damage":29,"enemies":"Awakened One","floor":51,"turns":11}],"seed_played":"-1752471831770003820","potions_obtained":[{"floor":7.0,"key":"FairyPotion"},{"floor":11.0,"key":"LiquidMemories"},{"floor":16.0,"key":"BlessingOfTheForge"},{"floor":21.0,"key":"ColorlessPotion"},{"floor":23.0,"key":"Weak Potion"},{"floor":28.0,"key":"GhostInAJar"},{"floor":30.0,"key":"SpeedPotion"},{"floor":45,"key":"FearPotion"},{"floor":46,"key":"BlessingOfTheForge"}],"is_trial":false,"path_per_floor":["M","?","$","M","?","R","M","E","T","E","M","R","E","M","R","B",null,"M","?","$","M","?","E","?","E","T","R","M","M","M","E","R","B",null,"M","M","?","$","?","E","R","?","T","$","M","E","M","$","R","B","B"],"character_chosen":"THE_SILENT","items_purchased":["HandOfGreed","OrangePellets","TungstenRod","Well Laid Plans","Block Potion","Bag of Preparation","Calipers","FearPotion","Lee\u0027s Waffle","Acrobatics"],"campfire_rested":3,"item_purchase_floors":[3,20,20,20,20,38,38,38,44,48],"current_hp_per_floor":[58,58,58,58,63,63,62,29,29,17,13,32,32,31,31,17,53,31,31,31,21,21,21,21,9,9,28,8,8,3,3,22,2,49,49,28,28,28,14,2,2,2,2,69,69,76,71,71,71,21,0,0],"gold":0,"neow_bonus":"HUNDRED_GOLD","is_daily":false,"chose_seed":false,"campfire_upgraded":3,"win_rate":0.0,"timestamp":1609275556,"path_taken":["M","?","$","M","?","R","M","E","T","E","M","R","E","M","R","BOSS","M","?","$","M","?","E","?","E","T","R","?","M","M","E","R","BOSS","M","M","?","$","?","E","R","?","T","$","M","E","?","?","R","BOSS","BOSS"],"items_purchased_type":["Card","Relic","Relic","Card","Potion","Relic","Relic","Potion","Relic","Card"],"build_version":"2020-12-22","purchased_purges":2,"victory":false,"max_hp_per_floor":[66,60,60,60,65,65,65,65,65,65,65,65,65,65,65,65,65,65,65,65,65,65,65,65,65,65,65,65,65,65,65,65,65,65,65,65,62,62,62,62,62,62,62,69,69,76,76,76,76,76,76,76],"relic_stats":{"OrangePellets":[11],"Nunchaku":[18],"Lee\u0027s Waffle":67,"counters":[27,135],"Golden Idol":177,"Tingsha":[53],"PreservedInsect":377,"Art of War":[3],"Bag of Preparation":[14],"obtain_stats":[{"Girya":40,"Lee\u0027s Waffle":44,"Calipers":38,"Golden Idol":2,"Thread and Needle":25,"Tingsha":39,"PreservedInsect":9,"The Courier":13,"Bag of Preparation":38,"OrangePellets":20,"CaptainsWheel":10,"Nunchaku":26,"Matryoshka":23,"HornCleat":31,"Strawberry":46,"Molten Egg 2":8,"Philosopher\u0027s Stone":17,"Art of War":26,"Coffee Dripper":34,"StrikeDummy":43,"TungstenRod":20,"Ring of the Snake":0},{"Girya":22,"Lee\u0027s Waffle":22,"Calipers":20,"Golden Idol":1,"Thread and Needle":13,"Tingsha":21,"PreservedInsect":4,"The Courier":7,"Bag of Preparation":20,"OrangePellets":10,"CaptainsWheel":5,"Nunchaku":13,"Matryoshka":12,"HornCleat":17,"Strawberry":24,"Molten Egg 2":4,"Philosopher\u0027s Stone":9,"Art of War":13,"Coffee Dripper":18,"StrikeDummy":22,"TungstenRod":10,"Ring of the Snake":0},{"Girya":103,"Lee\u0027s Waffle":103,"Calipers":93,"Golden Idol":4,"Thread and Needle":57,"Tingsha":98,"PreservedInsect":17,"The Courier":27,"Bag of Preparation":93,"OrangePellets":46,"CaptainsWheel":22,"Nunchaku":57,"Matryoshka":52,"HornCleat":77,"Strawberry":112,"Molten Egg 2":17,"Philosopher\u0027s Stone":43,"Art of War":57,"Coffee Dripper":87,"StrikeDummy":103,"TungstenRod":46,"Ring of the Snake":0}],"TungstenRod":27,"Ring of the Snake":[54]},"card_choices":[{"not_picked":["Dodge and Roll","Slice"],"picked":"PiercingWail","floor":1.0},{"not_picked":["Cloak And Dagger","Riddle With Holes"],"picked":"Dagger Throw","floor":4.0},{"not_picked":["Expertise","Accuracy"],"picked":"Caltrops","floor":7.0},{"not_picked":["Deflect","Expertise"],"picked":"Dagger Spray+1","floor":8.0},{"not_picked":["Riddle With Holes+1","Accuracy","Deadly Poison"],"picked":"SKIP","floor":10.0},{"not_picked":["Acrobatics","Backflip"],"picked":"Slice+1","floor":11.0},{"not_picked":["Masterful Stab+1","Expertise"],"picked":"Corpse Explosion","floor":13.0},{"not_picked":["Acrobatics","Quick Slash+1"],"picked":"Flying Knee+1","floor":14.0},{"not_picked":["Doppelganger","Phantasmal Killer"],"picked":"Glass Knife+1","floor":16.0},{"not_picked":["Bouncing Flask","Prepared"],"picked":"Backflip+1","floor":18.0},{"not_picked":["Well Laid Plans","Prepared","Blade Dance"],"picked":"SKIP","floor":21.0},{"not_picked":["Quick Slash+1","Riddle With Holes+1"],"picked":"Poisoned Stab+1","floor":23.0},{"not_picked":["Finisher+1","Underhanded Strike+1","Dagger Throw+1"],"picked":"SKIP","floor":25.0},{"not_picked":["Underhanded Strike+1","Outmaneuver","Heel Hook+1"],"picked":"SKIP","floor":28.0},{"not_picked":["Infinite Blades","Noxious Fumes","Reflex"],"picked":"SKIP","floor":29.0},{"not_picked":["Distraction","Bane+1"],"picked":"After Image","floor":30.0},{"not_picked":["Acrobatics","Infinite Blades","Flying Knee+1"],"picked":"SKIP","floor":31.0},{"not_picked":["Doppelganger","A Thousand Cuts"],"picked":"Bullet Time","floor":33.0},{"not_picked":["Finisher+1","Catalyst"],"picked":"Terror","floor":35.0},{"not_picked":["Deflect","Dagger Throw+1"],"picked":"Catalyst+1","floor":36.0},{"not_picked":["Poisoned Stab+1","A Thousand Cuts","Bane+1"],"picked":"SKIP","floor":40},{"not_picked":["Catalyst+1","Blade Dance"],"picked":"Predator+1","floor":45},{"not_picked":["Dodge and Roll","Dagger Throw+1"],"picked":"Backflip+1","floor":46},{"not_picked":["Terror","Riddle With Holes+1","Well Laid Plans"],"picked":"SKIP","floor":47}],"player_experience":997294,"relics_obtained":[{"floor":8.0,"key":"Molten Egg 2"},{"floor":9.0,"key":"PreservedInsect"},{"floor":10.0,"key":"CaptainsWheel"},{"floor":13.0,"key":"The Courier"},{"floor":23.0,"key":"Matryoshka"},{"floor":25.0,"key":"Thread and Needle"},{"floor":26.0,"key":"Art of War"},{"floor":26.0,"key":"Nunchaku"},{"floor":31.0,"key":"HornCleat"},{"floor":39,"key":"Tingsha"},{"floor":40,"key":"Girya"},{"floor":43,"key":"StrikeDummy"},{"floor":46,"key":"Strawberry"}],"event_choices":[{"damage_healed":0.0,"max_hp_gain":0.0,"max_hp_loss":6.0,"gold_gain":0.0,"event_name":"Golden Idol","player_choice":"Lose Max HP","floor":2.0,"gold_loss":0.0,"damage_taken":0.0,"relics_obtained":["Golden Idol"]},{"damage_healed":0.0,"max_hp_gain":5.0,"max_hp_loss":0.0,"gold_gain":0.0,"event_name":"Big Fish","player_choice":"Donut","floor":5.0,"gold_loss":0.0,"damage_taken":0.0},{"damage_healed":0.0,"max_hp_gain":0.0,"max_hp_loss":0.0,"gold_gain":50.0,"event_name":"Nest","player_choice":"Stole From Cult","floor":19.0,"gold_loss":0.0,"damage_taken":0.0},{"damage_healed":0.0,"max_hp_gain":0.0,"max_hp_loss":0.0,"gold_gain":0.0,"event_name":"Cursed Tome","player_choice":"Ignored","floor":22.0,"gold_loss":0.0,"damage_taken":0.0},{"damage_healed":0.0,"max_hp_gain":0.0,"max_hp_loss":0.0,"gold_gain":0.0,"cards_transformed":["Defend_G","Strike_G"],"event_name":"Drug Dealer","player_choice":"Became Test Subject","floor":24.0,"gold_loss":0.0,"damage_taken":0.0,"cards_obtained":["Catalyst","Noxious Fumes"]},{"damage_healed":0.0,"max_hp_gain":0.0,"max_hp_loss":3.0,"gold_gain":0.0,"event_name":"Winding Halls","player_choice":"Max HP","floor":37.0,"gold_loss":0.0,"damage_taken":0.0},{"damage_healed":0,"gold_gain":0,"player_choice":"Fight","damage_taken":0,"max_hp_gain":0,"max_hp_loss":0,"event_name":"Mysterious Sphere","floor":39,"gold_loss":0},{"damage_healed":0,"gold_gain":0,"player_choice":"Copied","damage_taken":0,"max_hp_gain":0,"max_hp_loss":0,"event_name":"Duplicator","floor":42,"gold_loss":0,"cards_obtained":["After Image"]}],"is_beta":false,"boss_relics":[{"not_picked":["SlaversCollar","Snecko Eye"],"picked":"Philosopher\u0027s Stone"},{"not_picked":["Velvet Choker","Runic Dome"],"picked":"Coffee Dripper"}],"items_purged_floors":[38,48],"is_endless":false,"potions_floor_spawned":[7,11,13,14,16,21,23,28,30,45,46],"killed_by":"Awakened One","ascension_level":20}}