{"host":"0cm5wy4nhuju7tij","time":1609274629,"event":{"mods":["2.2 Compatiblity","AchievementEnabler","Arknights The Spire","Aspiration","BaseMod","BetterRewards","CCEM","CapriCore","Colored Powertips","Custom Start","Energized Spire","Fireblade Mod","Highlight Path","Minty Spire (QoL Compilation)","Permanent Neow","Relic Stats","Shop Mod","Spicy Shops","StSLib","The Caster","The Servant 0.9.4"],"gold_per_floor":[115,132,144,18,29,29,63,79,79,79,96,96,110,110,110,210,210,224,238,252,2,22,22,22],"floor_reached":23,"playtime":2091,"items_purged":["Strike_S","Defend_S"],"score":259,"play_id":"36c4756b-d87d-4f2b-a626-60fc25ceadcc","local_time":"20201229154349","is_ascension_mode":true,"campfire_choices":[{"data":"Contraction","floor":6.0,"key":"SMITH"},{"data":"GearUp","floor":10.0,"key":"SMITH"},{"data":"RealityMarble","floor":12.0,"key":"SMITH"},{"floor":15.0,"key":"REST"}],"circlet_count":0,"master_deck":["Strike_S","Defend_S","Defend_S","KidneyShot+1","Exchange","Contraction+1","Ricochet","Spin","Starlight","DoubleEdge","RealityMarble+1","GearUp+1","Revamp","LightFlow","FlawlessForm","Sabotage+1","TimeTheft+1","TrueSight+1","RealityMarble","SilverBlades+1","Hightail","Misdirection","Starlight","Hightail"],"relics":["Uniform","StoneCalendar","Boot","Astrolabe","Membership Card"],"acts_visited":["Exordium","TheCity"],"potions_floor_usage":[],"damage_taken":[{"damage":5.0,"enemies":"2 Louse","floor":1.0,"turns":3.0},{"damage":0.0,"enemies":"Small Slimes","floor":2.0,"turns":4.0},{"damage":0.0,"enemies":"Jaw Worm","floor":3.0,"turns":3.0},{"damage":16.0,"enemies":"Exordium Thugs","floor":5.0,"turns":3.0},{"damage":3.0,"enemies":"Lagavulin","floor":7.0,"turns":9.0},{"damage":0.0,"enemies":"2 Fungi Beasts","floor":8.0,"turns":3.0},{"damage":0.0,"enemies":"Large Slime","floor":11.0,"turns":4.0},{"damage":14.0,"enemies":"Blue Slaver","floor":13.0,"turns":3.0},{"damage":0.0,"enemies":"The Guardian","floor":16.0,"turns":10.0},{"damage":2.0,"enemies":"Spheric Guardian","floor":18.0,"turns":5.0},{"damage":20.0,"enemies":"2 Thieves","floor":19.0,"turns":3.0},{"damage":15.0,"enemies":"Centurion and Healer","floor":20.0,"turns":7.0},{"damage":24,"enemies":"Sentry and Sphere","floor":22,"turns":6},{"damage":6,"enemies":"Book of Stabbing","floor":23,"turns":1}],"seed_played":"-1518142832724077595","potions_obtained":[{"floor":1.0,"key":"CultistPotion"},{"floor":5.0,"key":"Fire Potion"},{"floor":11.0,"key":"Fire Potion"},{"floor":18.0,"key":"GamblersBrew"}],"is_trial":false,"path_per_floor":["M","M","M","$","M","R","E","M","T","R","M","R","M","?","R","B",null,"M","M","M","$","M","E"],"character_chosen":"THE_SERVANT","items_purchased":["Starlight","Membership Card","Misdirection","Starlight"],"campfire_rested":1,"item_purchase_floors":[4,21,21,21],"current_hp_per_floor":[60,60,60,60,44,44,41,41,41,41,41,41,27,27,46,46,65,63,43,28,28,4,0,0],"gold":22,"neow_bonus":"UPGRADE_CARD","is_daily":false,"chose_seed":false,"campfire_upgraded":3,"win_rate":0.0,"timestamp":1609274629,"path_taken":["M","M","M","$","M","R","E","M","T","R","M","R","M","?","R","BOSS","M","M","M","$","M","E"],"items_purchased_type":["Card","Relic","Card","Card"],"build_version":"2020-12-22","purchased_purges":2,"victory":false,"max_hp_per_floor":[65,65,65,65,65,65,65,65,65,65,65,65,65,65,65,65,65,65,65,65,65,65,65,65],"relic_stats":{"counters":[14,64],"Astrolabe":["Sabotage","TimeTheft","TrueSight"],"StoneCalendar":[52],"Boot":[16],"obtain_stats":[{"Astrolabe":17,"StoneCalendar":7,"Uniform":0,"Membership Card":21,"Boot":9},{"Astrolabe":9,"StoneCalendar":5,"Uniform":0,"Membership Card":12,"Boot":6},{"Astrolabe":42,"StoneCalendar":22,"Uniform":0,"Membership Card":57,"Boot":25}]},"card_choices":[{"not_picked":["InstantArmor","Replace"],"picked":"Contraction","floor":1.0},{"not_picked":["DancingSilver","Replace"],"picked":"Ricochet","floor":2.0},{"not_picked":["DoubleEdge","TimeTheft"],"picked":"Spin","floor":3.0},{"not_picked":["TimeWarp","Advance"],"picked":"DoubleEdge","floor":5.0},{"not_picked":["Rewind","Gouge"],"picked":"RealityMarble","floor":7.0},{"not_picked":["Alleviate","Replace"],"picked":"GearUp","floor":8.0},{"not_picked":["Alleviate","DoubleEdge"],"picked":"Revamp","floor":11.0},{"not_picked":["Gouge","DoubleEdge"],"picked":"LightFlow","floor":13.0},{"not_picked":["Sunlight","Duplication"],"picked":"FlawlessForm","floor":16.0},{"not_picked":["TimeWarp","Starlight"],"picked":"RealityMarble","floor":18.0},{"not_picked":["Revamp","BottledTime"],"picked":"SilverBlades+1","floor":19.0},{"not_picked":["Unruled+1","GearUp"],"picked":"Hightail","floor":20.0},{"not_picked":["Moondial","ShatteredReality+1"],"picked":"Hightail","floor":22}],"player_experience":205223,"relics_obtained":[{"floor":7.0,"key":"StoneCalendar"},{"floor":9.0,"key":"Boot"}],"event_choices":[{"damage_healed":0.0,"max_hp_gain":0.0,"max_hp_loss":0.0,"gold_gain":0.0,"event_name":"Liars Game","player_choice":"Ignored","floor":14.0,"gold_loss":0.0,"damage_taken":0.0}],"is_beta":false,"boss_relics":[{"not_picked":["Velvet Choker","energizedSpire:NeverEndingSparkler"],"picked":"Astrolabe"}],"items_purged_floors":[4,21],"is_endless":false,"potions_floor_spawned":[1,5,11,18,20,22],"killed_by":"Book of Stabbing","ascension_level":1}}