{"host":"areou1to5q11ox5u","time":1609255038,"event":{"mods":["AchievementEnabler","Act Like it!","BaseMod","Bestiary","Better Note","Better Third Choice","BetterRewards","Block Reminder","Colored Map","Colored Powertips","DeckTracker","Downfall","Elementarium","Highlight Path","Infinite Spire","Minty Spire (QoL Compilation)","Permanent Neow","Random Character Button","Relic Sorter","Relic Stats","StSLib","The Construct","The Jungle"],"gold_per_floor":[114,114,129,142,161,161,190,190,216,230,230,230,4,15,15,117,117,133,150,161,161,161],"floor_reached":21,"playtime":2075,"items_purged":[],"score":283,"play_id":"1ccecc5b-772d-4540-b84e-4b5dd47b1eb6","local_time":"20201229161718","is_ascension_mode":false,"campfire_choices":[{"data":"Sunder","floor":6,"key":"SMITH"},{"data":"Streamline","floor":8,"key":"SMITH"},{"data":"Gash","floor":12,"key":"SMITH"},{"data":"Twin Strike","floor":15,"key":"SMITH"}],"circlet_count":0,"master_deck":["Strike_B","Strike_B","Strike_B","Strike_B","Defend_B","Defend_B","Defend_B","Defend_B","Zap","Dualcast","Ball Lightning","Streamline+1","Go for the Eyes","Sunder+1","Streamline","Gash+1","Defragment","Twin Strike+1","Sadistic Nature","expansioncontent:SuperHexaguard","Stack","Deadly Poison"],"relics":["Cracked Core","infinitespire:FocusingShard","infinitespire:PuzzleCube","Bag of Marbles","PrismaticShard","Runic Pyramid"],"acts_visited":["Exordium","TheCity"],"potions_floor_usage":[0,16,16,16],"damage_taken":[{"damage":6,"enemies":"Jaw Worm","floor":1,"turns":3},{"damage":0,"enemies":"2 Louse","floor":3,"turns":2},{"damage":0,"enemies":"Cultist","floor":4,"turns":3},{"damage":8,"enemies":"Red Slaver","floor":5,"turns":3},{"damage":6,"enemies":"Gremlin Nob","floor":7,"turns":3},{"damage":0,"enemies":"Exordium Thugs","floor":10,"turns":3},{"damage":0,"enemies":"Large Slime","floor":14,"turns":4},{"damage":40,"enemies":"The Guardian","floor":16,"turns":10},{"damage":17,"enemies":"Spheric Guardian","floor":18,"turns":4},{"damage":30,"enemies":"3 Byrds","floor":19,"turns":5},{"damage":13,"enemies":"Centurion and Healer","floor":20,"turns":6},{"damage":34,"enemies":"Chosen and Byrds","floor":21,"turns":6}],"seed_played":"-2594043034313918471","potions_obtained":[{"floor":1,"key":"Dexterity Potion"},{"floor":3,"key":"EssenceOfSteel"},{"floor":7,"key":"Block Potion"},{"floor":11,"key":"Guardian:BlockOnCardUsePotion"},{"floor":19,"key":"EssenceOfSteel"},{"floor":20,"key":"Dexterity Potion"}],"is_trial":false,"path_per_floor":["M","?","M","M","M","R","E","R","T","M","?","R","$","M","R","B",null,"M","M","M","M"],"character_chosen":"DEFECT","items_purchased":["infinitespire:FocusingShard","Fruit Juice","Defragment","PrismaticShard"],"campfire_rested":0,"item_purchase_floors":[0,0,13,13],"current_hp_per_floor":[62,62,62,62,54,54,48,48,48,48,48,48,48,48,48,8,80,63,33,20,0,0],"gold":161,"neow_bonus":"","is_daily":false,"chose_seed":false,"campfire_upgraded":4,"win_rate":0.0,"timestamp":1609255038,"path_taken":["M","?","M","M","M","R","E","R","T","M","?","R","$","M","R","BOSS","M","M","M","M"],"items_purchased_type":["Relic","Potion","Card","Relic"],"build_version":"2020-12-22","purchased_purges":0,"victory":false,"max_hp_per_floor":[80,80,80,80,80,80,80,80,80,80,80,80,80,80,80,80,80,80,80,80,80,80],"relic_stats":{"counters":[48,244],"obtain_stats":[{"Potion Belt":0,"Tiny House":34,"Inserter":17,"Pear":31,"Astrolabe":17,"Oddly Smooth Stone":2,"infinitespire:Beetle Shell":3,"infinitespire:FocusingShard":0,"Question Card":26,"PrismaticShard":13,"Anchor":19,"Strawberry":8,"infinitespire:Golems Mask":0,"MealTicket":26,"Bag of Marbles":25,"HandDrill":37,"Kunai":9,"Cracked Core":0,"infinitespire:PuzzleCube":7,"infinitespire:Freezer":9,"Runic Pyramid":17},{"Potion Belt":0,"Tiny House":18,"Inserter":30,"Pear":35,"Astrolabe":9,"Oddly Smooth Stone":1,"infinitespire:Beetle Shell":24,"infinitespire:FocusingShard":36,"Question Card":14,"PrismaticShard":42,"Anchor":10,"Strawberry":6,"infinitespire:Golems Mask":22,"MealTicket":35,"Bag of Marbles":14,"HandDrill":19,"Kunai":27,"Cracked Core":0,"infinitespire:PuzzleCube":41,"infinitespire:Freezer":6,"Runic Pyramid":44},{"Potion Belt":0,"Tiny House":97,"Inserter":154,"Pear":186,"Astrolabe":44,"Oddly Smooth Stone":4,"infinitespire:Beetle Shell":125,"infinitespire:FocusingShard":192,"Question Card":70,"PrismaticShard":209,"Anchor":47,"Strawberry":25,"infinitespire:Golems Mask":119,"MealTicket":186,"Bag of Marbles":70,"HandDrill":103,"Kunai":136,"Cracked Core":0,"infinitespire:PuzzleCube":206,"infinitespire:Freezer":25,"Runic Pyramid":223}]},"card_choices":[{"not_picked":["Chill","Streamline"],"picked":"Ball Lightning","floor":1},{"not_picked":["Chaos","Gash"],"picked":"Streamline","floor":3},{"not_picked":["Blizzard","Rebound"],"picked":"Go for the Eyes","floor":4},{"not_picked":["Conserve Battery","Loop"],"picked":"Sunder","floor":5},{"not_picked":["Thunder Strike","All For One"],"picked":"Streamline","floor":7},{"not_picked":["Ball Lightning","Streamline"],"picked":"Gash","floor":10},{"not_picked":["sneckomod:ImprovisedAttack","hexamod:InspiringFlames"],"picked":"Twin Strike","floor":14},{"not_picked":["champ:Improvising","HandOfGreed"],"picked":"Sadistic Nature","floor":16},{"not_picked":["construct:PointDefense+1","champ:BerserkersShout"],"picked":"expansioncontent:SuperHexaguard","floor":18},{"not_picked":["sneckomod:UnknownClassBLUE","Wallop"],"picked":"Stack","floor":19},{"not_picked":["Slimebound:FinishingTackle+1","Burning Pact"],"picked":"Deadly Poison","floor":20}],"player_experience":51376,"relics_obtained":[{"floor":7,"key":"infinitespire:PuzzleCube"},{"floor":9,"key":"Bag of Marbles"}],"event_choices":[{"damage_healed":0,"gold_gain":0,"player_choice":"Ignored","damage_taken":0,"max_hp_gain":0,"max_hp_loss":0,"event_name":"Golden Wing","floor":2,"gold_loss":0},{"damage_healed":0,"gold_gain":0,"player_choice":"Got Potions","damage_taken":0,"max_hp_gain":0,"max_hp_loss":0,"event_name":"Lab","floor":11,"gold_loss":0}],"is_beta":false,"boss_relics":[{"not_picked":["Ectoplasm","Busted Crown"],"picked":"Runic Pyramid"}],"items_purged_floors":[],"is_endless":false,"potions_floor_spawned":[1,3,7,14,19,20],"killed_by":"Chosen and Byrds","ascension_level":0}}