{"host":"tb9sfv97irhb8jsq","time":1609261279,"event":{"mods":["Aspiration","BaseMod","Better Altar","Better Match","Better Note","Better Skull","Better Third Choice","BetterRewards","Colored Powertips","Colorless Booster Pack","Conspire","Dota2Spire","Energized Spire","Exacting","GifTheSpireLib","Halation","Hubris","Infinite Spire","Minty Spire (QoL Compilation)","RatMod","Replay The Spire","Shop Mod","Spicy Shops","Spikes Relics","StSLib","Stuff the Spire","SuperFastMode","Trackpad","vexMod"],"gold_per_floor":[114,129,140,171,184,184,218,253,253,253,267,278,278,289,289,289,289],"floor_reached":16,"playtime":722,"items_purged":[],"score":157,"play_id":"e81feade-5d56-4fdb-b39f-6e2774da1bb7","local_time":"20201229200119","is_ascension_mode":true,"campfire_choices":[{"data":"Flame Barrier","floor":6,"key":"SMITH"},{"data":"Shrug It Off","floor":10,"key":"SMITH"},{"floor":15,"key":"REST"}],"circlet_count":0,"master_deck":["Strike_R","Strike_R","Strike_R","Strike_R","Strike_R","Defend_R","Defend_R","Defend_R","Defend_R","Bash","Cleave","Shrug It Off+1","Iron Wave","Flame Barrier+1","Flex","Hemokinesis","Perfected Strike","Flame Barrier","ReplayTheSpireMod:Stacked","StuffTheSpire:Slingshot"],"relics":["Burning Blood","aspiration:DSix","Girya","trackpad:Compendium"],"acts_visited":["Exordium"],"potions_floor_usage":[7,7,12,16,16],"damage_taken":[{"damage":1,"enemies":"Cultist","floor":1,"turns":4},{"damage":8,"enemies":"Jaw Worm","floor":2,"turns":4},{"damage":0,"enemies":"2 Louse","floor":3,"turns":2},{"damage":24,"enemies":"Gremlin Gang","floor":4,"turns":5},{"damage":0,"enemies":"Looter","floor":5,"turns":4},{"damage":52,"enemies":"Lagavulin","floor":7,"turns":11},{"damage":12,"enemies":"Large Slime","floor":8,"turns":9},{"damage":10,"enemies":"Exordium Wildlife","floor":11,"turns":5},{"damage":18,"enemies":"Blue Slaver","floor":12,"turns":3},{"damage":12,"enemies":"Lots of Slimes","floor":14,"turns":4},{"damage":71,"enemies":"Fading Forest","floor":16,"turns":9}],"seed_played":"-1967920474768513695","potions_obtained":[{"floor":2,"key":"FairyPotion"},{"floor":3,"key":"GamblersBrew"},{"floor":4,"key":"Ancient Potion"},{"floor":4,"key":"SkillPotion"},{"floor":5,"key":"SkillPotion"},{"floor":11,"key":"PowerPotion"},{"floor":14,"key":"Dota2Spire:Clarity"},{"floor":14,"key":"Elixir"}],"is_trial":false,"path_per_floor":["M","M","M","M","M","R","E","M","T","R","M","M","?","M","R","B"],"character_chosen":"IRONCLAD","items_purchased":[],"campfire_rested":1,"item_purchase_floors":[],"current_hp_per_floor":[77,75,80,62,68,68,22,16,16,16,12,30,30,24,48,0,0],"gold":289,"neow_bonus":"DSIX","is_daily":false,"chose_seed":false,"campfire_upgraded":2,"win_rate":0.0,"timestamp":1609261279,"path_taken":["M","M","M","M","?","R","E","M","T","R","M","M","?","M","R","BOSS"],"items_purchased_type":[],"build_version":"2020-12-22","purchased_purges":0,"victory":false,"max_hp_per_floor":[80,80,80,80,80,80,80,80,80,80,80,80,80,80,80,80,80],"card_choices":[{"not_picked":["conspire:ExplosiveBarrier","StuffTheSpire:Incineration"],"picked":"Cleave","floor":1},{"not_picked":["StuffTheSpire:Slingshot","Perfected Strike"],"picked":"Shrug It Off","floor":2},{"not_picked":["Feel No Pain","StuffTheSpire:Pyroclast"],"picked":"Iron Wave","floor":3},{"not_picked":["Flex","StuffTheSpire:RagingBull"],"picked":"Flame Barrier","floor":4},{"not_picked":["Sever Soul","Warcry"],"picked":"Flex","floor":5},{"not_picked":["StuffTheSpire:RockThrow","Fire Breathing"],"picked":"Hemokinesis","floor":7},{"not_picked":["Body Slam","hubris:CleavingFinish"],"picked":"Perfected Strike","floor":8},{"not_picked":["Twin Strike","ReplayTheSpireMod:Corrosion Curse"],"picked":"Flame Barrier","floor":11},{"not_picked":["Combust","hubris:StunningStrike"],"picked":"ReplayTheSpireMod:Stacked","floor":12},{"not_picked":["ReplayTheSpireMod:Strike From Hell","Run Through"],"picked":"StuffTheSpire:Slingshot","floor":14}],"player_experience":397742,"relics_obtained":[{"floor":7,"key":"Girya"},{"floor":13,"key":"trackpad:Compendium"}],"event_choices":[{"damage_healed":0,"gold_gain":0,"player_choice":"Relic","damage_taken":0,"max_hp_gain":0,"max_hp_loss":0,"event_name":"Wheel of Change","floor":13,"gold_loss":0}],"is_beta":false,"boss_relics":[],"items_purged_floors":[],"is_endless":false,"potions_floor_spawned":[2,3,4,5,11,14],"killed_by":"Fading Forest","ascension_level":9}}