{"host":"zm2copjc1o2b6hjv","time":1609280603,"event":{"mods":["AchievementEnabler","BaseMod","BetterRewards","Conspire","Downfall","Friendly Minions","Infinite Spire","Minty Spire (QoL Compilation)","Replay The Spire","StSLib"],"gold_per_floor":[125,125,150,150,3,3,30,70,96,118,146,146,190,212,212,320,320,320],"floor_reached":17,"playtime":631,"items_purged":[],"score":209,"play_id":"79876751-21e2-4d8d-8551-5b3885a3a775","local_time":"20201229172323","is_ascension_mode":true,"campfire_choices":[{"data":"Rampage","floor":6,"key":"SMITH"},{"floor":15,"key":"RECALL"}],"circlet_count":0,"master_deck":["Strike_R","Strike_R","Strike_R","Strike_R","Strike_R","Defend_R","Defend_R","Defend_R","Defend_R","Bash","Rampage+1","Clash","Massacre+1","Body Slam+1","Metallicize","conspire:Charge+1","Hemogenesis+1","Rampage+1","Reckless Charge+1","Demonic Infusion"],"relics":["Burning Blood","Oddly Smooth Stone","CeramicFish","TungstenRod","Vajra","Molten Egg 2","Blue Doll","Lee\u0027s Waffle","Toy Ornithopter","Anchor","Pondfish Scales","SacredBark"],"acts_visited":["Exordium","TheCity"],"potions_floor_usage":[8,10,16],"damage_taken":[{"damage":0,"enemies":"2 Louse","floor":1,"turns":2},{"damage":0,"enemies":"Cultist","floor":3,"turns":2},{"damage":5,"enemies":"Small Slimes","floor":7,"turns":3},{"damage":24,"enemies":"Lagavulin","floor":8,"turns":4},{"damage":4,"enemies":"Gremlin Gang","floor":10,"turns":4},{"damage":4,"enemies":"Looter","floor":11,"turns":2},{"damage":24,"enemies":"Gremlin Nob","floor":13,"turns":4},{"damage":5,"enemies":"Large Slime","floor":14,"turns":5},{"damage":75,"enemies":"Hexaghost","floor":16,"turns":11}],"seed_played":"1926075273980752133","potions_obtained":[{"floor":7,"key":"AttackPotion"},{"floor":8,"key":"PowerPotion"},{"floor":14,"key":"BloodPotion"}],"is_trial":false,"path_per_floor":["M","?","M","T","$","R","M","E","T","M","M","?","E","M","R","B",null],"character_chosen":"IRONCLAD","items_purchased":["Oddly Smooth Stone","Rampage","CeramicFish","Vajra","SkillPotion","Lee\u0027s Waffle"],"campfire_rested":0,"item_purchase_floors":[0,0,0,0,0,5],"current_hp_per_floor":[50,50,56,56,87,87,87,69,69,76,78,64,54,63,63,24,71,71],"gold":320,"neow_bonus":"","is_daily":false,"chose_seed":false,"campfire_upgraded":1,"win_rate":0.0,"timestamp":1609280603,"path_taken":["M","?","?","?","?","R","M","E","T","M","M","?","E","M","R","BOSS"],"items_purchased_type":["Relic","Card","Relic","Relic","Potion","Relic"],"build_version":"2020-12-22","purchased_purges":0,"victory":false,"max_hp_per_floor":[80,80,80,80,87,87,87,87,87,87,87,87,87,87,87,87,87,87],"card_choices":[{"not_picked":["Iron Wave","True Grit"],"picked":"Clash","floor":1},{"not_picked":["Rage","Havoc"],"picked":"Massacre+1","floor":3},{"not_picked":["Havoc","Iron Wave+1"],"picked":"Body Slam+1","floor":7},{"not_picked":["Clothesline+1","Cleave+1"],"picked":"Metallicize","floor":8},{"not_picked":["Heavy Blade+1","Combust"],"picked":"conspire:Charge+1","floor":10},{"not_picked":["Pommel Strike+1","Clothesline+1"],"picked":"Hemogenesis+1","floor":11},{"not_picked":["ReplayTheSpireMod:Muscle Training","Seeing Red"],"picked":"Rampage+1","floor":13},{"not_picked":["ReplayTheSpireMod:Strike From Hell+1","Searing Blow+1"],"picked":"Reckless Charge+1","floor":14},{"not_picked":["Limit Break","Berserk"],"picked":"Demonic Infusion","floor":16}],"player_experience":227042,"relics_obtained":[{"floor":4,"key":"Blue Doll"},{"floor":8,"key":"Toy Ornithopter"},{"floor":13,"key":"Pondfish Scales"}],"event_choices":[{"damage_healed":0,"gold_gain":0,"player_choice":"Gave Potion","damage_taken":0,"relics_obtained":["Molten Egg 2"],"max_hp_gain":0,"max_hp_loss":0,"event_name":"WeMeetAgain","floor":2,"gold_loss":0},{"damage_healed":0,"gold_gain":0,"player_choice":"Success","damage_taken":18,"relics_obtained":["Anchor"],"max_hp_gain":0,"max_hp_loss":0,"event_name":"Scrap Ooze","floor":12,"gold_loss":0}],"is_beta":false,"boss_relics":[{"not_picked":["Ectoplasm","Coffee Dripper"],"picked":"SacredBark"}],"items_purged_floors":[],"is_endless":false,"potions_floor_spawned":[7,8,14],"ascension_level":5}}