{"host":"31s8hzukbhz1k6i6","time":1609286180,"event":{"mods":["AchievementEnabler","BaseMod","Colored Map","Filter the Spire","Minty Spire (QoL Compilation)","Relic Stats","UnlockEverythingMod","ojb\u0027s Info Mod"],"gold_per_floor":[19,19,19,30,30,64,64,64,64],"floor_reached":8,"playtime":480,"items_purged":[],"score":81,"play_id":"712ea4e5-3948-4f4c-9b4e-8eb951edf862","local_time":"20201229155620","is_ascension_mode":true,"campfire_choices":[{"data":"Consecrate","floor":7,"key":"SMITH"}],"circlet_count":0,"master_deck":["AscendersBane","Strike_P","Strike_P","Strike_P","Defend_P","Defend_P","Defend_P","Defend_P","Eruption","Vigilance","Judgement","ThirdEye","Sanctity","Consecrate+1"],"relics":["PureWater","Damaru"],"acts_visited":["Exordium"],"potions_floor_usage":[],"damage_taken":[{"damage":0,"enemies":"Small Slimes","floor":1,"turns":2},{"damage":0,"enemies":"2 Louse","floor":4,"turns":1},{"damage":56,"enemies":"Lagavulin","floor":6,"turns":12},{"damage":81,"enemies":"Gremlin Nob","floor":8,"turns":3}],"seed_played":"3973135213918138586","potions_obtained":[{"floor":4,"key":"FairyPotion"}],"is_trial":false,"path_per_floor":["M","$","?","M","?","E","R","E"],"character_chosen":"WATCHER","items_purchased":[],"campfire_rested":0,"item_purchase_floors":[],"current_hp_per_floor":[65,65,65,65,70,14,14,0,0],"gold":64,"neow_bonus":"THREE_RARE_CARDS","is_daily":false,"chose_seed":false,"campfire_upgraded":1,"win_rate":0.0,"timestamp":1609286180,"path_taken":["M","$","?","M","?","E","R","E"],"items_purchased_type":[],"build_version":"2020-12-22","purchased_purges":0,"victory":false,"max_hp_per_floor":[72,72,72,72,77,77,77,77,77],"relic_stats":{"counters":[4,18],"obtain_stats":[{"Damaru":6,"PureWater":0},{"Damaru":3,"PureWater":0},{"Damaru":15,"PureWater":0}]},"card_choices":[{"not_picked":["Brilliance","Alpha"],"picked":"Judgement","floor":0},{"not_picked":["Protect","Weave"],"picked":"ThirdEye","floor":1},{"not_picked":["EmptyFist","BattleHymn"],"picked":"Consecrate","floor":4},{"not_picked":["PathToVictory","Protect","Collect"],"picked":"SKIP","floor":6},{"not_picked":["PathToVictory","Protect","Collect"],"picked":"SKIP","floor":6}],"player_experience":83618,"relics_obtained":[{"floor":6,"key":"Damaru"}],"event_choices":[{"damage_healed":0,"gold_gain":0,"cards_transformed":["Strike_P"],"player_choice":"Change","damage_taken":0,"max_hp_gain":0,"max_hp_loss":0,"event_name":"Living Wall","floor":3,"gold_loss":0,"cards_obtained":["Sanctity"]},{"damage_healed":0,"gold_gain":0,"player_choice":"Donut","damage_taken":0,"max_hp_gain":5,"max_hp_loss":0,"event_name":"Big Fish","floor":5,"gold_loss":0}],"is_beta":false,"boss_relics":[],"items_purged_floors":[],"is_endless":false,"potions_floor_spawned":[4],"killed_by":"Gremlin Nob","ascension_level":10}}