{"host":"0ydzwspkajt4brzd","time":1609241468,"event":{"mods":["AchievementEnabler","BaseMod","Colored Map","DeckTracker","Googly Eyes","Highlight Path","Minty Spire (QoL Compilation)","Quick Restart","Random Character Button","Rare Cards Sparkle"],"gold_per_floor":[15,25,41,41,51,51,67,84,84,9,9,9,9,9,9,107,107,107,107,107,32,32,32,32,32,32,32,32,32],"floor_reached":28,"playtime":1899,"items_purged":["Strike_R"],"score":342,"play_id":"47bdbffc-3c94-4080-9f2f-ce054029e5f4","local_time":"20201229033108","is_ascension_mode":true,"campfire_choices":[{"data":"Searing Blow","floor":6.0,"key":"SMITH"},{"data":"Searing Blow+1","floor":11.0,"key":"SMITH"},{"data":"Searing Blow+2","floor":13.0,"key":"SMITH"},{"data":"Searing Blow+3","floor":15.0,"key":"SMITH"},{"floor":23,"key":"REST"},{"data":"Limit Break","floor":25,"key":"SMITH"}],"circlet_count":0,"master_deck":["AscendersBane","Strike_R","Strike_R","Defend_R","Defend_R","Defend_R","Bash","Inflame","Pummel","Panacea","Searing Blow+4","Warcry","Dropkick","Limit Break+1","Shrug It Off","Flex+1"],"relics":["Burning Blood","Kunai","Ectoplasm","Enchiridion","CultistMask","Boot"],"acts_visited":["Exordium","TheCity"],"potions_floor_usage":[16,16,24,27],"damage_taken":[{"damage":11.0,"enemies":"Cultist","floor":1.0,"turns":4.0},{"damage":1.0,"enemies":"2 Louse","floor":2.0,"turns":3.0},{"damage":3.0,"enemies":"Jaw Worm","floor":3.0,"turns":5.0},{"damage":11.0,"enemies":"Looter","floor":5.0,"turns":4.0},{"damage":10.0,"enemies":"Large Slime","floor":7.0,"turns":6.0},{"damage":40.0,"enemies":"Gremlin Gang","floor":8.0,"turns":6.0},{"damage":17,"enemies":"The Guardian","floor":16,"turns":13},{"damage":25,"enemies":"Spheric Guardian","floor":18,"turns":4},{"damage":26,"enemies":"Shell Parasite","floor":20,"turns":5},{"damage":12,"enemies":"Gremlin Leader","floor":24,"turns":4},{"damage":25,"enemies":"Shelled Parasite and Fungi","floor":27,"turns":4},{"damage":0,"enemies":"Centurion and Healer","floor":28,"turns":1}],"seed_played":"2493091724470149279","potions_obtained":[{"floor":3.0,"key":"BlessingOfTheForge"},{"floor":7.0,"key":"SpeedPotion"},{"floor":8.0,"key":"ColorlessPotion"},{"floor":16,"key":"Explosive Potion"},{"floor":18,"key":"Dexterity Potion"}],"is_trial":false,"path_per_floor":["M","M","M","?","M","R","M","M","T","$","R","$","R","$","R","B",null,"M","?","M","?","?","R","E","R","T","M","M"],"character_chosen":"IRONCLAD","items_purchased":[],"campfire_rested":1,"item_purchase_floors":[],"current_hp_per_floor":[67,72,75,75,70,70,66,32,32,32,32,32,32,32,32,21,65,46,30,10,10,10,34,28,28,28,9,9,9],"gold":32,"neow_bonus":"REMOVE_TWO","is_daily":false,"chose_seed":false,"campfire_upgraded":5,"win_rate":0.0,"timestamp":1609241468,"path_taken":["M","?","M","?","M","R","?","M","T","?","R","$","R","?","R","BOSS","M","?","M","?","?","R","E","R","T","?","M"],"items_purchased_type":[],"build_version":"2020-12-22","purchased_purges":1,"victory":false,"max_hp_per_floor":[80,80,80,80,80,80,80,80,80,80,80,80,80,80,80,80,80,80,80,80,80,80,80,80,80,80,80,80,80],"card_choices":[{"not_picked":["Warcry","Thunderclap","Dark Embrace"],"picked":"SKIP","floor":1.0},{"not_picked":["Warcry","Fire Breathing","Dark Embrace"],"picked":"SKIP","floor":2.0},{"not_picked":["Sever Soul","Feel No Pain"],"picked":"Inflame","floor":3.0},{"not_picked":["Headbutt","Body Slam"],"picked":"Searing Blow","floor":5.0},{"not_picked":["Body Slam","Twin Strike"],"picked":"Warcry","floor":7.0},{"not_picked":["Wild Strike","Power Through"],"picked":"Dropkick","floor":8.0},{"not_picked":["Reaper","Offering"],"picked":"Limit Break","floor":16},{"not_picked":["Iron Wave","Burning Pact"],"picked":"Shrug It Off","floor":18},{"not_picked":["Sword Boomerang","Wild Strike"],"picked":"Flex+1","floor":20},{"not_picked":["Rage+1","Double Tap","Pummel"],"picked":"SKIP","floor":24},{"not_picked":["Hemokinesis","Sword Boomerang","Shockwave"],"picked":"SKIP","floor":27}],"player_experience":371012,"relics_obtained":[{"floor":9.0,"key":"Kunai"},{"floor":19,"key":"Enchiridion"},{"floor":24,"key":"Boot"}],"event_choices":[{"damage_healed":0.0,"max_hp_gain":0.0,"max_hp_loss":0.0,"gold_gain":0.0,"event_name":"Match and Keep!","player_choice":"2 cards matched","floor":4.0,"gold_loss":0.0,"damage_taken":0.0,"cards_obtained":["Pummel","Panacea"]},{"damage_healed":0,"gold_gain":0,"player_choice":"Obtained Book","damage_taken":16,"max_hp_gain":0,"max_hp_loss":0,"event_name":"Cursed Tome","floor":19,"gold_loss":0},{"cards_removed":["Defend_R"],"damage_healed":0,"gold_gain":0,"player_choice":"Gave Gold","damage_taken":0,"max_hp_gain":0,"max_hp_loss":0,"event_name":"Beggar","floor":21,"gold_loss":75},{"damage_healed":0,"gold_gain":0,"player_choice":"Trade","damage_taken":0,"relics_obtained":["CultistMask"],"max_hp_gain":0,"max_hp_loss":0,"event_name":"FaceTrader","floor":22,"gold_loss":0}],"is_beta":false,"boss_relics":[{"not_picked":["Runic Dome","Runic Cube"],"picked":"Ectoplasm"}],"items_purged_floors":[10],"is_endless":false,"potions_floor_spawned":[3,7,8,16,18],"killed_by":"Centurion and Healer","ascension_level":10}}