{"host":"mwqnlghgfp5mgeui","time":1609266627,"event":{"mods":["2.2 Compatiblity","BaseMod","DeckTracker","Highlight Path","Minty Spire (QoL Compilation)","SuperFastMode","everything is the same but u backflip on backflip"],"gold_per_floor":[114,125,35,47,47,47,47,47,72,38,38,59,83,98,98,229,229,249,267,24,24,24,24,24,45,45,26,50,50,50],"floor_reached":29,"playtime":578,"items_purged":[],"score":215,"play_id":"1f451344-6947-44de-b1e6-e6ffd5390ebe","local_time":"20201230033027","is_ascension_mode":false,"campfire_choices":[{"data":"Doom and Gloom","floor":6,"key":"SMITH"},{"data":"Doom and Gloom","floor":8,"key":"SMITH"},{"floor":15,"key":"REST"},{"floor":23,"key":"REST"}],"circlet_count":0,"master_deck":["Strike_B","Strike_B","Strike_B","Defend_B","Defend_B","Zap","Dualcast","Gash","BootSequence","Gash","Doom and Gloom+1","Doom and Gloom+1","Storm","Beam Cell","Barrage","Melter","Electrodynamics","Steam","Loop","Hyperbeam","Blind","Rebound+1","Gash","Beam Cell+1"],"relics":["Cracked Core","NeowsBlessing","Matryoshka","PreservedInsect","Strawberry","Golden Idol","Empty Cage","MutagenicStrength","Nunchaku","Frozen Egg 2","The Courier"],"acts_visited":["Exordium","TheCity"],"potions_floor_usage":[18,29,29],"damage_taken":[{"damage":0,"enemies":"2 Louse","floor":1,"turns":1},{"damage":0,"enemies":"Small Slimes","floor":2,"turns":1},{"damage":0,"enemies":"Jaw Worm","floor":4,"turns":1},{"damage":0,"enemies":"Blue Slaver","floor":12,"turns":3},{"damage":9,"enemies":"Exordium Thugs","floor":13,"turns":4},{"damage":0,"enemies":"2 Fungi Beasts","floor":14,"turns":2},{"damage":54,"enemies":"Hexaghost","floor":16,"turns":9},{"damage":10,"enemies":"3 Byrds","floor":18,"turns":3},{"damage":31,"enemies":"Shell Parasite","floor":19,"turns":5},{"damage":39,"enemies":"Snake Plant","floor":25,"turns":5},{"damage":0,"enemies":"Chosen and Byrds","floor":28,"turns":4},{"damage":40,"enemies":"Snecko","floor":29,"turns":4}],"seed_played":"6645873299240907271","potions_obtained":[{"floor":1,"key":"DuplicationPotion"},{"floor":2,"key":"AttackPotion"},{"floor":14,"key":"Fire Potion"},{"floor":28,"key":"FearPotion"}],"is_trial":false,"path_per_floor":["M","M","$","M","?","R","?","R","T","$","?","M","M","M","R","B",null,"M","M","$","?","?","R","T","M","T","$","M","M"],"character_chosen":"DEFECT","items_purchased":["Gash","Doom and Gloom","Storm","Hyperbeam","Blind","Gash"],"campfire_rested":2,"item_purchase_floors":[3,3,10,20,20,27],"current_hp_per_floor":[75,75,75,75,80,80,62,62,69,69,48,48,39,39,65,11,87,77,46,46,46,46,72,72,33,33,33,33,0,0],"gold":50,"neow_bonus":"THREE_ENEMY_KILL","is_daily":false,"chose_seed":false,"campfire_upgraded":2,"win_rate":0.0,"timestamp":1609266627,"path_taken":["M","M","$","M","?","R","?","R","T","$","?","M","M","M","R","BOSS","M","M","$","?","?","R","?","M","T","?","M","M"],"items_purchased_type":["Card","Card","Card","Card","Card","Card"],"build_version":"2020-12-22","purchased_purges":0,"victory":false,"max_hp_per_floor":[75,75,75,75,80,80,80,80,87,87,87,87,87,87,87,87,87,87,87,87,87,87,87,87,87,87,87,87,87,87],"card_choices":[{"not_picked":["Loop","Hello World"],"picked":"Gash","floor":1},{"not_picked":["Hologram","Rebound"],"picked":"BootSequence","floor":2},{"not_picked":["Steam Power","Hologram"],"picked":"Doom and Gloom","floor":4},{"not_picked":["Rebound","Blizzard"],"picked":"Beam Cell","floor":12},{"not_picked":["Streamline","Gash"],"picked":"Barrage","floor":13},{"not_picked":["Darkness","Undo"],"picked":"Melter","floor":14},{"not_picked":["Machine Learning","Seek"],"picked":"Electrodynamics","floor":16},{"not_picked":["Stack","Double Energy"],"picked":"Steam","floor":18},{"not_picked":["Cold Snap+1","Coolheaded"],"picked":"Loop","floor":19},{"not_picked":["BootSequence","Tempest"],"picked":"Rebound+1","floor":25},{"not_picked":["Reprogram","Streamline"],"picked":"Beam Cell+1","floor":28}],"player_experience":136826,"relics_obtained":[{"floor":9,"key":"PreservedInsect"},{"floor":9,"key":"Strawberry"},{"floor":24,"key":"Nunchaku"},{"floor":24,"key":"Frozen Egg 2"},{"floor":26,"key":"The Courier"}],"event_choices":[{"damage_healed":0,"gold_gain":0,"player_choice":"Donut","damage_taken":0,"max_hp_gain":5,"max_hp_loss":0,"event_name":"Big Fish","floor":5,"gold_loss":0},{"damage_healed":0,"gold_gain":0,"player_choice":"Success","damage_taken":18,"relics_obtained":["Matryoshka"],"max_hp_gain":0,"max_hp_loss":0,"event_name":"Scrap Ooze","floor":7,"gold_loss":0},{"damage_healed":0,"gold_gain":0,"player_choice":"Take Damage","damage_taken":21,"relics_obtained":["Golden Idol"],"max_hp_gain":0,"max_hp_loss":0,"event_name":"Golden Idol","floor":11,"gold_loss":0},{"cards_removed":["Defend_B"],"damage_healed":0,"gold_gain":0,"player_choice":"Elegance","damage_taken":0,"max_hp_gain":0,"max_hp_loss":0,"event_name":"Back to Basics","floor":21,"gold_loss":0},{"damage_healed":0,"gold_gain":0,"player_choice":"Inject Mutagens","damage_taken":0,"relics_obtained":["MutagenicStrength"],"max_hp_gain":0,"max_hp_loss":0,"event_name":"Drug Dealer","floor":22,"gold_loss":0}],"is_beta":false,"boss_relics":[{"not_picked":["SlaversCollar","Snecko Eye"],"picked":"Empty Cage"}],"items_purged_floors":[],"is_endless":false,"potions_floor_spawned":[1,2,14,16,28],"killed_by":"Snecko","ascension_level":0}}