{"host":"3t6uby4o5waaq95r","time":1609218176,"event":{"mods":["AchievementEnabler","BaseMod","Bestiary","Colored Map","Highlight Path","Minty Spire (QoL Compilation)","Permanent Neow","Quick Restart","Random Character Button","SuperFastMode"],"gold_per_floor":[118,118,137,147,147,147,164,164,191,204,204,217,217,231,231,327,327,340,265,275,22,22,22,42,42,42,55,55,69,69,87,87,187,187,203,140,150,6,6,41,41,56,82,94,122,134,161,188,200,212],"floor_reached":51,"playtime":1475,"items_purged":["Strike_B","Dualcast+1","Tempest"],"score":698,"play_id":"fb50e4b6-646c-4fbe-bb03-1f9a79283708","local_time":"20201228230256","is_ascension_mode":false,"campfire_choices":[{"data":"Zap","floor":6,"key":"SMITH"},{"data":"Streamline","floor":8,"key":"SMITH"},{"data":"Rip and Tear","floor":11,"key":"SMITH"},{"data":"Dualcast","floor":13,"key":"SMITH"},{"data":"Go for the Eyes","floor":15,"key":"SMITH"},{"data":"Hyperbeam","floor":23,"key":"SMITH"},{"data":"Streamline","floor":25,"key":"SMITH"},{"floor":30,"key":"REST"},{"data":"Beam Cell","floor":32,"key":"SMITH"},{"floor":41,"key":"DIG"},{"data":"Hyperbeam","floor":44,"key":"SMITH"},{"floor":49,"key":"REST"}],"circlet_count":0,"master_deck":["Strike_B","Defend_B","Defend_B+1","Defend_B","Zap+1","Streamline+1","Rip and Tear+1","Go for the Eyes+1","Hyperbeam+1","Streamline+1","BootSequence","Gash","Leap","Beam Cell+1","Ball Lightning","Reprogram+1","Hyperbeam+1","CurseOfTheBell","Go for the Eyes+1","Auto Shields+1","Conserve Battery","Madness","Madness","Stack"],"relics":["Busted Crown","War Paint","Bag of Marbles","Runic Pyramid","Membership Card","Enchiridion","Meat on the Bone","Calling Bell","DataDisk","Kunai","Mango","TungstenRod","Shovel","Molten Egg 2","MawBank"],"acts_visited":["Exordium","TheCity","TheBeyond"],"potions_floor_usage":[7,16,33,50,50,50,50,50],"damage_taken":[{"damage":9,"enemies":"2 Louse","floor":1,"turns":2},{"damage":0,"enemies":"Cultist","floor":3,"turns":3},{"damage":0,"enemies":"Small Slimes","floor":4,"turns":2},{"damage":13,"enemies":"Gremlin Gang","floor":7,"turns":4},{"damage":4,"enemies":"Large Slime","floor":10,"turns":3},{"damage":0,"enemies":"2 Fungi Beasts","floor":12,"turns":2},{"damage":2,"enemies":"3 Louse","floor":14,"turns":2},{"damage":24,"enemies":"Hexaghost","floor":16,"turns":9},{"damage":0,"enemies":"2 Thieves","floor":18,"turns":1},{"damage":7,"enemies":"Shell Parasite","floor":20,"turns":4},{"damage":8,"enemies":"Sentry and Sphere","floor":24,"turns":4},{"damage":3,"enemies":"Centurion and Healer","floor":27,"turns":4},{"damage":0,"enemies":"Shelled Parasite and Fungi","floor":29,"turns":3},{"damage":8,"enemies":"Snake Plant","floor":31,"turns":4},{"damage":8,"enemies":"Champ","floor":33,"turns":7},{"damage":15,"enemies":"3 Darklings","floor":35,"turns":4},{"damage":0,"enemies":"3 Shapes","floor":37,"turns":1},{"damage":0,"enemies":"Reptomancer","floor":40,"turns":5},{"damage":0,"enemies":"Jaw Worm Horde","floor":42,"turns":4},{"damage":0,"enemies":"Transient","floor":45,"turns":5},{"damage":19,"enemies":"Sphere and 2 Shapes","floor":47,"turns":4},{"damage":11,"enemies":"Maw","floor":48,"turns":7},{"damage":4,"enemies":"Awakened One","floor":50,"turns":12}],"seed_played":"-3283347930738627486","potions_obtained":[{"floor":3,"key":"BlessingOfTheForge"},{"floor":4,"key":"Block Potion"},{"floor":12,"key":"Weak Potion"},{"floor":18,"key":"Explosive Potion"},{"floor":31,"key":"AttackPotion"},{"floor":35,"key":"EntropicBrew"},{"floor":45,"key":"Weak Potion"}],"is_trial":false,"path_per_floor":["M","?","M","M","?","R","M","R","T","M","R","M","R","M","R","B",null,"M","$","M","$","?","R","M","R","T","M","?","M","R","M","R","B",null,"M","$","M","$","?","E","R","M","T","R","M","?","M","M","R","B",null],"character_chosen":"DEFECT","items_purchased":["Membership Card","BootSequence","Gash","TungstenRod"],"campfire_rested":2,"item_purchase_floors":[21,21,21,38],"current_hp_per_floor":[66,66,66,66,66,66,53,53,53,49,49,49,49,47,47,23,75,75,75,68,68,52,52,44,44,44,41,41,41,63,55,55,47,89,74,74,74,74,74,74,74,74,74,74,74,64,45,46,72,68],"gold":224,"neow_bonus":"BOSS_RELIC","is_daily":false,"chose_seed":false,"campfire_upgraded":9,"win_rate":0.0,"timestamp":1609218176,"path_taken":["M","?","M","?","?","R","M","R","T","M","R","M","R","?","R","BOSS","M","$","M","$","?","R","M","R","T","M","?","M","R","M","R","BOSS","M","$","M","$","?","E","R","M","T","R","M","?","M","M","R","BOSS"],"items_purchased_type":["Relic","Card","Card","Relic"],"build_version":"2020-12-22","purchased_purges":3,"victory":true,"max_hp_per_floor":[75,75,75,75,75,75,75,75,75,75,75,75,75,75,75,75,75,75,75,75,75,75,75,75,75,75,75,75,75,75,75,75,75,89,89,89,89,89,89,89,89,89,89,89,89,89,89,89,89,89],"card_choices":[{"not_picked":[],"picked":"Streamline","floor":1},{"not_picked":[],"picked":"Rip and Tear","floor":3},{"not_picked":[],"picked":"Stack","floor":4},{"not_picked":["Redo"],"picked":"SKIP","floor":7},{"not_picked":["Turbo"],"picked":"SKIP","floor":10},{"not_picked":[],"picked":"Go for the Eyes","floor":12},{"not_picked":["Blizzard"],"picked":"SKIP","floor":14},{"not_picked":[],"picked":"Hyperbeam","floor":16},{"not_picked":["Stack"],"picked":"SKIP","floor":18},{"not_picked":[],"picked":"Streamline","floor":20},{"not_picked":[],"picked":"Leap","floor":24},{"not_picked":[],"picked":"Beam Cell","floor":27},{"not_picked":[],"picked":"Reprogram+1","floor":29},{"not_picked":["Darkness"],"picked":"SKIP","floor":31},{"not_picked":[],"picked":"Hyperbeam","floor":33},{"not_picked":[],"picked":"Go for the Eyes+1","floor":35},{"not_picked":[],"picked":"Auto Shields+1","floor":37},{"not_picked":[],"picked":"Conserve Battery","floor":40},{"not_picked":["Skim+1"],"picked":"SKIP","floor":42},{"not_picked":["Defragment+1"],"picked":"SKIP","floor":45},{"not_picked":["Stack"],"picked":"SKIP","floor":47},{"not_picked":[],"picked":"Stack","floor":48}],"player_experience":805248,"relics_obtained":[{"floor":9,"key":"Bag of Marbles"},{"floor":22,"key":"Enchiridion"},{"floor":26,"key":"Meat on the Bone"},{"floor":34,"key":"DataDisk"},{"floor":34,"key":"Kunai"},{"floor":34,"key":"Mango"},{"floor":40,"key":"Shovel"},{"floor":41,"key":"Molten Egg 2"},{"floor":43,"key":"MawBank"}],"event_choices":[{"damage_healed":0,"gold_gain":0,"player_choice":"Ignored","damage_taken":0,"max_hp_gain":0,"max_hp_loss":0,"event_name":"NoteForYourself","floor":2,"gold_loss":0},{"cards_removed":["Stack"],"damage_healed":0,"gold_gain":0,"player_choice":"Gave Card","damage_taken":0,"relics_obtained":["War Paint"],"max_hp_gain":0,"max_hp_loss":0,"event_name":"WeMeetAgain","floor":5,"gold_loss":0},{"damage_healed":0,"gold_gain":0,"player_choice":"Obtained Book","damage_taken":16,"max_hp_gain":0,"max_hp_loss":0,"event_name":"Cursed Tome","floor":22,"gold_loss":0},{"damage_healed":0,"gold_gain":0,"cards_transformed":["Strike_B","Strike_B"],"player_choice":"Became Test Subject","damage_taken":0,"max_hp_gain":0,"max_hp_loss":0,"event_name":"Drug Dealer","floor":28,"gold_loss":0,"cards_obtained":["Tempest","Ball Lightning"]},{"cards_removed":["Defend_B"],"damage_healed":0,"gold_gain":0,"player_choice":"Removed Skill","damage_taken":0,"max_hp_gain":0,"max_hp_loss":0,"event_name":"Falling","floor":39,"gold_loss":0},{"damage_healed":0,"gold_gain":0,"player_choice":"Embrace Madness","damage_taken":11,"max_hp_gain":0,"max_hp_loss":0,"event_name":"Winding Halls","floor":46,"gold_loss":0,"cards_obtained":["Madness","Madness"]}],"is_beta":false,"boss_relics":[{"not_picked":["Black Star","Sozu"],"picked":"Runic Pyramid"},{"not_picked":["Fusion Hammer","Astrolabe"],"picked":"Calling Bell"}],"items_purged_floors":[19,21,36],"is_endless":false,"potions_floor_spawned":[3,4,12,18,31,35,40,45,47],"ascension_level":0}}