{"host":"6ko66ogg91i6g7xq","time":1609211602,"event":{"mods":["AchievementEnabler","Act Like it!","BaseMod","Colored Map","Colored Powertips","Downfall","Hermit","Minty Spire (QoL Compilation)","Quick Restart","Relic Stats","StSLib","The Jungle","everything is the same but u backflip on backflip"],"gold_per_floor":[112,112,112,123,123,123,151,28,28,41,71,98,98,132,132,242,242,258,258,284,66,246,288,288,351,351,383,402,422,422,452,452,452,452],"floor_reached":33,"playtime":1262,"items_purged":[],"score":412,"play_id":"ceea395f-dee8-4cfd-96cc-1c5f85ce9aef","local_time":"20201228221322","is_ascension_mode":true,"campfire_choices":[{"floor":6,"key":"RECALL"},{"data":"Terror","floor":13,"key":"SMITH"},{"data":"Burst","floor":15,"key":"SMITH"},{"floor":24,"key":"REST"},{"floor":30,"key":"REST"},{"floor":32,"key":"REST"}],"circlet_count":0,"master_deck":["Strike_G","Strike_G","Strike_G","Strike_G","Strike_G","Defend_G","Defend_G","Defend_G","Defend_G+1","Defend_G+1","Survivor","Neutralize","Poisoned Stab","Poisoned Stab","Terror+1","Burst+1","Poisoned Stab","Die Die Die","Leg Sweep","Caltrops","Blur","Doubt","Backflip"],"relics":["Ring of the Snake","NeowsBlessing","Centennial Puzzle","Ornamental Fan","Darkstone Periapt","CeramicFish","Tiny Chest","StrikeDummy","Cursed Key","Bronze Scales","Snake Skull","Omamori","White Beast Statue","Lantern"],"acts_visited":["Exordium","TheCity"],"potions_floor_usage":[23,23,27,27,29,31],"damage_taken":[{"damage":0,"enemies":"Small Slimes","floor":1,"turns":1},{"damage":0,"enemies":"2 Louse","floor":4,"turns":1},{"damage":0,"enemies":"Gremlin Nob","floor":7,"turns":1},{"damage":0,"enemies":"Jaw Worm","floor":10,"turns":3},{"damage":11,"enemies":"Lagavulin","floor":12,"turns":5},{"damage":0,"enemies":"Gremlin Nob","floor":14,"turns":3},{"damage":19,"enemies":"The Guardian","floor":16,"turns":11},{"damage":2,"enemies":"Spheric Guardian","floor":18,"turns":4},{"damage":0,"enemies":"Chosen","floor":20,"turns":3},{"damage":27,"enemies":"Gremlin Leader","floor":23,"turns":5},{"damage":11,"enemies":"Book of Stabbing","floor":27,"turns":4},{"damage":6,"enemies":"Snake Plant","floor":28,"turns":3},{"damage":3,"enemies":"Centurion and Healer","floor":29,"turns":5},{"damage":45,"enemies":"Gremlin Leader","floor":31,"turns":9},{"damage":4,"enemies":"Collector","floor":33,"turns":2}],"seed_played":"5015904290954549432","potions_obtained":[{"floor":10,"key":"FearPotion"},{"floor":12,"key":"SpeedPotion"},{"floor":16,"key":"LiquidBronze"},{"floor":20,"key":"champ:CounterPotion"},{"floor":23,"key":"BlessingOfTheForge"},{"floor":28,"key":"Slimebound:ThreeZeroPotion"},{"floor":29,"key":"SneckoOil"},{"floor":31,"key":"champ:CounterPotion"}],"is_trial":false,"path_per_floor":["M","?","?","M","?","R","E","$","T","M","?","E","R","E","R","B",null,"M","?","M","$","?","E","R","T","T","E","M","M","R","E","R","B"],"character_chosen":"THE_SILENT","items_purchased":["Burst","Poisoned Stab","Bronze Scales","Caltrops"],"campfire_rested":3,"item_purchase_floors":[8,8,21,21],"current_hp_per_floor":[70,70,63,63,49,49,49,49,49,49,49,38,38,38,38,19,70,68,80,80,80,61,34,58,64,64,53,47,44,69,24,49,45,45],"gold":452,"neow_bonus":"THREE_ENEMY_KILL","is_daily":false,"chose_seed":false,"campfire_upgraded":2,"win_rate":0.0,"timestamp":1609211602,"path_taken":["M","?","?","M","?","R","E","$","T","?","?","E","R","E","R","BOSS","M","?","M","?","?","E","R","?","T","E","M","M","R","E","R","BOSS"],"items_purchased_type":["Card","Card","Relic","Card"],"build_version":"2020-12-22","purchased_purges":0,"victory":false,"max_hp_per_floor":[70,70,70,70,70,70,70,70,70,70,70,70,70,70,70,70,70,70,80,80,80,80,80,80,86,86,86,86,86,86,86,86,86,86],"relic_stats":{"Darkstone Periapt":6,"Centennial Puzzle":[27],"counters":[15,60],"Ornamental Fan":[96],"CeramicFish":54,"Bronze Scales":[82],"Tiny Chest":1,"Snake Skull":[16],"Cursed Key":2,"obtain_stats":[{"Darkstone Periapt":9,"Lantern":31,"NeowsBlessing":0,"CeramicFish":11,"Snake Skull":23,"Omamori":25,"Cursed Key":17,"White Beast Statue":27,"Centennial Puzzle":3,"Ornamental Fan":7,"Bronze Scales":21,"Tiny Chest":12,"StrikeDummy":14,"Ring of the Snake":0},{"Darkstone Periapt":3,"Lantern":14,"NeowsBlessing":0,"CeramicFish":4,"Snake Skull":10,"Omamori":10,"Cursed Key":7,"White Beast Statue":11,"Centennial Puzzle":1,"Ornamental Fan":3,"Bronze Scales":9,"Tiny Chest":5,"StrikeDummy":6,"Ring of the Snake":0},{"Darkstone Periapt":3,"Lantern":58,"NeowsBlessing":0,"CeramicFish":6,"Snake Skull":37,"Omamori":37,"Cursed Key":25,"White Beast Statue":41,"Centennial Puzzle":1,"Ornamental Fan":3,"Bronze Scales":32,"Tiny Chest":11,"StrikeDummy":14,"Ring of the Snake":0}],"Ring of the Snake":[30]},"card_choices":[{"not_picked":["Outmaneuver","Acrobatics"],"picked":"Poisoned Stab","floor":1},{"not_picked":["Dagger Throw","Prepared"],"picked":"Poisoned Stab","floor":4},{"not_picked":["Riddle With Holes","PiercingWail"],"picked":"Terror","floor":7},{"not_picked":["Outmaneuver","Flying Knee"],"picked":"Die Die Die","floor":10},{"not_picked":["Tactician","Well Laid Plans","Slice"],"picked":"SKIP","floor":12},{"not_picked":["Night Terror","Slice","Deflect"],"picked":"SKIP","floor":14},{"not_picked":["A Thousand Cuts","Grand Finale"],"picked":"Envenom","floor":16},{"not_picked":["Expertise+1","PiercingWail","Bane"],"picked":"SKIP","floor":18},{"not_picked":["Quick Slash","Tactician"],"picked":"Leg Sweep","floor":20},{"not_picked":["Accuracy","PiercingWail"],"picked":"Blur","floor":23},{"not_picked":["Grand Finale","Calculated Gamble","Heel Hook"],"picked":"SKIP","floor":27},{"not_picked":["Deflect","Deadly Poison"],"picked":"Backflip","floor":28},{"not_picked":["Finisher","Slice+1","Distraction"],"picked":"SKIP","floor":29},{"not_picked":["Deflect","Dagger Throw+1","Bouncing Flask"],"picked":"SKIP","floor":31}],"player_experience":269970,"relics_obtained":[{"floor":7,"key":"Ornamental Fan"},{"floor":9,"key":"Darkstone Periapt"},{"floor":12,"key":"Tiny Chest"},{"floor":14,"key":"StrikeDummy"},{"floor":23,"key":"Snake Skull"},{"floor":25,"key":"Omamori"},{"floor":27,"key":"White Beast Statue"},{"floor":31,"key":"Lantern"}],"event_choices":[{"damage_healed":0,"gold_gain":0,"player_choice":"Leave","damage_taken":0,"max_hp_gain":0,"max_hp_loss":0,"event_name":"The Cleric","floor":2,"gold_loss":0},{"damage_healed":0,"gold_gain":0,"player_choice":"Success","damage_taken":7,"relics_obtained":["Centennial Puzzle"],"max_hp_gain":0,"max_hp_loss":0,"event_name":"Scrap Ooze","floor":3,"gold_loss":0},{"damage_healed":0,"gold_gain":0,"player_choice":"Entered Light","damage_taken":14,"max_hp_gain":0,"max_hp_loss":0,"event_name":"Shining Light","floor":5,"gold_loss":0,"cards_upgraded":["Defend_G","Defend_G"]},{"damage_healed":0,"gold_gain":30,"player_choice":"Searched \u00272\u0027 times","damage_taken":0,"relics_obtained":["CeramicFish"],"max_hp_gain":0,"max_hp_loss":0,"event_name":"Dead Adventurer","floor":11,"gold_loss":0},{"cards_removed":["Envenom"],"damage_healed":2,"gold_gain":0,"player_choice":"Offered Rare","damage_taken":0,"max_hp_gain":10,"max_hp_loss":0,"event_name":"Bonfire Elementals","floor":19,"gold_loss":0},{"damage_healed":0,"gold_gain":180,"player_choice":"GOLD GOLD ","damage_taken":19,"max_hp_gain":0,"max_hp_loss":0,"event_name":"Knowing Skull","floor":22,"potions_obtained":[],"gold_loss":0,"cards_obtained":[]}],"is_beta":false,"boss_relics":[{"not_picked":["Calling Bell","Pandora\u0027s Box"],"picked":"Cursed Key"}],"items_purged_floors":[],"is_endless":false,"potions_floor_spawned":[10,12,16,20,23,28,29,31],"killed_by":"Collector","ascension_level":1}}