{"host":"8f8ps4z875kp1oop","time":1609261866,"event":{"mods":["BaseMod","Colored Map","Minty Spire (QoL Compilation)"],"gold_per_floor":[416,416,18,33,50,80,80,113,113,132,77,89,89,14,14,86,86,99,99,115,65,41,41,51,51,103,3,3,30,30,44,44,117,117,129,129,1128,1145,438,438,466,466,466,42,42,42],"floor_reached":45,"playtime":3813,"items_purged":["Regret","Shame","Normality","Normality"],"score":912,"play_id":"b661c668-ffaa-41d6-8837-082ac3eb1d7f","local_time":"20201229121106","is_ascension_mode":true,"campfire_choices":[{"data":"Conserve Battery","floor":7,"key":"SMITH"},{"floor":13,"key":"REST"},{"data":"Reinforced Body","floor":15,"key":"SMITH"},{"data":"Creative AI","floor":23,"key":"SMITH"},{"data":"Reinforced Body","floor":28,"key":"SMITH"},{"floor":32,"key":"REST"},{"floor":40,"key":"REST"},{"floor":42,"key":"REST"}],"circlet_count":0,"master_deck":["AscendersBane","Strike_B+1","Strike_B+1","Strike_B","Defend_B","Defend_B","Defend_B","Defend_B","Zap","Dualcast","Conserve Battery+1","Ball Lightning+1","Sweeping Beam+1","Ball Lightning+1","Electrodynamics","Reinforced Body+1","Leap","Sweeping Beam+1","Rebound+1","Creative AI+1","Cold Snap+1","Ball Lightning+1","Cold Snap+1","Reinforced Body+1","Coolheaded","Undo","Multi-Cast","Cold Snap+1","Aggregate","Lockon+1"],"relics":["Cracked Core","Old Coin","Molten Egg 2","TungstenRod","Incense Burner","Calipers","Sozu","Pantograph","MealTicket","Matryoshka","Velvet Choker","Whetstone","Toolbox","Regal Pillow","Gambling Chip","Symbiotic Virus","Eternal Feather","Ornamental Fan"],"acts_visited":["Exordium","TheCity","TheBeyond"],"potions_floor_usage":[6,12,31],"damage_taken":[{"damage":23,"enemies":"Jaw Worm","floor":1,"turns":4},{"damage":1,"enemies":"2 Louse","floor":4,"turns":2},{"damage":1,"enemies":"Cultist","floor":5,"turns":3},{"damage":11,"enemies":"Gremlin Nob","floor":6,"turns":3},{"damage":13,"enemies":"3 Sentries","floor":8,"turns":3},{"damage":0,"enemies":"Large Slime","floor":10,"turns":3},{"damage":3,"enemies":"Exordium Thugs","floor":12,"turns":3},{"damage":22,"enemies":"Hexaghost","floor":16,"turns":11},{"damage":6,"enemies":"3 Byrds","floor":18,"turns":4},{"damage":0,"enemies":"Spheric Guardian","floor":20,"turns":3},{"damage":15,"enemies":"Snecko","floor":24,"turns":4},{"damage":57,"enemies":"Book of Stabbing","floor":29,"turns":9},{"damage":3,"enemies":"Centurion and Healer","floor":31,"turns":5},{"damage":41,"enemies":"Collector","floor":33,"turns":13},{"damage":19,"enemies":"3 Darklings","floor":35,"turns":5},{"damage":20,"enemies":"3 Shapes","floor":38,"turns":4},{"damage":43,"enemies":"Nemesis","floor":41,"turns":9},{"damage":71,"enemies":"Giant Head","floor":45,"turns":8}],"seed_played":"-8489009470166017512","potions_obtained":[{"floor":4,"key":"GamblersBrew"},{"floor":5,"key":"AttackPotion"},{"floor":8,"key":"Fire Potion"}],"is_trial":false,"path_per_floor":["M","?","$","M","M","E","R","E","T","M","$","M","R","?","R","B",null,"M","?","M","?","$","R","M","?","T","$","R","E","$","M","R","B",null,"M","$","?","M","$","R","E","R","T","$","E"],"character_chosen":"DEFECT","items_purchased":["Molten Egg 2","Ball Lightning+1","Sweeping Beam+1","Cold Snap+1","Whetstone","Toolbox","Regal Pillow","Lockon+1","Ornamental Fan"],"campfire_rested":4,"item_purchase_floors":[3,3,11,22,39,39,39,39,44],"current_hp_per_floor":[41,64,64,63,62,51,51,38,38,38,38,35,56,56,56,34,62,56,56,56,56,56,56,41,55,55,70,70,13,28,25,46,30,61,42,57,57,37,52,71,28,64,64,71,0,0],"gold":42,"neow_bonus":"ONE_RARE_RELIC","is_daily":false,"chose_seed":false,"campfire_upgraded":4,"win_rate":0.0,"timestamp":1609261866,"path_taken":["M","?","$","M","M","E","R","E","T","M","?","M","R","?","R","BOSS","M","?","M","?","$","R","?","?","T","?","R","E","$","M","R","BOSS","M","$","?","M","$","R","E","R","T","$","E"],"items_purchased_type":["Relic","Card","Card","Card","Relic","Relic","Relic","Card","Relic"],"build_version":"2020-12-22","purchased_purges":4,"victory":false,"max_hp_per_floor":[71,71,71,71,71,71,71,71,71,71,71,71,71,71,71,71,71,71,71,71,71,71,71,71,71,71,71,71,71,71,71,71,71,71,71,71,71,71,71,71,71,71,71,71,71,71],"card_choices":[{"not_picked":["Tempest","Leap"],"picked":"Conserve Battery","floor":1},{"not_picked":["Barrage+1","Coolheaded"],"picked":"Sweeping Beam+1","floor":4},{"not_picked":["Genetic Algorithm","Leap"],"picked":"Ball Lightning+1","floor":5},{"not_picked":["Stack","Hologram"],"picked":"Electrodynamics","floor":6},{"not_picked":["Leap","Steam"],"picked":"Reinforced Body","floor":8},{"not_picked":["Buffer","Turbo"],"picked":"Leap","floor":10},{"not_picked":["Gash+1","Beam Cell+1"],"picked":"Rebound+1","floor":12},{"not_picked":["Meteor Strike+1","Hyperbeam+1"],"picked":"Creative AI","floor":16},{"not_picked":["Hologram","Hello World"],"picked":"Cold Snap+1","floor":18},{"not_picked":["Turbo","Sunder+1"],"picked":"Ball Lightning+1","floor":20},{"not_picked":["Turbo","Beam Cell+1"],"picked":"Reinforced Body","floor":24},{"not_picked":["Barrage+1","Tempest"],"picked":"Coolheaded","floor":29},{"not_picked":["Steam","Meteor Strike+1"],"picked":"Undo","floor":31},{"not_picked":["Buffer","Meteor Strike+1"],"picked":"Multi-Cast","floor":33},{"not_picked":["Steam","Redo"],"picked":"Cold Snap+1","floor":35},{"not_picked":["Rip and Tear+1","Go for the Eyes+1"],"picked":"Aggregate","floor":38},{"not_picked":["Heatsinks","Double Energy","Redo"],"picked":"SKIP","floor":41}],"player_experience":384977,"relics_obtained":[{"floor":6,"key":"TungstenRod"},{"floor":8,"key":"Incense Burner"},{"floor":9,"key":"Calipers"},{"floor":26,"key":"MealTicket"},{"floor":29,"key":"Matryoshka"},{"floor":41,"key":"Gambling Chip"},{"floor":43,"key":"Symbiotic Virus"},{"floor":43,"key":"Eternal Feather"}],"event_choices":[{"damage_healed":23,"gold_gain":0,"player_choice":"Banana","damage_taken":0,"max_hp_gain":0,"max_hp_loss":0,"event_name":"Big Fish","floor":2,"gold_loss":0},{"cards_removed":["Strike_B"],"damage_healed":0,"gold_gain":0,"player_choice":"Card Removal","damage_taken":0,"max_hp_gain":0,"max_hp_loss":0,"event_name":"The Cleric","floor":14,"gold_loss":75},{"damage_healed":0,"gold_gain":0,"player_choice":"Stole Relic","damage_taken":0,"relics_obtained":["Pantograph"],"max_hp_gain":0,"max_hp_loss":0,"event_name":"Addict","floor":19,"gold_loss":0,"cards_obtained":["Shame"]},{"damage_healed":0,"gold_gain":0,"player_choice":"Bet on Owner","damage_taken":0,"max_hp_gain":0,"max_hp_loss":0,"event_name":"The Joust","floor":21,"gold_loss":50},{"damage_healed":14,"gold_gain":0,"player_choice":"Heal","damage_taken":0,"max_hp_gain":0,"max_hp_loss":0,"event_name":"The Library","floor":25,"gold_loss":0},{"damage_healed":0,"gold_gain":999,"player_choice":"Gold","damage_taken":0,"max_hp_gain":0,"max_hp_loss":0,"event_name":"MindBloom","floor":37,"gold_loss":0,"cards_obtained":["Normality","Normality"]}],"is_beta":false,"boss_relics":[{"not_picked":["Tiny House","Calling Bell"],"picked":"Sozu"},{"not_picked":["FrozenCore","Coffee Dripper"],"picked":"Velvet Choker"}],"items_purged_floors":[3,27,39,44],"is_endless":false,"potions_floor_spawned":[4,5,8,20,31,38],"killed_by":"Giant Head","ascension_level":18}}