{"host":"uikxj58mzlixykyi","time":1609284443,"event":{"mods":["AchievementEnabler","BaseMod","BetterRewards","Colored Map","Colored Powertips","Downfall","Highlight Path","Minty Spire (QoL Compilation)","Rare Cards Sparkle","Replay The Spire","Shop Mod","StSLib"],"gold_per_floor":[99,99,99,99,115,134,186,186,186,186,95,95,95,110,125,221,221,221,236,236,236,236,248,248,173,190,207,222,6,6,20,30,127,127,127,141,153,153,153,153,153,63,63,96,96,96,96,106,106,106],"floor_reached":51,"playtime":2725,"items_purged":["Guardian:Repulse+1"],"score":638,"play_id":"9982ca1d-eda7-4a72-bf19-6fd41a7bd198","local_time":"20201230012723","is_ascension_mode":false,"campfire_choices":[{"data":"Guardian:Defend_Guardian","floor":1.0,"key":"PURGE"},{"data":"Guardian:Orbwalk","floor":13.0,"key":"SMITH"},{"data":"Guardian:ConstructionForm","floor":18.0,"key":"SMITH"},{"floor":25.0,"key":"REST"},{"floor":30.0,"key":"REST"},{"floor":35.0,"key":"DIG"},{"floor":40,"key":"REST"},{"data":"Guardian:SpikerProtocol","floor":43,"key":"SMITH"},{"floor":45,"key":"REST"},{"floor":47,"key":"REST"},{"data":"Guardian:ShieldSpikes","floor":49,"key":"SMITH"}],"circlet_count":0,"master_deck":["Guardian:Strike_Guardian","Guardian:Strike_Guardian+1","Guardian:Strike_Guardian","Guardian:Strike_Guardian","Guardian:Defend_Guardian+1","Guardian:Defend_Guardian","Guardian:Defend_Guardian","Guardian:CurlUp","Guardian:TwinSlam+1","Guardian:Gem_Green","Guardian:Orbwalk+1","Parasite","Guardian:AncientConstruct","Guardian:ConstructionForm+1","Guardian:ShieldSpikes+1","Guardian:Suspension+1","Guardian:EvasiveProtocol","Guardian:SpikerProtocol+1","Guardian:EvasiveProtocol+1","Guardian:RevengeProtocol","Guardian:Gem_Blue"],"relics":["Guardian:ModeShifter","downfall:HeartsMalice","Regal Pillow","Guardian:StasisSlotReductionRelic","downfall:HeartBlessingBlue","Bronze Scales","Philosopher\u0027s Stone","Replay:Mystery Machine","MealTicket","PreservedInsect"],"acts_visited":["Exordium","TheCity","TheBeyond"],"potions_floor_usage":[44,44,50,50],"damage_taken":[{"damage":0.0,"enemies":"Jaw Worm","floor":2.0,"turns":1.0},{"damage":0.0,"enemies":"2 Louse","floor":3.0,"turns":1.0},{"damage":0.0,"enemies":"Small Slimes","floor":4.0,"turns":1.0},{"damage":12.0,"enemies":"3 Louse","floor":5.0,"turns":3.0},{"damage":14.0,"enemies":"Lots of Slimes","floor":6.0,"turns":3.0},{"damage":6.0,"enemies":"downfall:FleeingMerchant","floor":11.0,"turns":4.0},{"damage":12.0,"enemies":"Red Slaver","floor":14.0,"turns":4.0},{"damage":12.0,"enemies":"Blue Slaver","floor":15.0,"turns":4.0},{"damage":21.0,"enemies":"downfall:Watcher","floor":16.0,"turns":8.0},{"damage":20.0,"enemies":"Chosen","floor":19.0,"turns":9.0},{"damage":20.0,"enemies":"Shelled Parasite and Fungi","floor":23.0,"turns":11.0},{"damage":9.0,"enemies":"Centurion and Healer","floor":26.0,"turns":10.0},{"damage":20.0,"enemies":"Chosen and Byrds","floor":27.0,"turns":10.0},{"damage":1.0,"enemies":"Snake Plant","floor":28.0,"turns":5.0},{"damage":0.0,"enemies":"downfall:FleeingMerchant","floor":29.0,"turns":4.0},{"damage":18.0,"enemies":"Sentry and Sphere","floor":31.0,"turns":5.0},{"damage":10.0,"enemies":"Centurion and Healer","floor":32.0,"turns":10.0},{"damage":27.0,"enemies":"downfall:Silent","floor":33.0,"turns":7.0},{"damage":26,"enemies":"3 Shapes","floor":36,"turns":7},{"damage":33,"enemies":"3 Darklings","floor":37,"turns":7},{"damage":6,"enemies":"downfall:FleeingMerchant","floor":42,"turns":4},{"damage":69,"enemies":"Reptomancer","floor":44,"turns":10},{"damage":0,"enemies":"Transient","floor":48,"turns":5},{"damage":77,"enemies":"downfall:Ironclad","floor":50,"turns":15}],"seed_played":"5411532915228423155","potions_obtained":[{"floor":5.0,"key":"LiquidMemories"},{"floor":6.0,"key":"SkillPotion"},{"floor":14.0,"key":"Guardian:DefensiveModePotion"},{"floor":16.0,"key":"Slimebound:ThreeZeroPotion"},{"floor":26.0,"key":"SkillPotion"},{"floor":31.0,"key":"SkillPotion"},{"floor":32.0,"key":"Venom Potion"},{"floor":33.0,"key":"LifebloodPotion"},{"floor":44,"key":"PowerPotion"},{"floor":48,"key":"PowerPotion"}],"is_trial":false,"path_per_floor":["R_BF","M","M","M","M","M","T","?","?","?","$","?","R","M","M","B",null,"R","M","?","?","?","M","T","R","M","M","M","$","R","M","M","B",null,"R_BF","M","M","?","?","R","T","$","R","E","R","?","R","M","R","B",null],"character_chosen":"GUARDIAN","items_purchased":["Guardian:Orbwalk","Bronze Scales","Guardian:Repulse+1"],"campfire_rested":5,"item_purchase_floors":[11,29,29],"current_hp_per_floor":[80,80,80,80,68,54,54,54,36,36,30,50,50,38,26,5,80,80,60,60,60,60,40,40,90,81,61,60,60,90,72,62,35,90,90,64,31,31,31,73,73,82,82,13,55,55,90,90,90,13],"gold":106,"neow_bonus":"THREE_ENEMY_KILL","is_daily":false,"chose_seed":false,"campfire_upgraded":4,"win_rate":0.0,"timestamp":1609284443,"path_taken":["R_BF","M","M","M","M","M","T","?","?","?","?","?","R","?","M","BOSS","R","M","?","?","?","?","T","R","M","M","M","?","R","M","M","BOSS","R_BF","M","M","?","?","R","T","$","R","E","R","?","R","M","R","BOSS"],"items_purchased_type":["Card","Relic","Card"],"build_version":"2020-12-22","purchased_purges":1,"victory":true,"max_hp_per_floor":[80,80,80,80,80,80,80,80,80,80,80,80,80,80,80,80,80,80,80,80,80,80,80,80,90,90,90,90,90,90,90,90,90,90,90,90,90,90,90,90,90,90,90,90,90,90,90,90,90,90],"card_choices":[{"not_picked":["Guardian:RollAttack","Guardian:Gem_Red","Guardian:ShieldCharger"],"picked":"SKIP","floor":2.0},{"not_picked":["Guardian:TemporalShield","Guardian:PiercingHide","Guardian:ChargeCore"],"picked":"SKIP","floor":3.0},{"not_picked":["Guardian:PiercingHide","Guardian:Reroute","Guardian:Gem_Lightblue"],"picked":"SKIP","floor":4.0},{"not_picked":["Guardian:Clone","Guardian:Recover","Guardian:RollAttack"],"picked":"SKIP","floor":5.0},{"not_picked":["Guardian:Incinerate","Guardian:ChargeCore","Guardian:Reroute"],"picked":"SKIP","floor":6.0},{"not_picked":["Guardian:TemporalShield","Guardian:Gem_Lightblue","Guardian:TimeCapacitor"],"picked":"SKIP","floor":11.0},{"not_picked":["Guardian:TemporalStrike","Guardian:Suspension"],"picked":"Guardian:AncientConstruct","floor":14.0},{"not_picked":["Guardian:TemporalShield","Guardian:Gem_Lightblue","Guardian:VentSteam"],"picked":"SKIP","floor":15.0},{"not_picked":["Guardian:ExploitGems","Guardian:HyperBeam_Guardian"],"picked":"Guardian:ConstructionForm","floor":16.0},{"not_picked":["Guardian:DonusPower","Guardian:Suspension+1"],"picked":"Guardian:ShieldSpikes","floor":19.0},{"not_picked":["Guardian:Gem_Lightblue","Guardian:MultiBeam"],"picked":"Guardian:Suspension+1","floor":23.0},{"not_picked":["Guardian:PrimingBeam","Guardian:StasisStrike"],"picked":"Guardian:EvasiveProtocol","floor":26.0},{"not_picked":["Guardian:Reroute","Guardian:Gem_Cyan","Guardian:ChargeCore"],"picked":"SKIP","floor":27.0},{"not_picked":["Guardian:RefractedBeam+1","Guardian:Gem_Red"],"picked":"Guardian:SpikerProtocol","floor":28.0},{"not_picked":["Guardian:Incinerate","Guardian:TemporalShield"],"picked":"Guardian:BronzeOrb","floor":29.0},{"not_picked":["Guardian:BronzeArmor","Guardian:Emergency+1"],"picked":"Guardian:EvasiveProtocol+1","floor":31.0},{"not_picked":["Guardian:Recover","Guardian:Incinerate+1","Guardian:WalkerClaw+1"],"picked":"SKIP","floor":32.0},{"not_picked":["Guardian:Gem_Synthetic","Guardian:FastForward"],"picked":"Guardian:RevengeProtocol","floor":33.0},{"not_picked":["Guardian:Gem_Cyan","Guardian:TemporalStrike+1","Guardian:WalkerClaw+1"],"picked":"SKIP","floor":36},{"not_picked":["Guardian:Incinerate","Guardian:Suspension+1","Guardian:Gem_Lightblue"],"picked":"SKIP","floor":37},{"not_picked":["Guardian:ChargeCore+1","Guardian:Planning+1","Guardian:Gem_Lightblue"],"picked":"SKIP","floor":42},{"not_picked":["Guardian:Gem_Purple","Guardian:PrimingBeam+1","Guardian:BronzeArmor"],"picked":"SKIP","floor":44},{"not_picked":["Guardian:TemporalStrike","Guardian:ShieldCharger","Guardian:BronzeOrb+1"],"picked":"SKIP","floor":48}],"player_experience":63180,"relics_obtained":[{"floor":7.0,"key":"Regal Pillow"},{"floor":35.0,"key":"Replay:Mystery Machine"},{"floor":41,"key":"MealTicket"},{"floor":44,"key":"PreservedInsect"}],"event_choices":[{"damage_healed":20.0,"max_hp_gain":0.0,"max_hp_loss":0.0,"gold_gain":0.0,"event_name":"Mushrooms","player_choice":"Healed and dodged fight","floor":12.0,"gold_loss":0.0,"damage_taken":0.0,"cards_obtained":["Parasite"]},{"damage_healed":0.0,"max_hp_gain":0.0,"max_hp_loss":0.0,"gold_gain":0.0,"event_name":"Vampires","player_choice":"Ignored","floor":20.0,"gold_loss":0.0,"damage_taken":0.0},{"damage_healed":0,"gold_gain":0,"player_choice":"Ignored","damage_taken":0,"max_hp_gain":0,"max_hp_loss":0,"event_name":"Mysterious Sphere","floor":46,"gold_loss":0}],"is_beta":false,"boss_relics":[{"not_picked":["Fusion Hammer","Black Star"],"picked":"Guardian:StasisSlotReductionRelic"},{"not_picked":["Pandora\u0027s Box","Velvet Choker"],"picked":"Philosopher\u0027s Stone"}],"items_purged_floors":[42],"is_endless":false,"potions_floor_spawned":[5,6,14,16,26,31,32,33,37,44,48],"ascension_level":0}}