{"host":"Shugu","time":1609246650,"event":{"mods":["BaseMod","Colored Powertips","Marisa£®ÏF”Í°°ƒß¿Ì…≥£©","Minty Spire (QoL Compilation)"],"gold_per_floor":[112,124,137,38,113,140,120,152,152,164,174,174,204,379,379,475,475,488,523,261,280,280,312,312,322,322,336,336,346,346,360,360,458,458,475,489,439,489,149,149,176,191,237,237,265,265,291,301,301,301,301,301,11,44,44],"floor_reached":56,"playtime":4385,"items_purged":["Strike_MRS","Doubt","Strike_MRS","Defend_MRS","Defend_MRS"],"score":1531,"play_id":"1528ed03-4795-4fb3-b336-85b72c131959","local_time":"20201229205730","is_ascension_mode":true,"campfire_choices":[{"data":"GrandCross","floor":12.0,"key":"SMITH"},{"data":"EarthLightRay","floor":15.0,"key":"SMITH"},{"data":"MillisecondPulsars","floor":24.0,"key":"SMITH"},{"data":"DarkMatter","floor":30,"key":"SMITH"},{"data":"GrandCross","floor":32,"key":"SMITH"},{"data":"GrandCross","floor":40,"key":"SMITH"},{"floor":46,"key":"RECALL"},{"data":"EventHorizon","floor":49,"key":"SMITH"},{"data":"AlicesGift","floor":52,"key":"SMITH"}],"circlet_count":0,"master_deck":["Strike_MRS","Defend_MRS+1","MasterSpark","UpSweep+1","GrandCross+1","SuperPerseids","SporeBomb","Acceleration","SuperPerseids+1","PulseMagic","EarthLightRay+1","MillisecondPulsars+1","GrandCross+1","PropBag","DarkMatter+1","EventHorizon+1","Flash of Steel+1","EarthLightRay+1","AlicesGift+1","DC","GrandCross+1","Acceleration+1","GrandCross+1","Dark Shackles","GrandCross+1"],"relics":["MiniHakkero","Smiling Mask","Mercury Hourglass","War Paint","Matryoshka","Black Star","Red Mask","Vajra","Toy Ornithopter","Orichalcum","Anchor","ExperimentalFamiliar","MagicBroom","CaptainsWheel","Lizard Tail","Whetstone","Happy Flower","Strawberry","Mummified Hand","FossilizedHelix","Gambling Chip","Bottled Lightning","Akabeko","Boot","Pen Nib"],"acts_visited":["Exordium","TheCity","TheBeyond","TheEnding"],"potions_floor_usage":[29,35,55],"damage_taken":[{"damage":1.0,"enemies":"Cultist","floor":1.0,"turns":3.0},{"damage":2.0,"enemies":"Small Slimes","floor":2.0,"turns":3.0},{"damage":8.0,"enemies":"Jaw Worm","floor":3.0,"turns":3.0},{"damage":20.0,"enemies":"Lagavulin","floor":6.0,"turns":4.0},{"damage":8.0,"enemies":"3 Sentries","floor":8.0,"turns":6.0},{"damage":10.0,"enemies":"Looter","floor":10.0,"turns":2.0},{"damage":3.0,"enemies":"Large Slime","floor":11.0,"turns":4.0},{"damage":0.0,"enemies":"Lagavulin","floor":13.0,"turns":3.0},{"damage":12.0,"enemies":"The Guardian","floor":16.0,"turns":8.0},{"damage":14.0,"enemies":"3 Byrds","floor":18.0,"turns":4.0},{"damage":15.0,"enemies":"Masked Bandits","floor":19.0,"turns":3.0},{"damage":8.0,"enemies":"Shell Parasite","floor":21.0,"turns":3.0},{"damage":22.0,"enemies":"Gremlin Leader","floor":23.0,"turns":3.0},{"damage":3.0,"enemies":"Centurion and Healer","floor":25.0,"turns":2.0},{"damage":1,"enemies":"3 Cultists","floor":27,"turns":3},{"damage":25,"enemies":"Shelled Parasite and Fungi","floor":29,"turns":4},{"damage":0,"enemies":"Centurion and Healer","floor":31,"turns":3},{"damage":32,"enemies":"Champ","floor":33,"turns":8},{"damage":3,"enemies":"3 Shapes","floor":35,"turns":3},{"damage":1,"enemies":"Orb Walker","floor":36,"turns":2},{"damage":18,"enemies":"2 Orb Walkers","floor":38,"turns":3},{"damage":0,"enemies":"Giant Head","floor":41,"turns":4},{"damage":0,"enemies":"Writhing Mass","floor":42,"turns":1},{"damage":0,"enemies":"Nemesis","floor":45,"turns":2},{"damage":0,"enemies":"Giant Head","floor":47,"turns":2},{"damage":0,"enemies":"3 Darklings","floor":48,"turns":1},{"damage":10,"enemies":"Time Eater","floor":50,"turns":3},{"damage":0,"enemies":"Shield and Spear","floor":54,"turns":3},{"damage":74,"enemies":"The Heart","floor":55,"turns":5}],"seed_played":"-5091752681918898898","potions_obtained":[{"floor":1.0,"key":"SpeedPotion"},{"floor":2.0,"key":"BottledSpark"},{"floor":7.0,"key":"Energy Potion"},{"floor":11.0,"key":"LiquidMemories"},{"floor":16.0,"key":"FairyPotion"},{"floor":19.0,"key":"Energy Potion"},{"floor":33,"key":"Fruit Juice"},{"floor":35,"key":"StarNLove"}],"is_trial":false,"path_per_floor":["M","M","M","$","?","E","?","E","T","M","M","R","E","?","R","B",null,"M","?","$","M","?","E","R","M","T","M","?","M","R","M","R","B",null,"M","M","$","?","$","R","E","M","T","?","E","R","E","M","R","B",null,"R","$","E","B",null],"character_chosen":"MARISA","items_purchased":["Acceleration","DarkMatter","Vajra","CaptainsWheel","Akabeko","Dark Shackles"],"campfire_rested":0,"item_purchase_floors":[4,20,20,39,53,53],"current_hp_per_floor":[74,72,64,64,53,33,33,25,25,15,12,12,12,12,12,6,75,67,58,58,56,44,22,22,25,25,36,36,28,28,40,40,20,75,80,80,80,68,68,68,80,80,87,83,83,83,83,83,83,83,83,83,83,83,23],"gold":44,"neow_bonus":"TRANSFORM_CARD","is_daily":false,"chose_seed":false,"campfire_upgraded":8,"win_rate":0.0,"timestamp":1609246650,"path_taken":["M","M","M","$","?","E","?","E","T","?","M","R","E","?","R","BOSS","M","?","$","M","?","E","R","M","T","?","?","M","R","?","R","BOSS","M","M","$","?","$","R","E","M","T","?","E","R","E","M","R","BOSS","R","$","E","BOSS"],"items_purchased_type":["Card","Card","Relic","Relic","Relic","Card"],"build_version":"2020-12-18","purchased_purges":5,"victory":true,"max_hp_per_floor":[75,75,75,75,75,75,75,75,75,75,75,75,75,75,75,75,75,75,75,75,75,75,75,75,75,75,75,75,75,75,75,75,75,75,80,80,80,80,80,80,80,80,87,83,83,83,83,83,83,83,83,83,83,83,83],"card_choices":[{"not_picked":["DC","ShootingEcho"],"picked":"SuperPerseids","floor":1.0},{"not_picked":["OrrerysSun","NonDirectionalLaser"],"picked":"SporeBomb","floor":2.0},{"not_picked":["IllusionStar","GravityBeat","UnstableBomb"],"picked":"SKIP","floor":3.0},{"not_picked":["GravityBeat","SporeBomb"],"picked":"SuperPerseids","floor":6.0},{"not_picked":["EnergyFlow","GrandCross"],"picked":"PulseMagic","floor":8.0},{"not_picked":["MilkyWay","GalacticHalo","GravityBeat"],"picked":"SKIP","floor":10.0},{"not_picked":["NonDirectionalLaser","LuminesStrike","Occultation"],"picked":"SKIP","floor":11.0},{"not_picked":["NonDirectionalLaser","Acceleration"],"picked":"EarthLightRay","floor":13.0},{"not_picked":["StarDustReverie","BinaryStars"],"picked":"MillisecondPulsars","floor":16.0},{"not_picked":["IllusionStar+1","MysteriousBeam"],"picked":"GrandCross","floor":18.0},{"not_picked":["NonDirectionalLaser","ShootingEcho"],"picked":"PropBag","floor":19.0},{"not_picked":["UnstableBomb","LuminesStrike"],"picked":"EventHorizon","floor":21.0},{"not_picked":["MagicChant","MillisecondPulsars"],"picked":"EarthLightRay+1","floor":23.0},{"not_picked":["GravityBeat","MysteriousBeam","DarkSpark"],"picked":"SKIP","floor":25.0},{"not_picked":["GravityBeat","ShootingEcho"],"picked":"AlicesGift","floor":27},{"not_picked":["PulseMagic+1","WitchLeyline"],"picked":"GrandCross","floor":29},{"not_picked":["WitchOfGreed","MagicAbsorber"],"picked":"Acceleration+1","floor":31},{"not_picked":["BlazeAway+1","LuminesStrike+1","DC"],"picked":"SKIP","floor":35},{"not_picked":["UnstableBomb+1","LuminesStrike","SporeBomb+1"],"picked":"SKIP","floor":36},{"not_picked":["GalacticHalo+1","GasGiant+1","TreasureHunter"],"picked":"SKIP","floor":41},{"not_picked":["IllusionStar+1","SuperPerseids+1","DarkMatter"],"picked":"SKIP","floor":42},{"not_picked":["WitchOfGreed+1","NonDirectionalLaser"],"picked":"GrandCross+1","floor":45},{"not_picked":["WitchOfGreed","StarlightTyphoon","GravityBeat"],"picked":"SKIP","floor":47},{"not_picked":["GasGiant","MeteoricShower+1","UnstableBomb"],"picked":"SKIP","floor":48},{"not_picked":["ManaConvection+1","IllusionStar"],"picked":"GrandCross+1","floor":54}],"player_experience":384299,"relics_obtained":[{"floor":6.0,"key":"Smiling Mask"},{"floor":8.0,"key":"Mercury Hourglass"},{"floor":9.0,"key":"War Paint"},{"floor":13.0,"key":"Matryoshka"},{"floor":19.0,"key":"Red Mask"},{"floor":23.0,"key":"Toy Ornithopter"},{"floor":23.0,"key":"Orichalcum"},{"floor":26.0,"key":"Anchor"},{"floor":38,"key":"MagicBroom"},{"floor":41,"key":"Lizard Tail"},{"floor":41,"key":"Whetstone"},{"floor":43,"key":"Happy Flower"},{"floor":43,"key":"Strawberry"},{"floor":45,"key":"Mummified Hand"},{"floor":45,"key":"FossilizedHelix"},{"floor":47,"key":"Gambling Chip"},{"floor":47,"key":"Bottled Lightning"},{"floor":54,"key":"Boot"},{"floor":54,"key":"Pen Nib"}],"event_choices":[{"damage_healed":0.0,"max_hp_gain":0.0,"max_hp_loss":0.0,"gold_gain":75.0,"event_name":"World of Goop","player_choice":"Gather Gold","floor":5.0,"gold_loss":0.0,"damage_taken":11.0},{"damage_healed":0.0,"max_hp_gain":0.0,"max_hp_loss":0.0,"gold_gain":0.0,"event_name":"The Woman in Blue","player_choice":"Bought 1 Potion","floor":7.0,"gold_loss":0.0,"damage_taken":0.0},{"damage_healed":0.0,"max_hp_gain":0.0,"max_hp_loss":0.0,"gold_gain":175.0,"event_name":"Liars Game","player_choice":"AGREE","floor":14.0,"gold_loss":0.0,"damage_taken":0.0,"cards_obtained":["Doubt"]},{"damage_healed":0.0,"max_hp_gain":0.0,"max_hp_loss":0.0,"gold_gain":0.0,"event_name":"Masked Bandits","player_choice":"Fought Bandits","floor":19.0,"gold_loss":0.0,"damage_taken":0.0},{"damage_healed":0.0,"max_hp_gain":0.0,"max_hp_loss":0.0,"gold_gain":0.0,"event_name":"Knowing Skull","player_choice":"CARD ","floor":22.0,"potions_obtained":[],"gold_loss":0.0,"damage_taken":12.0,"cards_obtained":["Flash of Steel"]},{"damage_healed":0,"gold_gain":0,"cards_transformed":["Defend_MRS"],"player_choice":"Transformed","damage_taken":0,"max_hp_gain":0,"max_hp_loss":0,"event_name":"Transmorgrifier","floor":28,"gold_loss":0,"cards_obtained":["DC"]},{"damage_healed":0,"gold_gain":0,"player_choice":"Fight","damage_taken":0,"max_hp_gain":0,"max_hp_loss":0,"event_name":"Mysterious Sphere","floor":38,"gold_loss":0},{"damage_healed":0,"gold_gain":0,"player_choice":"Max HP","damage_taken":0,"max_hp_gain":0,"max_hp_loss":4,"event_name":"Winding Halls","floor":44,"gold_loss":0}],"is_beta":true,"boss_relics":[{"not_picked":["SlaversCollar","Fusion Hammer"],"picked":"Black Star"},{"not_picked":["Snecko Eye","Cursed Key"],"picked":"ExperimentalFamiliar"}],"items_purged_floors":[4,20,37,39,53],"is_endless":false,"potions_floor_spawned":[1,2,11,13,16,19,27,33,35,38,45,48],"ascension_level":1}}