{"host":"0nzvmr5az7vks2y2","time":1609243826,"event":{"mods":["BaseMod","Colored Map","Minty Spire (QoL Compilation)","StSLib","The Marked"],"gold_per_floor":[112,82,7,27,45,72,84,117,199,215,215,47,62,119,119,217,217,230,230,246,121,121,121,154,154,154,154,154],"floor_reached":27,"playtime":1520,"items_purged":["theMarked:Strike","theMarked:Strike","theMarked:Strike"],"score":241,"play_id":"89ca71bf-2ea1-4056-b549-dab4a193576f","local_time":"20201229131026","is_ascension_mode":false,"campfire_choices":[{"floor":11.0,"key":"REST"},{"floor":15.0,"key":"REST"},{"floor":23,"key":"REST"},{"floor":25,"key":"REST"}],"circlet_count":0,"master_deck":["theMarked:Strike+1","theMarked:Strike","theMarked:Defend","theMarked:Defend","theMarked:Defend","theMarked:Defend","theMarked:SoldierOfQuellstein","theMarked:Static","theMarked:CreepingChasm","theMarked:Improvise","theMarked:MagicAdept","theMarked:ChainLightning+1","theMarked:WardOff+1","theMarked:PowerFlow+1","theMarked:HeightenedSenses+1","theMarked:Defy","theMarked:TwofoldDefense+1","theMarked:WardOff+1","theMarked:SuspiciousRaven+1"],"relics":["theMarked:ArtifactOfAir","theMarked:NailFile","Calipers","Toxic Egg 2","Whetstone","theMarked:SpiritSword","White Beast Statue","Bag of Marbles"],"acts_visited":["Exordium","TheCity"],"potions_floor_usage":[],"damage_taken":[{"damage":0.0,"enemies":"Small Slimes","floor":1.0,"turns":3.0},{"damage":1.0,"enemies":"Cultist","floor":4.0,"turns":3.0},{"damage":5.0,"enemies":"Jaw Worm","floor":5.0,"turns":4.0},{"damage":32.0,"enemies":"Gremlin Nob","floor":6.0,"turns":4.0},{"damage":6.0,"enemies":"Large Slime","floor":7.0,"turns":4.0},{"damage":17.0,"enemies":"Lagavulin","floor":8.0,"turns":6.0},{"damage":7.0,"enemies":"Blue Slaver","floor":10.0,"turns":4.0},{"damage":2.0,"enemies":"Looter","floor":13.0,"turns":4.0},{"damage":12.0,"enemies":"Gremlin Nob","floor":14.0,"turns":5.0},{"damage":35.0,"enemies":"Slime Boss","floor":16.0,"turns":8.0},{"damage":26,"enemies":"Chosen","floor":18,"turns":6},{"damage":25,"enemies":"Spheric Guardian","floor":20,"turns":6},{"damage":36,"enemies":"Slavers","floor":24,"turns":5},{"damage":40,"enemies":"Book of Stabbing","floor":27,"turns":5}],"seed_played":"414486230308125017","potions_obtained":[{"floor":2.0,"key":"EssenceOfSteel"},{"floor":2.0,"key":"Strength Potion"},{"floor":5.0,"key":"SkillPotion"},{"floor":6.0,"key":"AttackPotion"},{"floor":7.0,"key":"EssenceOfSteel"},{"floor":8.0,"key":"ColorlessPotion"},{"floor":13.0,"key":"CultistPotion"},{"floor":14.0,"key":"Fire Potion"},{"floor":20,"key":"Ancient Potion"}],"is_trial":false,"path_per_floor":["M","?","$","M","M","E","M","E","T","M","R","$","M","?","R","B",null,"M","?","M","$","?","R","E","R","T","E"],"character_chosen":"THE_DEFAULT","items_purchased":["theMarked:PowerFlow+1"],"campfire_rested":4,"item_purchase_floors":[12],"current_hp_per_floor":[77,77,77,76,71,39,33,16,16,9,32,32,30,18,41,6,77,51,51,26,26,26,49,13,36,36,0,0],"gold":154,"neow_bonus":"TEN_PERCENT_HP_BONUS","is_daily":false,"chose_seed":false,"campfire_upgraded":0,"win_rate":0.0,"timestamp":1609243826,"path_taken":["M","?","?","M","M","E","M","E","T","M","R","$","M","?","R","BOSS","M","?","M","$","?","R","E","R","T","E"],"items_purchased_type":["Card"],"build_version":"2020-12-22","purchased_purges":3,"victory":false,"max_hp_per_floor":[77,77,77,77,77,77,77,77,77,77,77,77,77,77,77,77,77,77,77,77,77,77,77,77,77,77,77,77],"card_choices":[{"not_picked":["theMarked:RepellingDischarge","theMarked:Parkour"],"picked":"theMarked:Static","floor":1.0},{"not_picked":["theMarked:Indomitable","theMarked:Generate"],"picked":"theMarked:CreepingChasm","floor":4.0},{"not_picked":["theMarked:Panic","theMarked:WastefulAttack"],"picked":"theMarked:Improvise","floor":5.0},{"not_picked":["theMarked:SwordAndMagic","theMarked:ElectricStrings"],"picked":"theMarked:MagicAdept","floor":6.0},{"not_picked":["theMarked:WardOff","theMarked:Parkour","theMarked:KeepCalmAndFightOn"],"picked":"SKIP","floor":7.0},{"not_picked":["theMarked:GodGivenPower","theMarked:HeritageOfTheMarked"],"picked":"theMarked:ChainLightning","floor":8.0},{"not_picked":["theMarked:TwofoldDefense+1","theMarked:Overthink+1"],"picked":"theMarked:WardOff+1","floor":10.0},{"not_picked":["theMarked:ElectricStrings","theMarked:ResourceFulStrike","theMarked:Electrocute"],"picked":"SKIP","floor":13.0},{"not_picked":["theMarked:ContemptForTheProud","theMarked:EmpowerWeapon+1"],"picked":"theMarked:HeightenedSenses+1","floor":14.0},{"not_picked":["theMarked:ThrowWeapon","theMarked:UnarmedFury"],"picked":"theMarked:Defy","floor":16.0},{"not_picked":["theMarked:EmpowerWeapon+1","theMarked:RepellingDischarge+1"],"picked":"theMarked:TwofoldDefense+1","floor":18},{"not_picked":["theMarked:WastefulDefense+1","theMarked:ContemptForTheProud","theMarked:KeepCalmAndFightOn"],"picked":"SKIP","floor":20},{"not_picked":["theMarked:PowerFlow+1","theMarked:ContemptForTheProud+1"],"picked":"theMarked:SuspiciousRaven+1","floor":24}],"player_experience":545027,"relics_obtained":[{"floor":6.0,"key":"theMarked:NailFile"},{"floor":8.0,"key":"Calipers"},{"floor":9.0,"key":"Toxic Egg 2"},{"floor":14.0,"key":"Whetstone"},{"floor":24,"key":"White Beast Statue"},{"floor":26,"key":"Bag of Marbles"}],"event_choices":[{"damage_healed":0.0,"max_hp_gain":0.0,"max_hp_loss":0.0,"gold_gain":0.0,"event_name":"The Woman in Blue","player_choice":"Bought 2 Potions","floor":2.0,"gold_loss":0.0,"damage_taken":0.0},{"damage_healed":0.0,"max_hp_gain":0.0,"max_hp_loss":0.0,"gold_gain":0.0,"event_name":"Dead Adventurer","player_choice":"Searched \u00271\u0027 times","floor":14.0,"gold_loss":0.0,"damage_taken":0.0},{"damage_healed":0,"gold_gain":0,"player_choice":"Read","damage_taken":0,"max_hp_gain":0,"max_hp_loss":0,"event_name":"The Library","floor":19,"gold_loss":0,"cards_obtained":["theMarked:WardOff"]},{"damage_healed":0,"gold_gain":0,"player_choice":"Ignored","damage_taken":0,"max_hp_gain":0,"max_hp_loss":0,"event_name":"Ghosts","floor":22,"gold_loss":0}],"is_beta":false,"boss_relics":[{"not_picked":["Snecko Eye","Sozu"],"picked":"theMarked:SpiritSword"}],"items_purged_floors":[3,12,21],"is_endless":false,"potions_floor_spawned":[5,6,7,8,13,14,20],"killed_by":"Book of Stabbing","ascension_level":0}}