{"host":"2no1vwhhkhf0ohz3","time":1609262844,"event":{"mods":["AchievementEnabler","BaseMod","Colored Map","DeckTracker","Keyboard Shortcuts","Minty Spire (QoL Compilation)","Relic Stats","SuperFastMode"],"gold_per_floor":[110,30,47,59,77,77,90,168,168,197,197,52,69,85,85,185,185,203,231,281,196,208,208,123,123,193,208,208,208,225,253,253,351,401,412,345,364,364,375,375,407,419,510,536,402,432,432,654,654,654],"floor_reached":51,"playtime":1289,"items_purged":["Strike_R"],"score":1045,"play_id":"b8ab325c-48c5-4da8-bf67-36ccd2d2a33f","local_time":"20201230022724","is_ascension_mode":true,"campfire_choices":[{"data":"Fire Breathing","floor":6.0,"key":"SMITH"},{"data":"Body Slam","floor":15.0,"key":"SMITH"},{"data":"Fire Breathing","floor":23.0,"key":"SMITH"},{"data":"Dual Wield","floor":25.0,"key":"SMITH"},{"data":"Second Wind","floor":32.0,"key":"SMITH"},{"floor":40.0,"key":"REST"},{"data":"Burning Pact","floor":42.0,"key":"SMITH"},{"floor":47.0,"key":"REST"},{"data":"Shockwave","floor":49.0,"key":"SMITH"}],"circlet_count":0,"master_deck":["Defend_R","Defend_R","Defend_R","Bash+1","Fire Breathing+1","Power Through","Pommel Strike","Shrug It Off","Offering","Battle Trance","Body Slam+1","Burning Pact+1","Offering","Fire Breathing+1","Finesse","Dual Wield+1","Warcry+1","Second Wind+1","Juggernaut+1","Feel No Pain","Shockwave+1","Cleave","Seeing Red+1","Sentinel","Power Through","Shockwave+1","Intimidate+1"],"relics":["Burning Blood","Question Card","Singing Bowl","Bird Faced Urn","Empty Cage","Red Mask","Lantern","Matryoshka","Orichalcum","Tiny House","MawBank","Sundial","Blue Candle","Orrery","Juzu Bracelet"],"acts_visited":["Exordium","TheCity","TheBeyond"],"potions_floor_usage":[],"damage_taken":[{"damage":11.0,"enemies":"Cultist","floor":1.0,"turns":4.0},{"damage":12.0,"enemies":"Small Slimes","floor":3.0,"turns":4.0},{"damage":8.0,"enemies":"2 Louse","floor":4.0,"turns":3.0},{"damage":4.0,"enemies":"Red Slaver","floor":5.0,"turns":6.0},{"damage":0.0,"enemies":"Large Slime","floor":7.0,"turns":4.0},{"damage":42.0,"enemies":"Lagavulin","floor":10.0,"turns":8.0},{"damage":7.0,"enemies":"3 Louse","floor":13.0,"turns":4.0},{"damage":9.0,"enemies":"Exordium Thugs","floor":14.0,"turns":5.0},{"damage":30.0,"enemies":"The Guardian","floor":16.0,"turns":8.0},{"damage":6.0,"enemies":"Chosen","floor":18.0,"turns":4.0},{"damage":12.0,"enemies":"Masked Bandits","floor":19.0,"turns":3.0},{"damage":11.0,"enemies":"Spheric Guardian","floor":22.0,"turns":5.0},{"damage":12.0,"enemies":"Centurion and Healer","floor":27.0,"turns":5.0},{"damage":12.0,"enemies":"Snake Plant","floor":30.0,"turns":3.0},{"damage":25.0,"enemies":"Gremlin Leader","floor":31.0,"turns":4.0},{"damage":53.0,"enemies":"Automaton","floor":33.0,"turns":7.0},{"damage":47.0,"enemies":"3 Darklings","floor":35.0,"turns":3.0},{"damage":20.0,"enemies":"3 Shapes","floor":37.0,"turns":3.0},{"damage":25.0,"enemies":"3 Darklings","floor":39.0,"turns":4.0},{"damage":36.0,"enemies":"Reptomancer","floor":41.0,"turns":5.0},{"damage":12.0,"enemies":"4 Shapes","floor":44.0,"turns":3.0},{"damage":40.0,"enemies":"Giant Head","floor":46.0,"turns":7.0},{"damage":61,"enemies":"Awakened One","floor":50,"turns":7}],"seed_played":"-5607880055420625718","potions_obtained":[{"floor":3.0,"key":"DuplicationPotion"},{"floor":5.0,"key":"Swift Potion"},{"floor":10.0,"key":"ElixirPotion"},{"floor":18.0,"key":"Energy Potion"},{"floor":19.0,"key":"Swift Potion"},{"floor":35.0,"key":"Weak Potion"}],"is_trial":false,"path_per_floor":["M","$","M","M","M","R","M","T","T","E","?","$","M","M","R","B",null,"M","?","?","$","M","R","?","R","T","M","?","?","M","E","R","B",null,"M","$","M","?","M","R","E","R","T","M","$","E","R","?","R","B",null],"character_chosen":"IRONCLAD","items_purchased":["Power Through","Battle Trance","Finesse","Shockwave","Orrery"],"campfire_rested":2,"item_purchase_floors":[2,12,21,36,45],"current_hp_per_floor":[67,67,61,59,61,61,67,67,67,31,31,31,32,31,31,11,63,65,65,65,65,64,64,64,64,64,64,64,64,62,51,51,12,71,44,44,40,40,35,63,39,39,39,43,47,25,55,55,55,10],"gold":654,"neow_bonus":"UPGRADE_CARD","is_daily":false,"chose_seed":false,"campfire_upgraded":7,"win_rate":0.0,"timestamp":1609262844,"path_taken":["M","?","M","M","M","R","?","?","T","E","?","$","M","M","R","BOSS","M","?","?","$","?","R","?","R","T","M","?","?","?","E","R","BOSS","M","$","M","?","M","R","E","R","T","M","$","E","R","?","R","BOSS"],"items_purchased_type":["Card","Card","Card","Card","Relic"],"build_version":"2020-12-22","purchased_purges":1,"victory":true,"max_hp_per_floor":[80,80,80,80,80,80,80,80,80,80,80,80,80,80,80,80,80,80,82,82,82,82,82,82,82,82,84,84,84,84,84,84,84,89,91,91,93,93,95,95,95,95,95,97,101,101,101,101,101,101],"relic_stats":{"Singing Bowl":16,"counters":[23,109],"Sundial":[2],"Bird Faced Urn":[110],"Blue Candle":[0],"Juzu Bracelet":1,"Orichalcum":[30],"Question Card":23,"MawBank":48,"obtain_stats":[{"Lantern":24,"Tiny House":34,"Singing Bowl":9,"Blue Candle":43,"Juzu Bracelet":46,"Orichalcum":31,"Question Card":8,"Empty Cage":17,"MawBank":41,"Burning Blood":0,"Matryoshka":26,"Sundial":43,"Bird Faced Urn":10,"Orrery":45,"Red Mask":19},{"Lantern":12,"Tiny House":16,"Singing Bowl":5,"Blue Candle":20,"Juzu Bracelet":22,"Orichalcum":15,"Question Card":5,"Empty Cage":9,"MawBank":20,"Burning Blood":0,"Matryoshka":12,"Sundial":20,"Bird Faced Urn":6,"Orrery":21,"Red Mask":11},{"Lantern":58,"Tiny House":77,"Singing Bowl":21,"Blue Candle":92,"Juzu Bracelet":102,"Orichalcum":70,"Question Card":21,"Empty Cage":46,"MawBank":92,"Burning Blood":0,"Matryoshka":58,"Sundial":92,"Bird Faced Urn":29,"Orrery":95,"Red Mask":53}],"Burning Blood":138},"card_choices":[{"not_picked":["Shrug It Off","Thunderclap"],"picked":"Fire Breathing","floor":1.0},{"not_picked":["Anger","True Grit"],"picked":"Pommel Strike","floor":3.0},{"not_picked":["Cleave","Perfected Strike","Clothesline"],"picked":"SKIP","floor":4.0},{"not_picked":["Whirlwind","Bloodletting","Bludgeon"],"picked":"SKIP","floor":5.0},{"not_picked":["Heavy Blade","Body Slam"],"picked":"Shrug It Off","floor":7.0},{"not_picked":["Body Slam","Perfected Strike","Twin Strike"],"picked":"Offering","floor":10.0},{"not_picked":["Headbutt","Warcry","Iron Wave"],"picked":"Body Slam","floor":13.0},{"not_picked":["Iron Wave","Cleave","Warcry"],"picked":"Burning Pact","floor":14.0},{"not_picked":["Juggernaut","Demon Form","Feed"],"picked":"Offering","floor":16.0},{"not_picked":["Searing Blow","Entrench","Ghostly Armor+1"],"picked":"Fire Breathing","floor":18.0},{"not_picked":["Infernal Blade+1","True Grit","Seeing Red","Sword Boomerang"],"picked":"Singing Bowl","floor":19.0},{"not_picked":["Sword Boomerang","Perfected Strike","Iron Wave"],"picked":"Dual Wield","floor":22.0},{"not_picked":["Body Slam","Searing Blow+1","Bloodletting","Headbutt"],"picked":"Singing Bowl","floor":27.0},{"not_picked":["Feed","Dropkick","Armaments"],"picked":"Warcry+1","floor":30.0},{"not_picked":["Rage+1","Brutality","Body Slam"],"picked":"Second Wind","floor":31.0},{"not_picked":["Corruption","Immolate","Offering"],"picked":"Juggernaut","floor":33.0},{"not_picked":["Body Slam","Armaments","Pummel+1"],"picked":"Feel No Pain","floor":34.0},{"not_picked":["Pommel Strike","Clothesline+1","Bloodletting+1","Blood for Blood+1"],"picked":"Singing Bowl","floor":35.0},{"not_picked":["Armaments+1","Ghostly Armor","Infernal Blade","Second Wind"],"picked":"Singing Bowl","floor":37.0},{"not_picked":["Sever Soul","Shockwave","Pommel Strike","Flex"],"picked":"Singing Bowl","floor":39.0},{"not_picked":["Second Wind+1","Shrug It Off","Warcry"],"picked":"Seeing Red+1","floor":41.0},{"not_picked":["Limit Break","Heavy Blade+1","Seeing Red","Pummel"],"picked":"Singing Bowl","floor":44.0},{"not_picked":["Hemokinesis","Armaments+1","Warcry+1"],"picked":"Sentinel","floor":45.0},{"not_picked":["Flame Barrier+1","Sentinel","Burning Pact+1"],"picked":"Power Through","floor":45.0},{"not_picked":["True Grit+1","Brutality","Armaments"],"picked":"Shockwave+1","floor":45.0},{"not_picked":["Heavy Blade+1","Flex+1","Clothesline","Cleave+1"],"picked":"Singing Bowl","floor":45.0},{"not_picked":["Flex","Iron Wave","Rupture","Body Slam+1"],"picked":"Singing Bowl","floor":45.0},{"not_picked":["Whirlwind+1","Headbutt","Reaper"],"picked":"Intimidate+1","floor":46.0}],"player_experience":267295,"relics_obtained":[{"floor":8.0,"key":"Question Card"},{"floor":9.0,"key":"Singing Bowl"},{"floor":10.0,"key":"Bird Faced Urn"},{"floor":19.0,"key":"Red Mask"},{"floor":26.0,"key":"Matryoshka"},{"floor":31.0,"key":"Orichalcum"},{"floor":41.0,"key":"MawBank"},{"floor":43.0,"key":"Sundial"},{"floor":43.0,"key":"Blue Candle"},{"floor":46.0,"key":"Juzu Bracelet"}],"event_choices":[{"cards_removed":["Strike_R"],"damage_healed":0.0,"max_hp_gain":0.0,"max_hp_loss":0.0,"gold_gain":0.0,"event_name":"Wheel of Change","player_choice":"Card Removal","floor":11.0,"gold_loss":0.0,"damage_taken":0.0},{"damage_healed":0.0,"max_hp_gain":0.0,"max_hp_loss":0.0,"gold_gain":0.0,"event_name":"Masked Bandits","player_choice":"Fought Bandits","floor":19.0,"gold_loss":0.0,"damage_taken":0.0},{"damage_healed":0.0,"max_hp_gain":0.0,"max_hp_loss":0.0,"gold_gain":100.0,"event_name":"The Joust","player_choice":"Bet on Murderer","floor":20.0,"gold_loss":50.0,"damage_taken":0.0},{"damage_healed":0.0,"max_hp_gain":0.0,"max_hp_loss":0.0,"gold_gain":0.0,"event_name":"Addict","player_choice":"Obtained Relic","floor":24.0,"gold_loss":85.0,"damage_taken":0.0,"relics_obtained":["Lantern"]},{"damage_healed":0.0,"max_hp_gain":0.0,"max_hp_loss":0.0,"gold_gain":0.0,"cards_transformed":["Strike_R","Defend_R"],"event_name":"Drug Dealer","player_choice":"Became Test Subject","floor":28.0,"gold_loss":0.0,"damage_taken":0.0,"cards_obtained":["True Grit","Searing Blow"]},{"cards_removed":["Searing Blow"],"damage_healed":0.0,"max_hp_gain":0.0,"max_hp_loss":0.0,"gold_gain":0.0,"event_name":"Wheel of Change","player_choice":"Card Removal","floor":29.0,"gold_loss":0.0,"damage_taken":0.0},{"damage_healed":0.0,"max_hp_gain":0.0,"max_hp_loss":0.0,"gold_gain":0.0,"cards_transformed":["True Grit"],"event_name":"Transmorgrifier","player_choice":"Transformed","floor":38.0,"gold_loss":0.0,"damage_taken":0.0,"cards_obtained":["Cleave"]},{"damage_healed":0.0,"max_hp_gain":0.0,"max_hp_loss":0.0,"gold_gain":222.0,"event_name":"Tomb of Lord Red Mask","player_choice":"Wore Mask","floor":48.0,"gold_loss":0.0,"damage_taken":0.0}],"is_beta":false,"boss_relics":[{"not_picked":["Black Blood","Busted Crown"],"picked":"Empty Cage"},{"not_picked":["Philosopher\u0027s Stone","Runic Pyramid"],"picked":"Tiny House"}],"items_purged_floors":[12],"is_endless":false,"potions_floor_spawned":[3,5,10,14,18,19,31,33,35],"ascension_level":7}}