{"host":"khm4we1ijduz33xh","time":1609235276,"event":{"mods":["AchievementEnabler","BaseMod","Colored Map","Minty Spire (QoL Compilation)","Rare Cards Sparkle","StSLib","SuperFastMode"],"gold_per_floor":[112,287,305,152,165,200,200,227,227,227,239,339,327,339,339,435,435,451,465,294,294,17,43,43,75,101,129,148,174,192,224,224,323,323,341,696,707,717,737,737,763,763,763,773,773,584,584,598,598,598],"floor_reached":51,"playtime":3819,"items_purged":["Strike_P","Strike_P","Doubt","Parasite"],"score":951,"play_id":"ba83dbed-36fb-4ea5-b52b-d532e7e60663","local_time":"20201229184756","is_ascension_mode":true,"campfire_choices":[{"data":"Eruption","floor":7.0,"key":"SMITH"},{"data":"Adaptation","floor":10.0,"key":"SMITH"},{"data":"BattleHymn","floor":15.0,"key":"SMITH"},{"data":"Scrawl","floor":24.0,"key":"SMITH"},{"floor":32.0,"key":"REST"},{"data":"Scrawl","floor":40.0,"key":"SMITH"},{"data":"Scrawl","floor":42.0,"key":"SMITH"},{"floor":47.0,"key":"RECALL"},{"data":"MentalFortress","floor":49.0,"key":"SMITH"}],"circlet_count":0,"master_deck":["Strike_P","Strike_P","Defend_P","Defend_P","Defend_P","Eruption+1","Vigilance","BattleHymn+1","Halt","Adaptation+1","EmptyFist+1","Establishment","TalkToTheHand","FlurryOfBlows","Scrawl+1","ClearTheMind","FollowUp","FearNoEvil+1","Scrawl+1","FearNoEvil","Scrawl+1","ClearTheMind+1","MentalFortress+1","EmptyMind","FollowUp+1"],"relics":["HolyWater","White Beast Statue","Sundial","Meat on the Bone","Philosopher\u0027s Stone","Bottled Tornado","Whetstone","Bottled Flame","Toy Ornithopter","Nunchaku","Pear","Red Mask","Letter Opener","Old Coin","Bottled Lightning"],"acts_visited":["Exordium","TheCity","TheBeyond"],"potions_floor_usage":[50,50,50],"damage_taken":[{"damage":0.0,"enemies":"2 Louse","floor":1.0,"turns":2.0},{"damage":2.0,"enemies":"Cultist","floor":3.0,"turns":4.0},{"damage":10.0,"enemies":"Small Slimes","floor":5.0,"turns":2.0},{"damage":4.0,"enemies":"Lagavulin","floor":6.0,"turns":5.0},{"damage":0.0,"enemies":"Gremlin Nob","floor":8.0,"turns":2.0},{"damage":4.0,"enemies":"2 Fungi Beasts","floor":11.0,"turns":3.0},{"damage":0.0,"enemies":"Exordium Thugs","floor":13.0,"turns":4.0},{"damage":5.0,"enemies":"Blue Slaver","floor":14.0,"turns":2.0},{"damage":0.0,"enemies":"Slime Boss","floor":16.0,"turns":3.0},{"damage":6.0,"enemies":"Chosen","floor":18.0,"turns":3.0},{"damage":7.0,"enemies":"Shell Parasite","floor":19.0,"turns":3.0},{"damage":19.0,"enemies":"Book of Stabbing","floor":23.0,"turns":3.0},{"damage":32.0,"enemies":"Slavers","floor":25.0,"turns":4.0},{"damage":16.0,"enemies":"Gremlin Leader","floor":27.0,"turns":3.0},{"damage":7.0,"enemies":"3 Cultists","floor":28.0,"turns":5.0},{"damage":21.0,"enemies":"Masked Bandits","floor":29.0,"turns":3.0},{"damage":0.0,"enemies":"Snecko","floor":30.0,"turns":2.0},{"damage":0.0,"enemies":"Book of Stabbing","floor":31.0,"turns":2.0},{"damage":58.0,"enemies":"Champ","floor":33.0,"turns":8.0},{"damage":11.0,"enemies":"3 Darklings","floor":35.0,"turns":2.0},{"damage":0.0,"enemies":"2 Orb Walkers","floor":36.0,"turns":2.0},{"damage":9.0,"enemies":"Orb Walker","floor":37.0,"turns":2.0},{"damage":16.0,"enemies":"Writhing Mass","floor":38.0,"turns":5.0},{"damage":0.0,"enemies":"Jaw Worm Horde","floor":39.0,"turns":3.0},{"damage":17.0,"enemies":"Giant Head","floor":41.0,"turns":6.0},{"damage":14.0,"enemies":"Sphere and 2 Shapes","floor":44.0,"turns":2.0},{"damage":0.0,"enemies":"Transient","floor":48.0,"turns":5.0},{"damage":17,"enemies":"Donu and Deca","floor":50,"turns":6}],"seed_played":"6104987725893265919","potions_obtained":[{"floor":5.0,"key":"BlessingOfTheForge"},{"floor":6.0,"key":"LiquidBronze"},{"floor":8.0,"key":"FearPotion"},{"floor":11.0,"key":"Fire Potion"},{"floor":14.0,"key":"Swift Potion"},{"floor":16.0,"key":"SpeedPotion"},{"floor":18.0,"key":"Ambrosia"},{"floor":19.0,"key":"BlessingOfTheForge"},{"floor":23.0,"key":"BottledMiracle"},{"floor":25.0,"key":"ColorlessPotion"},{"floor":27.0,"key":"GamblersBrew"},{"floor":28.0,"key":"SkillPotion"},{"floor":29.0,"key":"Ancient Potion"},{"floor":30.0,"key":"BottledMiracle"},{"floor":31.0,"key":"Ancient Potion"},{"floor":33.0,"key":"EssenceOfSteel"},{"floor":35.0,"key":"Strength Potion"},{"floor":37.0,"key":"SkillPotion"},{"floor":38.0,"key":"DuplicationPotion"},{"floor":41.0,"key":"ColorlessPotion"},{"floor":44.0,"key":"BottledMiracle"},{"floor":45.0,"key":"StancePotion"},{"floor":48.0,"key":"FearPotion"}],"is_trial":false,"path_per_floor":["M","?","M","$","M","E","R","E","T","R","M","?","M","M","R","B",null,"M","M","$","T","$","E","R","E","T","E","M","?","M","E","R","B",null,"M","?","M","M","M","R","E","R","T","M","?","$","R","M","R","B",null],"character_chosen":"WATCHER","items_purchased":["Adaptation","FearNoEvil","Whetstone","EmptyMind"],"campfire_rested":1,"item_purchase_floors":[4,20,22,46],"current_hp_per_floor":[72,72,70,70,60,56,56,56,56,56,52,52,52,47,47,47,72,66,59,59,59,59,40,40,20,20,36,41,37,42,42,66,25,82,76,76,67,51,51,51,51,51,51,49,49,49,49,54,54,52],"gold":598,"neow_bonus":"TRANSFORM_CARD","is_daily":false,"chose_seed":false,"campfire_upgraded":7,"win_rate":0.0,"timestamp":1609235276,"path_taken":["M","?","M","$","M","E","R","E","T","R","M","?","M","M","R","BOSS","M","?","$","?","$","E","R","E","T","E","M","?","M","E","R","BOSS","M","?","M","M","M","R","E","R","T","M","?","$","R","M","R","BOSS"],"items_purchased_type":["Card","Card","Relic","Card"],"build_version":"2020-12-22","purchased_purges":4,"victory":true,"max_hp_per_floor":[72,72,72,72,72,72,72,72,72,72,72,72,72,72,72,72,72,72,72,72,72,72,72,72,72,72,82,82,82,82,82,82,82,82,82,82,82,82,82,82,82,82,82,82,82,79,79,79,79,79],"card_choices":[{"not_picked":["EmptyBody","EmptyFist"],"picked":"Halt","floor":1.0},{"not_picked":["FlyingSleeves","SashWhip","EmptyBody"],"picked":"SKIP","floor":3.0},{"not_picked":["Devotion","ThirdEye"],"picked":"EmptyFist","floor":5.0},{"not_picked":["CrushJoints","Worship"],"picked":"Establishment","floor":6.0},{"not_picked":["WreathOfFlame","EmptyBody","BowlingBash"],"picked":"SKIP","floor":8.0},{"not_picked":["Halt","CutThroughFate"],"picked":"TalkToTheHand","floor":11.0},{"not_picked":["FlyingSleeves","Collect"],"picked":"FlurryOfBlows","floor":13.0},{"not_picked":["FlurryOfBlows","Alpha","ThirdEye"],"picked":"SKIP","floor":14.0},{"not_picked":["Alpha","Brilliance"],"picked":"Scrawl","floor":16.0},{"not_picked":["EmptyFist","BowlingBash+1"],"picked":"ClearTheMind","floor":18.0},{"not_picked":["EmptyFist","EmptyBody"],"picked":"FollowUp","floor":19.0},{"not_picked":["LikeWater","SashWhip","EmptyBody"],"picked":"SKIP","floor":23.0},{"not_picked":["EmptyBody","Evaluate+1","CrushJoints+1"],"picked":"SKIP","floor":25.0},{"not_picked":["Meditate","Swivel","TalkToTheHand"],"picked":"SKIP","floor":27.0},{"not_picked":["Collect","JustLucky"],"picked":"Scrawl","floor":28.0},{"not_picked":["ClearTheMind+1","Fasting2","Crescendo"],"picked":"SKIP","floor":30.0},{"not_picked":["PathToVictory+1","Omniscience"],"picked":"FearNoEvil","floor":31.0},{"not_picked":["Establishment","ConjureBlade"],"picked":"Scrawl","floor":33.0},{"not_picked":["Crescendo","Wireheading","FollowUp+1"],"picked":"SKIP","floor":35.0},{"not_picked":["Indignation","BowlingBash","FollowUp"],"picked":"SKIP","floor":37.0},{"not_picked":["Crescendo","Halt","FollowUp"],"picked":"SKIP","floor":38.0},{"not_picked":["Evaluate+1","Consecrate+1"],"picked":"ClearTheMind+1","floor":39.0},{"not_picked":["Sanctity","ThirdEye","EmptyBody+1"],"picked":"SKIP","floor":41.0},{"not_picked":["EmptyFist+1","Crescendo"],"picked":"MentalFortress","floor":44.0},{"not_picked":["Study","FearNoEvil"],"picked":"FollowUp+1","floor":48.0}],"player_experience":153161,"relics_obtained":[{"floor":6.0,"key":"White Beast Statue"},{"floor":8.0,"key":"Sundial"},{"floor":9.0,"key":"Meat on the Bone"},{"floor":21.0,"key":"Bottled Tornado"},{"floor":23.0,"key":"Bottled Flame"},{"floor":25.0,"key":"Toy Ornithopter"},{"floor":26.0,"key":"Nunchaku"},{"floor":27.0,"key":"Pear"},{"floor":29.0,"key":"Red Mask"},{"floor":31.0,"key":"Letter Opener"},{"floor":36.0,"key":"Old Coin"},{"floor":41.0,"key":"Bottled Lightning"}],"event_choices":[{"damage_healed":0.0,"max_hp_gain":0.0,"max_hp_loss":0.0,"gold_gain":175.0,"event_name":"Liars Game","player_choice":"AGREE","floor":2.0,"gold_loss":0.0,"damage_taken":0.0,"cards_obtained":["Doubt"]},{"damage_healed":0.0,"max_hp_gain":0.0,"max_hp_loss":0.0,"gold_gain":100.0,"event_name":"Golden Shrine","player_choice":"Pray","floor":12.0,"gold_loss":0.0,"damage_taken":0.0},{"damage_healed":0.0,"max_hp_gain":0.0,"max_hp_loss":0.0,"gold_gain":0.0,"event_name":"Masked Bandits","player_choice":"Fought Bandits","floor":29.0,"gold_loss":0.0,"damage_taken":0.0},{"damage_healed":0.0,"max_hp_gain":0.0,"max_hp_loss":0.0,"gold_gain":0.0,"event_name":"Mysterious Sphere","player_choice":"Fight","floor":36.0,"gold_loss":0.0,"damage_taken":0.0},{"damage_healed":0.0,"max_hp_gain":0.0,"max_hp_loss":0.0,"gold_gain":0.0,"event_name":"Lab","player_choice":"Got Potions","floor":45.0,"gold_loss":0.0,"damage_taken":0.0}],"is_beta":false,"boss_relics":[{"not_picked":["Calling Bell","Fusion Hammer"],"picked":"Philosopher\u0027s Stone"},{"not_picked":["Pandora\u0027s Box","Velvet Choker"],"picked":"HolyWater"}],"items_purged_floors":[4,20,22,46],"is_endless":false,"potions_floor_spawned":[5,6,8,11,13,14,16,18,19,23,25,27,28,29,30,31,33,35,36,37,38,39,41,44,48],"ascension_level":2}}