{"host":"uyrebrj0204enqpc","time":1609208412,"event":{"mods":["Act Like it!","Bard","BaseMod","Block Reminder","Challenge The Spire","Colored Map","Colored Powertips","DeckTracker","Downfall","GifTheSpireLib","HexUI Lib","Highlight Path","Hubris","Infinite Spire","Minty Spire (QoL Compilation)","Pale of the Ancients","Quick Restart","Random Character Button","Relic Sorter","Relic Stats","Replay The Spire","Shop Mod","StSLib","The Blue Laboratory","The Bug Knight","The Cursed","The Jungle","The Marked","Wandering Minibosses"],"gold_per_floor":[119,119,119,133,83,114,129,149,175,175,187,187,187,222,222,320,320,339,349,349,364,382,382,401,426,476,492,492,492,524,537,537,637,637,651,651,651,651,873,901,916,949,949,959,959,959,959,570,570,570,570,570,317,348,348,348],"floor_reached":55,"playtime":2302,"items_purged":["theMarked:Strike","theMarked:Strike","theMarked:Strike","theMarked:Strike"],"score":880,"play_id":"eb81e49f-f54e-414d-be74-35c5035d96a4","local_time":"20201228212012","is_ascension_mode":false,"campfire_choices":[{"data":"theMarked:Electrocute","floor":10.0,"key":"SMITH"},{"data":"theMarked:Polarize","floor":12.0,"key":"SMITH"},{"floor":15.0,"key":"REST"},{"data":"theMarked:Defend","floor":23.0,"key":"SMITH"},{"data":"theMarked:Overcharge","floor":28.0,"key":"SMITH"},{"floor":32.0,"key":"REST"},{"floor":46,"key":"REST"},{"floor":49,"key":"RECALL"},{"data":"Apotheosis","floor":52,"key":"SMITH"}],"circlet_count":0,"master_deck":["theMarked:Strike+1","theMarked:Defend","theMarked:Defend","theMarked:Defend+1","theMarked:SoldierOfQuellstein","theMarked:MaelstromOfLightning+1","theMarked:Electrocute+1","theMarked:Electrify+1","theMarked:PowerFlow","theMarked:Polarize+1","theMarked:Overcharge+1","infinitespire:Gouge","infinitespire:Gouge+1","theMarked:Overcharge+1","theMarked:Static","theMarked:Reabsorb+1","theMarked:Electrocute+1","infinitespire:Fortify+1","theMarked:Overcharge+1","theMarked:GodGivenPower","theMarked:GodGivenPower","Apotheosis+1"],"relics":["theMarked:ArtifactOfAir","hubris:Icosahedron","NeowsBlessing","Replay:Baseball","Centennial Puzzle","Juzu Bracelet","Black Star","DollysMirror","Red Mask","Strawberry","hubris:Towel","hubris:Metronome","Whetstone","wanderingMiniBosses:CarrionFlame","theMarked:SpiritSword","hubris:CrackedHourglass","Incense Burner","Ring of Searing","Pantograph","Unceasing Top","Potion Belt","Thread and Needle","Bag of Marbles","infinitespire:WardingShard","Oddly Smooth Stone"],"acts_visited":["Exordium","TheCity","TheBeyond","TheEnding"],"potions_floor_usage":[55,55,55],"damage_taken":[{"damage":0.0,"enemies":"Small Slimes","floor":1.0,"turns":1.0},{"damage":0.0,"enemies":"2 Louse","floor":4.0,"turns":1.0},{"damage":0.0,"enemies":"Gremlin Nob","floor":6.0,"turns":1.0},{"damage":6.0,"enemies":"Cultist","floor":7.0,"turns":3.0},{"damage":4.0,"enemies":"Blue Slaver","floor":8.0,"turns":3.0},{"damage":23.0,"enemies":"3 Louse","floor":11.0,"turns":6.0},{"damage":0.0,"enemies":"Lagavulin","floor":14.0,"turns":3.0},{"damage":35.0,"enemies":"The Guardian","floor":16.0,"turns":6.0},{"damage":15.0,"enemies":"3 Byrds","floor":18.0,"turns":5.0},{"damage":0.0,"enemies":"Spheric Guardian","floor":19.0,"turns":2.0},{"damage":0.0,"enemies":"Snake Plant","floor":21.0,"turns":2.0},{"damage":1.0,"enemies":"Cultist and Chosen","floor":22.0,"turns":3.0},{"damage":0.0,"enemies":"Sentry and Sphere","floor":24.0,"turns":2.0},{"damage":10.0,"enemies":"Masked Bandits","floor":25.0,"turns":3.0},{"damage":2.0,"enemies":"Centurion and Healer","floor":27.0,"turns":3.0},{"damage":15.0,"enemies":"Replay:Snechameleon","floor":30.0,"turns":3.0},{"damage":12.0,"enemies":"Snecko","floor":31.0,"turns":4.0},{"damage":17.0,"enemies":"Collector","floor":33.0,"turns":3.0},{"damage":14.0,"enemies":"3 Shapes","floor":35.0,"turns":2.0},{"damage":50.0,"enemies":"Nemesis","floor":40.0,"turns":7.0},{"damage":2.0,"enemies":"Orb Walker","floor":41.0,"turns":2.0},{"damage":0.0,"enemies":"Reptomancer","floor":42.0,"turns":2.0},{"damage":0,"enemies":"4 Shapes","floor":44,"turns":1},{"damage":47,"enemies":"Awakened One","floor":50,"turns":5},{"damage":5,"enemies":"Shield and Spear","floor":54,"turns":2},{"damage":77,"enemies":"The Heart","floor":55,"turns":5}],"seed_played":"3212440936087525486","potions_obtained":[{"floor":1.0,"key":"SkillPotion"},{"floor":7.0,"key":"champ:CounterPotion"},{"floor":8.0,"key":"Weak Potion"},{"floor":21.0,"key":"PowerPotion"},{"floor":33.0,"key":"blueLaboratory:LouseDecoction"},{"floor":41.0,"key":"blueLaboratory:SavagePotion"},{"floor":42.0,"key":"AttackPotion"},{"floor":54,"key":"FearPotion"}],"is_trial":false,"path_per_floor":["M","?","?","M","?","E","M","M","T","R","M","R","?","E","R","B",null,"M","M","AVR","M","M","R","M","?","T","M","R","?","E","M","R","B",null,"M","AVR","?","?","?","E","M","E","T","M","?","R","?","$","R","B",null,"R","$","E","B"],"character_chosen":"THE_DEFAULT","items_purchased":["theMarked:GodGivenPower","DuplicationPotion","Apotheosis","Bag of Marbles"],"campfire_rested":3,"item_purchase_floors":[48,48,48,53],"current_hp_per_floor":[70,70,70,70,70,70,64,60,60,60,37,37,37,37,58,23,70,55,55,55,55,54,54,54,44,51,49,49,49,34,22,45,28,77,63,63,63,63,63,13,11,11,11,11,11,34,34,34,34,12,77,77,77,72,0,0],"gold":348,"neow_bonus":"THREE_ENEMY_KILL","is_daily":false,"chose_seed":false,"campfire_upgraded":5,"win_rate":0.0,"timestamp":1609208412,"path_taken":["M","?","?","M","?","E","M","M","T","R","M","R","?","E","R","BOSS","M","M","AVR","M","M","R","M","?","T","M","R","?","E","M","R","BOSS","M","AVR","?","?","?","E","M","E","T","M","?","R","?","?","R","BOSS","R","$","E","BOSS"],"items_purchased_type":["Card","Potion","Card","Relic"],"build_version":"2020-12-22","purchased_purges":4,"victory":false,"max_hp_per_floor":[70,70,70,70,70,70,70,70,70,70,70,70,70,70,70,70,70,70,70,70,70,70,70,70,70,77,77,77,77,77,77,77,77,77,77,77,77,77,77,77,77,77,77,77,77,77,77,77,77,77,77,77,77,77,77,77],"relic_stats":{"Centennial Puzzle":[45],"counters":[26,80],"Pantograph":30,"Juzu Bracelet":1,"Black Star":4,"Whetstone":["theMarked:Strike","infinitespire:Gouge"],"obtain_stats":[{"hubris:Metronome":30,"theMarked:SpiritSword":34,"Juzu Bracelet":14,"Incense Burner":36,"Whetstone":30,"Ring of Searing":38,"Centennial Puzzle":9,"hubris:Icosahedron":3,"DollysMirror":20,"Strawberry":26,"Pantograph":40,"Red Mask":25,"Potion Belt":42,"NeowsBlessing":0,"Oddly Smooth Stone":54,"Thread and Needle":42,"hubris:Towel":29,"theMarked:ArtifactOfAir":0,"Replay:Baseball":6,"wanderingMiniBosses:CarrionFlame":31,"infinitespire:WardingShard":54,"Black Star":17,"Bag of Marbles":53,"hubris:CrackedHourglass":36,"Unceasing Top":40},{"hubris:Metronome":16,"theMarked:SpiritSword":18,"Juzu Bracelet":7,"Incense Burner":19,"Whetstone":16,"Ring of Searing":19,"Centennial Puzzle":5,"hubris:Icosahedron":1,"DollysMirror":10,"Strawberry":14,"Pantograph":20,"Red Mask":14,"Potion Belt":22,"NeowsBlessing":0,"Oddly Smooth Stone":25,"Thread and Needle":22,"hubris:Towel":15,"theMarked:ArtifactOfAir":0,"Replay:Baseball":3,"wanderingMiniBosses:CarrionFlame":17,"infinitespire:WardingShard":25,"Black Star":8,"Bag of Marbles":24,"hubris:CrackedHourglass":19,"Unceasing Top":20},{"hubris:Metronome":47,"theMarked:SpiritSword":54,"Juzu Bracelet":18,"Incense Burner":56,"Whetstone":47,"Ring of Searing":56,"Centennial Puzzle":9,"hubris:Icosahedron":1,"DollysMirror":31,"Strawberry":41,"Pantograph":63,"Red Mask":41,"Potion Belt":67,"NeowsBlessing":0,"Oddly Smooth Stone":75,"Thread and Needle":67,"hubris:Towel":44,"theMarked:ArtifactOfAir":0,"Replay:Baseball":3,"wanderingMiniBosses:CarrionFlame":51,"infinitespire:WardingShard":75,"Black Star":24,"Bag of Marbles":73,"hubris:CrackedHourglass":56,"Unceasing Top":63}],"Unceasing Top":[20]},"card_choices":[{"not_picked":["theMarked:ResourceFulStrike","theMarked:TunnelVision"],"picked":"theMarked:MaelstromOfLightning","floor":1.0},{"not_picked":["theMarked:SwordAndMagic","theMarked:HeightenedSenses"],"picked":"theMarked:Electrocute","floor":4.0},{"not_picked":["theMarked:SwordAndMagic","theMarked:Aftermath"],"picked":"theMarked:Electrify","floor":6.0},{"not_picked":["theMarked:HeightenedSenses","theMarked:RepellingDischarge"],"picked":"theMarked:PowerFlow","floor":7.0},{"not_picked":["theMarked:ElectricStrings","theMarked:WastefulAttack"],"picked":"theMarked:MagicAdept","floor":8.0},{"not_picked":["theMarked:EternalStudent","theMarked:TakeCover"],"picked":"theMarked:Polarize","floor":11.0},{"not_picked":["theMarked:Defy","theMarked:DispelDoubt","theMarked:Opportunist"],"picked":"SKIP","floor":14.0},{"not_picked":["theMarked:EnhancedHearing","theMarked:BanishingStrike","theMarked:TakeCover"],"picked":"SKIP","floor":18.0},{"not_picked":["theMarked:TwofoldDefense","theMarked:WastefulDefense"],"picked":"theMarked:Overcharge","floor":19.0},{"not_picked":["theMarked:HeightenedSenses+1","theMarked:Parkour"],"picked":"theMarked:Overcharge+1","floor":21.0},{"not_picked":["theMarked:WardOff","theMarked:ShockingTouch","theMarked:Levitate"],"picked":"SKIP","floor":22.0},{"not_picked":["theMarked:ResourceFulStrike+1","theMarked:ElectricStrings+1"],"picked":"theMarked:Static","floor":24.0},{"not_picked":["theMarked:WardOff","theMarked:Frustration","theMarked:Panic"],"picked":"SKIP","floor":27.0},{"not_picked":["theMarked:ChainLightning","theMarked:Static","theMarked:EnhancedHearing+1"],"picked":"SKIP","floor":30.0},{"not_picked":["theMarked:Electrocute","theMarked:TunnelVision"],"picked":"theMarked:Reabsorb+1","floor":31.0},{"not_picked":["theMarked:BanishingWave","theMarked:RepellingDischarge+1"],"picked":"theMarked:Electrocute+1","floor":35.0},{"not_picked":["theMarked:Aftermath+1","theMarked:HeightenedSenses+1"],"picked":"theMarked:Overcharge+1","floor":40.0},{"not_picked":["theMarked:SwordAndMagic+1","theMarked:Frustration+1","theMarked:WardOff"],"picked":"SKIP","floor":41.0},{"not_picked":["theMarked:Frustration+1","theMarked:ReduceFriction","theMarked:ResourceFulStrike"],"picked":"SKIP","floor":42.0},{"not_picked":["theMarked:Reabsorb+1","theMarked:SummonStrength","theMarked:Electrocute+1"],"picked":"SKIP","floor":44},{"not_picked":["theMarked:WastefulAttack+1","theMarked:TunnelVision+1","theMarked:Convert+1"],"picked":"SKIP","floor":54}],"player_experience":990881,"relics_obtained":[{"floor":6.0,"key":"Replay:Baseball"},{"floor":9.0,"key":"Centennial Puzzle"},{"floor":14.0,"key":"Juzu Bracelet"},{"floor":25.0,"key":"Red Mask"},{"floor":26.0,"key":"Strawberry"},{"floor":30.0,"key":"hubris:Metronome"},{"floor":30.0,"key":"Whetstone"},{"floor":31.0,"key":"wanderingMiniBosses:CarrionFlame"},{"floor":38.0,"key":"Ring of Searing"},{"floor":40.0,"key":"Pantograph"},{"floor":40.0,"key":"Unceasing Top"},{"floor":42.0,"key":"Potion Belt"},{"floor":42.0,"key":"Thread and Needle"},{"floor":54,"key":"infinitespire:WardingShard"},{"floor":54,"key":"Oddly Smooth Stone"}],"event_choices":[{"cards_removed":["theMarked:Defend"],"damage_healed":0.0,"max_hp_gain":0.0,"max_hp_loss":0.0,"gold_gain":0.0,"event_name":"The Cleric","player_choice":"Card Removal","floor":5.0,"gold_loss":50.0,"damage_taken":0.0},{"damage_healed":0.0,"max_hp_gain":0.0,"max_hp_loss":0.0,"gold_gain":0.0,"event_name":"Accursed Blacksmith","player_choice":"Forge","floor":13.0,"gold_loss":0.0,"damage_taken":0.0,"cards_upgraded":["theMarked:Electrify"]},{"damage_healed":0.0,"max_hp_gain":0.0,"max_hp_loss":0.0,"gold_gain":0.0,"event_name":"Masked Bandits","player_choice":"Fought Bandits","floor":25.0,"gold_loss":0.0,"damage_taken":0.0},{"cards_removed":["theMarked:MagicAdept"],"damage_healed":0.0,"max_hp_gain":0.0,"max_hp_loss":0.0,"gold_gain":0.0,"event_name":"Falling","player_choice":"Removed Power","floor":37.0,"gold_loss":0.0,"damage_taken":0.0},{"damage_healed":0.0,"max_hp_gain":0.0,"max_hp_loss":0.0,"gold_gain":222.0,"event_name":"Tomb of Lord Red Mask","player_choice":"Wore Mask","floor":39.0,"gold_loss":0.0,"damage_taken":0.0},{"damage_healed":0,"gold_gain":0,"player_choice":"Ignored","damage_taken":0,"max_hp_gain":0,"max_hp_loss":0,"event_name":"NoteForYourself","floor":45,"gold_loss":0},{"damage_healed":0,"gold_gain":0,"player_choice":"Upgraded","damage_taken":0,"max_hp_gain":0,"max_hp_loss":0,"event_name":"Upgrade Shrine","floor":47,"gold_loss":0,"cards_upgraded":["infinitespire:Fortify"]}],"is_beta":false,"boss_relics":[{"not_picked":["hubris:VirtuousBlindfold","Fusion Hammer"],"picked":"Black Star"},{"not_picked":["Sozu","Calling Bell"],"picked":"theMarked:SpiritSword"}],"items_purged_floors":[20,36,48,53],"is_endless":false,"potions_floor_spawned":[1,7,8,11,21,25,30,33,41,42,54],"killed_by":"The Heart","ascension_level":0}}