{"host":"ytad2j290sleetgq","time":1609253680,"event":{"mods":["ATMod(阿瑾Mod)","AchievementEnabler","Act Like it!","Arknights The Spire","Aspiration","Bartender","BaseMod","Better Note","Card Forge","Custom Start","Decade(王小明)","Friendly Minions","Gensokyo","GungeonMod","Hermit","Highlight Path","Koishi","Luminous","Minty Spire (QoL Compilation)","MostiFishMod","Prisma Mod","Rare Cards Sparkle","SIMod","SOS（斯巴达之子）","Shop Mod","StSLib","The Animator","UnlockEverythingMod","WarShipGirlsR/战舰少女R mod","Yakumo Yukari mod","[地精首领爬塔]The Maniac","【遗物卡牌】REMEMod"],"gold_per_floor":[112,112,122,122,137,137,169,180,206,206,221,251,307,339,339,435,435,454,454,125,157,168,267,374,407,407,335,348,381,400,417,417,517,517,532,549,560,573,592,622,402,417,417,437,463,463,489,507,507,507,507,507,7,32,32],"floor_reached":56,"playtime":3297,"items_purged":[],"score":1726,"play_id":"400296c5-6494-4902-ad53-310c8c5958db","local_time":"20201229225440","is_ascension_mode":false,"campfire_choices":[{"floor":10.0,"key":"REST"},{"floor":15,"key":"REST"},{"data":"Warcry","floor":32,"key":"SMITH"},{"data":"MostiFishMod:UltimateDefense+1","floor":46,"key":"SMITH"},{"floor":49,"key":"RECALL"},{"data":"MostiFishMod:UltimateDefense+2","floor":52,"key":"SMITH"}],"circlet_count":0,"master_deck":["Strike_R","Strike_R","Strike_R","Strike_R","Strike_R","Defend_R","Defend_R","Defend_R","Defend_R","Bash+1","AT_BodySlamDance+1","Shrug It Off+1","Offering+1","Warcry+1","Iron Wave","Feel No Pain","Rage+1","AT_CaressingTears+1","MostiFishMod:PerfectStrikeMKII+1","Shrug It Off+1","MostiFishMod:UltimateDefense+3","AT_EmpoweredMortalDraw+1","Armaments+1","MostiFishMod:HellRitual+1","Wild Strike","Secret Technique+1","Evolve","MostiFishMod:FireWorks+1","Infernal Blade+1","Reckless Charge","AT_BodySlamDance+1","Shrug It Off+1","MostiFishMod:RacingGame+1","AT_GerminateFire+1","Battle Trance+1","MostiFishMod:#F4004+1","Entrench+1","AT_ShrugMaster+1","MostiFishMod:Chiaki+1","Warcry+1"],"relics":["Burning Blood","Hammer of Thor","Seething Fire","Anvil of the Gods","DaveBox","REME_ComplimentaryCards","AT_ATBox","SynthV:TestCard","ats:Originium","FossilizedHelix","AT_ChloranthyRing","AT_MortalBlade","MerchantsRug","Red Mask","AT_GuinsooRageblade","Sundial","Technique","BionicSphere","DemoMod:GlassGuonStoneRelic","GuanYuAspect","AT_EbonyIvory","AT_BellDemon","DemoMod:MemoryAlloy","PreservedInsect","Lizard Tail","Omamori","The Courier","DemoMod:Relodestone","DemoMod:Bottle","Incense Burner","BirthdayGift-Tetrahedron","Nunchaku","Happy Flower","ImprovedEquipment","Power_Wrist","OriginationStaff"],"acts_visited":["Exordium","TheCity","TheBeyond","TheEnding"],"potions_floor_usage":[50],"damage_taken":[{"damage":8.0,"enemies":"Jaw Worm","floor":1.0,"turns":3.0},{"damage":2.0,"enemies":"Small Slimes","floor":3.0,"turns":4.0},{"damage":6.0,"enemies":"2 Louse","floor":5.0,"turns":2.0},{"damage":41.0,"enemies":"Lagavulin","floor":7.0,"turns":7.0},{"damage":0.0,"enemies":"2 Fungi Beasts","floor":8.0,"turns":4.0},{"damage":0.0,"enemies":"Lots of Slimes","floor":11.0,"turns":4.0},{"damage":27.0,"enemies":"3 Sentries","floor":12.0,"turns":16.0},{"damage":62,"enemies":"Lagavulin Event","floor":13,"turns":11},{"damage":0,"enemies":"Gremlin Nob","floor":14,"turns":1},{"damage":17,"enemies":"Hexaghost","floor":16,"turns":9},{"damage":0,"enemies":"3 Byrds","floor":18,"turns":1},{"damage":0,"enemies":"Masked Bandits","floor":21,"turns":3},{"damage":0,"enemies":"Shell Parasite","floor":22,"turns":2},{"damage":6,"enemies":"Gremlin Leader","floor":25,"turns":3},{"damage":12,"enemies":"Cultist and Chosen","floor":28,"turns":4},{"damage":16,"enemies":"Slavers","floor":29,"turns":3},{"damage":0,"enemies":"Snecko","floor":30,"turns":2},{"damage":0,"enemies":"Shelled Parasite and Fungi","floor":31,"turns":1},{"damage":6,"enemies":"Collector","floor":33,"turns":1},{"damage":0,"enemies":"Orb Walker","floor":35,"turns":1},{"damage":0,"enemies":"3 Shapes","floor":36,"turns":1},{"damage":0,"enemies":"Writhing Mass","floor":37,"turns":1},{"damage":0,"enemies":"Spire Growth","floor":38,"turns":2},{"damage":0,"enemies":"Jaw Worm Horde","floor":39,"turns":1},{"damage":4,"enemies":"Giant Head","floor":40,"turns":2},{"damage":0,"enemies":"Sphere and 2 Shapes","floor":42,"turns":1},{"damage":0,"enemies":"Maw","floor":44,"turns":2},{"damage":0,"enemies":"Reptomancer","floor":45,"turns":1},{"damage":0,"enemies":"Giant Head","floor":47,"turns":3},{"damage":0,"enemies":"Spire Growth","floor":48,"turns":1},{"damage":0,"enemies":"Donu and Deca","floor":50,"turns":2},{"damage":4,"enemies":"Shield and Spear","floor":54,"turns":1},{"damage":8,"enemies":"The Heart","floor":55,"turns":3}],"seed_played":"9165147476626717601","potions_obtained":[{"floor":1.0,"key":"Fire Potion"},{"floor":8.0,"key":"SneckoOil"},{"floor":14,"key":"SpeedPotion"},{"floor":22,"key":"GamblersBrew"},{"floor":25,"key":"GamblersBrew"},{"floor":33,"key":"Strength Potion"},{"floor":42,"key":"DistilledChaos"}],"is_trial":false,"path_per_floor":["M","$","M","?","M","?","E","M","T","R","M","E","?","E","R","B",null,"M","?","$","?","M","?","$","E","T","$","M","E","M","M","R","B",null,"M","M","M","M","M","E","$","M","T","M","E","R","E","M","R","B",null,"R","$","E","B",null],"character_chosen":"IRONCLAD","items_purchased":["Wild Strike","Secret Technique+1","MerchantsRug","Technique","Entrench+1","AT_BellDemon","DemoMod:MemoryAlloy","BirthdayGift-Tetrahedron","Nunchaku","Happy Flower","ImprovedEquipment"],"campfire_rested":2,"item_purchase_floors":[20,20,20,27,41,41,41,53,53,53,53],"current_hp_per_floor":[78,78,80,80,80,80,45,51,51,75,80,66,10,16,42,37,87,87,87,87,87,87,87,87,87,87,87,81,71,81,87,87,87,44,44,44,44,44,44,44,44,44,44,44,44,44,44,44,44,44,44,44,44,44,44],"gold":32,"neow_bonus":"NOSTALGIA","is_daily":false,"chose_seed":false,"campfire_upgraded":3,"win_rate":0.0,"timestamp":1609253680,"path_taken":["M","$","M","?","M","?","E","M","T","R","M","E","?","E","R","BOSS","M","?","$","?","M","?","$","E","T","?","?","E","M","M","R","BOSS","M","M","M","M","M","E","$","M","T","M","E","R","E","M","R","BOSS","R","$","E","BOSS"],"items_purchased_type":["Card","Card","Relic","Relic","Card","Relic","Relic","Relic","Relic","Relic","Relic"],"build_version":"2020-12-22","purchased_purges":0,"victory":true,"max_hp_per_floor":[80,80,80,80,80,80,80,80,80,80,80,87,87,87,87,87,87,87,87,87,87,87,87,87,87,87,87,87,87,87,87,87,87,44,44,44,44,44,44,44,44,44,44,44,44,44,44,44,44,44,44,44,44,44,44],"card_choices":[{"not_picked":["Heavy Blade","Body Slam"],"picked":"Shrug It Off","floor":1.0},{"not_picked":["Pommel Strike","Wild Strike","AT_BodySlamDance","Metallicize"],"picked":"Offering","floor":3.0},{"not_picked":["Perfected Strike","Clash","REME_SingleHolding","Heavy Blade"],"picked":"Warcry","floor":5.0},{"not_picked":["Dropkick","Exhume","Infernal Blade","Rage"],"picked":"Iron Wave","floor":7.0},{"not_picked":["Thunderclap","DemoMod:WhiteBlade","Blood for Blood","True Grit"],"picked":"Feel No Pain","floor":8.0},{"not_picked":["Shockwave","AT_IchimonjiDouble","Flex","Clothesline"],"picked":"Rage","floor":11.0},{"not_picked":["Second Wind","Anger","Armaments","Pommel Strike"],"picked":"AT_CaressingTears","floor":12.0},{"not_picked":["Bloodletting","True Grit","Shrug It Off","Headbutt"],"picked":"MostiFishMod:PerfectStrikeMKII","floor":13},{"not_picked":["Anger","Clash","Pommel Strike","Reckless Charge"],"picked":"Shrug It Off+1","floor":14},{"not_picked":["Exhume+1","MostiFishMod:ChineseTea+1","MostiFishMod:WingOfPhoenix","REME_TheLastStrike"],"picked":"MostiFishMod:UltimateDefense+1","floor":16},{"not_picked":["Pummel","Cleave+1","Heavy Blade+1","Clash"],"picked":"Armaments+1","floor":18},{"not_picked":["Shrug It Off+1","Dark Embrace","REME_FearOfPain","Sword Boomerang"],"picked":"Evolve","floor":22},{"not_picked":["Shrug It Off+1","Sentinel+1","Thunderclap","Hemokinesis"],"picked":"MostiFishMod:FireWorks+1","floor":25},{"not_picked":["REME_SingleHolding+1","Blood for Blood+1","Thunderclap+1","Wild Strike"],"picked":"Infernal Blade+1","floor":28},{"not_picked":["Anger+1","AT_IchimonjiDouble","Seeing Red+1","MostiFishMod:HellRitual+1"],"picked":"Reckless Charge","floor":29},{"not_picked":["Headbutt","Thunderclap","Reckless Charge","Pommel Strike"],"picked":"AT_BodySlamDance+1","floor":30},{"not_picked":["Anger","Havoc+1","Seeing Red+1","Headbutt"],"picked":"Shrug It Off+1","floor":31},{"not_picked":["Juggernaut","MostiFishMod:TemporaryOutbreak","MostiFishMod:HellRitual+1","MostiFishMod:FlyOverUtopia+1"],"picked":"MostiFishMod:RacingGame+1","floor":33},{"not_picked":["Uppercut","MostiFishMod:BrandingRite+1","Warcry+1","Seeing Red+1"],"picked":"AT_GerminateFire+1","floor":35},{"not_picked":["Disarm+1","Flame Barrier+1","AT_IchimonjiDouble+1","Feel No Pain"],"picked":"Battle Trance+1","floor":36},{"not_picked":["Inflame+1","Cleave+1","Combust+1","Feel No Pain"],"picked":"MostiFishMod:#F4004+1","floor":37},{"not_picked":["Sword Boomerang+1","Pommel Strike","AT_BodySlamDance+1","Pummel+1","Flex+1"],"picked":"SKIP","floor":38},{"not_picked":["Perfected Strike+1","Sword Boomerang+1","Warcry+1","AT_IchimonjiDouble","Flex+1"],"picked":"SKIP","floor":39},{"not_picked":["Cleave","Body Slam+1","Metallicize+1","Anger","Twin Strike"],"picked":"SKIP","floor":40},{"not_picked":["Perfected Strike","Warcry+1","Headbutt+1","REME_SingleHolding+1"],"picked":"AT_ShrugMaster","floor":42},{"not_picked":["Clothesline","Battle Trance+1","REME_FearOfPain+1","MostiFishMod:#F4004+1","Shrug It Off+1"],"picked":"SKIP","floor":44},{"not_picked":["Sword Boomerang+1","Havoc+1","Anger","Wild Strike+1"],"picked":"MostiFishMod:Chiaki+1","floor":45},{"not_picked":["AT_ManFootWork+1","Sever Soul","Blood for Blood+1","Pommel Strike+1","Sword Boomerang"],"picked":"SKIP","floor":47},{"not_picked":["Twin Strike","Sword Boomerang+1","True Grit+1","Body Slam"],"picked":"Warcry+1","floor":48},{"not_picked":["Whirlwind","MostiFishMod:UltimateDefense","Body Slam","Intimidate","Sword Boomerang"],"picked":"SKIP","floor":54}],"player_experience":300270,"relics_obtained":[{"floor":1.0,"key":"SynthV:TestCard"},{"floor":7.0,"key":"ats:Originium"},{"floor":7.0,"key":"FossilizedHelix"},{"floor":12.0,"key":"ats:Originium"},{"floor":12.0,"key":"Strawberry"},{"floor":13,"key":"AT_ChloranthyRing"},{"floor":14,"key":"ats:Originium"},{"floor":14,"key":"Toxic Egg 2"},{"floor":21,"key":"Red Mask"},{"floor":25,"key":"AT_GuinsooRageblade"},{"floor":26,"key":"Sundial"},{"floor":29,"key":"BionicSphere"},{"floor":40,"key":"AT_EbonyIvory"},{"floor":42,"key":"PreservedInsect"},{"floor":43,"key":"Eternal Feather"},{"floor":44,"key":"Lizard Tail"},{"floor":45,"key":"Omamori"},{"floor":45,"key":"The Courier"},{"floor":47,"key":"DemoMod:Relodestone"},{"floor":47,"key":"DemoMod:Bottle"},{"floor":48,"key":"Incense Burner"},{"floor":54,"key":"Power_Wrist"},{"floor":54,"key":"OriginationStaff"}],"event_choices":[{"damage_healed":0.0,"max_hp_gain":0.0,"max_hp_loss":0.0,"gold_gain":0.0,"event_name":"Golden Wing","player_choice":"Ignored","floor":6.0,"gold_loss":0.0,"damage_taken":0.0},{"damage_healed":0,"gold_gain":30,"player_choice":"Searched \u00272\u0027 times","damage_taken":0,"max_hp_gain":0,"max_hp_loss":0,"event_name":"Dead Adventurer","floor":13,"gold_loss":0},{"cards_removed":["MostiFishMod:UltimateDefense"],"damage_healed":0,"gold_gain":0,"player_choice":"Take \u0026 Give","damage_taken":0,"max_hp_gain":0,"max_hp_loss":0,"event_name":"betterNote:BetterNote","floor":19,"gold_loss":0,"cards_obtained":["MostiFishMod:HellRitual"]},{"damage_healed":0,"gold_gain":0,"player_choice":"Fought Bandits","damage_taken":0,"max_hp_gain":0,"max_hp_loss":0,"event_name":"Masked Bandits","floor":21,"gold_loss":0},{"damage_healed":0,"gold_gain":99,"player_choice":"Stole From Cult","damage_taken":0,"max_hp_gain":0,"max_hp_loss":0,"event_name":"Nest","floor":23,"gold_loss":0}],"is_beta":false,"boss_relics":[{"not_picked":["ChiXiaoBlade","RhineFirstAidKit"],"picked":"AT_MortalBlade"},{"not_picked":["NightmareShop","Silver_Glasses"],"picked":"GuanYuAspect"}],"items_purged_floors":[],"is_endless":false,"potions_floor_spawned":[1,8,14,22,25,28,30,33,36,39,40,42],"ascension_level":0}}