{"host":"hwui1o2d2vvxl1xp","time":1609231778,"event":{"mods":["ATMod(阿瑾Mod)","AchievementEnabler","Act Like it!","Alarm Clock","Arknights The Spire","BaseMod","CapriCore","Colored Map","Colored Powertips","Dota2Spire","Downfall","Gensokyo","Minty Spire (QoL Compilation)","MostiFishMod","Pale of the Ancients","Quick Restart","RumiaBox-露米娅的神秘盒子","Ryuuou龙王","Shop Mod","StSLib","TestMod","Waifu the Spire","simple","【功能Mod】混沌之环修复补丁","【功能Mod】聪明的最终Boss","【遗物卡牌】REMEMod","篝火指南"],"gold_per_floor":[-1289,-1189,-1179,-1179,-1163,-1113,-1113,-1113,-1113,-1094,-1094,-1049,-1049,-1032,-1032,-929,-929,-912,-897,-897,-883,-869,-869,-839,-839],"floor_reached":24,"playtime":1398,"items_purged":[],"score":225,"play_id":"7ba9a968-a36a-40aa-a40d-7bf1ef2f152e","local_time":"20201229164938","is_ascension_mode":false,"campfire_choices":[{"data":"ats:Counter Healing Mode","floor":11.0,"key":"SMITH"},{"floor":15.0,"key":"RECALL"},{"floor":23,"key":"REST"}],"circlet_count":0,"master_deck":["ats:Strike C","ats:Strike G","ats:Strike S","ats:Strike V","ats:Armor Crushing Shot","ats:Defend","ats:Defend","ats:Defend","ats:Defend","ats:Emotion Absorption","Wish+1","AT_DrawKnifeCut","ats:Apocalypse","ats:Curse Doll","ats:Counter Healing Mode+1","ats:Soul Rend","ats:Burning Ground","ats:Thermite Blade","ats:Revitalization","ats:Nebulous Foxfire","ats:Ignite+1","ats:Cat Scratch","ats:Echo Reverb","ats:Directed Diagnosis"],"relics":["ats:Sanity","testmod-TestBox","REME_ComplimentaryCards","AT_ATBox","SynthV:MejaisSoulstealer","testmod-GiftOfSatan","NeowsBlessing","SynthV:TestCard","ats:Originium","White Beast Statue","AT_BellDemon","GodSword6","Nunchaku","testmod-Hope","REME_LimitBreaker","ShadowXiaoBlade","Dota2Spire:DrumOfEndurance","DaveBox","GuanYuAspect","ImprovedEquipment","ArrowTower","Frozen Eye"],"acts_visited":["Gensokyo:Gensokyo","Gensokyo:Gensokyoer"],"potions_floor_usage":[21],"damage_taken":[{"damage":0.0,"enemies":"Gensokyo:Gryphon","floor":1.0,"turns":1.0},{"damage":0.0,"enemies":"Gensokyo:2_Kodama","floor":3.0,"turns":1.0},{"damage":0.0,"enemies":"Gensokyo:Python","floor":5.0,"turns":1.0},{"damage":0.0,"enemies":"Gensokyo:Aya","floor":6.0,"turns":3.0},{"damage":0.0,"enemies":"Gensokyo:2_Rabbits","floor":10.0,"turns":1.0},{"damage":15.0,"enemies":"Gensokyo:Python_and_Kodama","floor":12.0,"turns":3.0},{"damage":6.0,"enemies":"Gensokyo:5_Fairies","floor":14.0,"turns":3.0},{"damage":32.0,"enemies":"Gensokyo:Kokoro","floor":16.0,"turns":7.0},{"damage":0.0,"enemies":"Gensokyo:Chomper","floor":18.0,"turns":2.0},{"damage":25,"enemies":"Gensokyo:AngelMirror","floor":19,"turns":2},{"damage":0,"enemies":"Gensokyo:Swordslinger","floor":21,"turns":2},{"damage":54,"enemies":"Gensokyo:Monolith_and_Dog","floor":22,"turns":3},{"damage":30,"enemies":"Gensokyo:Koishi","floor":24,"turns":2}],"seed_played":"-1274072850768336472","potions_obtained":[{"floor":10.0,"key":"SpeedPotion"},{"floor":12.0,"key":"Dota2Spire:HealingSalve"},{"floor":14.0,"key":"Strength Potion"},{"floor":16.0,"key":"Dota2Spire:Clarity"},{"floor":18.0,"key":"testmod-TimePotion"},{"floor":19,"key":"SteroidPotion"},{"floor":21,"key":"Weak Potion"},{"floor":22,"key":"Strength Potion"}],"is_trial":false,"path_per_floor":["M","?","M","$","M","E","?","?","T","M","R","M","COS","M","R","B",null,"M","M","?","M","M","R","E"],"character_chosen":"DOCTOR_CLASS","items_purchased":[],"campfire_rested":1,"item_purchase_floors":[],"current_hp_per_floor":[72,72,72,72,72,72,58,58,58,58,58,51,51,58,58,84,84,84,70,45,45,4,12,0,0],"gold":-839,"neow_bonus":"THREE_ENEMY_KILL","is_daily":false,"chose_seed":false,"campfire_upgraded":1,"win_rate":0.0,"timestamp":1609231778,"path_taken":["M","?","M","?","?","E","?","?","T","M","R","M","COS","M","R","BOSS","M","M","?","?","M","R","E"],"items_purchased_type":[],"build_version":"2020-12-22","purchased_purges":0,"victory":false,"max_hp_per_floor":[72,72,72,72,72,72,72,72,72,72,72,77,77,77,77,84,84,84,89,45,45,50,50,50,50],"card_choices":[{"not_picked":["ats:Shadow Raid","ats:Shell Defense"],"picked":"ats:Apocalypse","floor":1.0},{"not_picked":["ats:Hammer On","ats:Support Order","ats:Ignite","ats:Flexible Camouflage"],"picked":"ats:Curse Doll","floor":3.0},{"not_picked":["ats:Automatic Cover","ats:Leaping Hammer","ats:Revitalization","ats:Shadow Raid"],"picked":"ats:Counter Healing Mode","floor":5.0},{"not_picked":["ats:Ambush","ats:Leaping Hammer","ats:Rapid Magazine","ats:Sunburst"],"picked":"ats:Soul Rend","floor":6.0},{"not_picked":["ats:Curse Doll","ats:Apocalypse","ats:Assault Order","ats:Hammer On"],"picked":"ats:Burning Ground","floor":10.0},{"not_picked":["ats:Poison Spread","ats:Flame Of Heaven","ats:Cat Scratch","ats:Hammer On"],"picked":"ats:Thermite Blade","floor":12.0},{"not_picked":["ats:Steam Pump","ats:Ignite","ats:Flexible Camouflage","ats:Counter Healing Mode"],"picked":"ats:Revitalization","floor":14.0},{"not_picked":["ats:True Silver Slash","ats:Volcano","ats:Soul Rend","ats:Ambush"],"picked":"ats:Nebulous Foxfire","floor":16.0},{"not_picked":["ats:Poison Spread","ats:Shell Defense","ats:Explosion Area Strengthen","ats:Revitalization"],"picked":"ats:Ignite+1","floor":18.0},{"not_picked":["ats:Hammer On","ats:Apocalypse","ats:Automatic Cover","ats:Flexible Camouflage"],"picked":"ats:Cat Scratch","floor":19},{"not_picked":["ats:Soul Absorption","ats:Closed Bolt Burst Fire","ats:Childhood Dance+1","ats:Consecutive Shot Auto"],"picked":"ats:Echo Reverb","floor":21},{"not_picked":["ats:Poison Spread","ats:Leaping Hammer+1","ats:Revitalization","ats:Very Hot Blade"],"picked":"ats:Directed Diagnosis","floor":22}],"player_experience":33664,"relics_obtained":[{"floor":1.0,"key":"SynthV:TestCard"},{"floor":6.0,"key":"ats:Originium"},{"floor":6.0,"key":"White Beast Statue"},{"floor":9.0,"key":"GodSword6"},{"floor":10.0,"key":"Nunchaku"},{"floor":14.0,"key":"testmod-Hope"},{"floor":16.0,"key":"REME_LimitBreaker"},{"floor":19,"key":"Dota2Spire:DrumOfEndurance"},{"floor":21,"key":"ImprovedEquipment"},{"floor":22,"key":"ArrowTower"}],"event_choices":[{"damage_healed":0,"gold_gain":0,"player_choice":"Swap Relic","damage_taken":0,"relics_obtained":["DaveBox"],"max_hp_gain":0,"max_hp_loss":0,"event_name":"给自己的盒子","floor":20,"relics_lost":["DaveBox"],"gold_loss":0}],"is_beta":false,"boss_relics":[{"not_picked":["testmod-Recursion","Fusion Hammer"],"picked":"ShadowXiaoBlade"}],"items_purged_floors":[],"is_endless":false,"potions_floor_spawned":[10,12,14,16,18,19,21,22],"killed_by":"Gensokyo:Koishi","ascension_level":0}}