{"host":"wbdly04l9mkn9nrc","time":1609238039,"event":{"mods":["AchievementEnabler","BaseMod","BetterRewards","Minty Spire (QoL Compilation)","StSLib","[IsaacMod]ÒÔÈö¼âËþ"],"gold_per_floor":[112,123,123,223,71,71,81,106,106,106,117,117,117,128,128,232,232,248,62,81,81,81,81,111,0,76,76,107,18,36,56,56,154,154,167,24,124,135,0,19,34,34,61,0,0,0,12,27,27,27],"floor_reached":51,"playtime":4788,"items_purged":["Strike_G","Defend_G"],"score":1501,"play_id":"df224762-b23d-4777-a3d0-f76183a26f8b","local_time":"20201229183359","is_ascension_mode":true,"campfire_choices":[{"floor":6.0,"key":"REST"},{"data":"Blade Dance","floor":12.0,"key":"SMITH"},{"floor":15.0,"key":"REST"},{"data":"Neutralize","floor":23.0,"key":"SMITH"},{"data":"After Image","floor":32,"key":"SMITH"},{"data":"Accuracy","floor":45,"key":"SMITH"},{"data":"EpicFetus","floor":49,"key":"SMITH"}],"circlet_count":0,"master_deck":["Strike_G","Strike_G","Defend_G","Defend_G","Defend_G","Survivor","Neutralize+1","Blade Dance+1","EpicFetus+1","Poisoned Stab","Accuracy+1","Adrenaline+1","Expertise+1","Backflip+1","Deflect+1","All Out Attack","Bullet Time+1","Concentrate+1","Cloak And Dagger+1","Finisher","Infinite Blades+1","Blur+1","Cloak And Dagger+1","After Image+1","Prepared+1","Calculated Gamble+1","Burst+1","Finisher","Cloak And Dagger+1","Finisher+1","Shame","Blade Dance+1","Noxious Fumes"],"relics":["Ring of the Snake","HushsDoor","BelialBook","Happy Flower","Toxic Egg 2","Bottled Lightning","TheBean","Paper Crane","Nunchaku","Runic Dome","SteamSale","Anchor","MaYiHuaBei","Ninja Scroll","TuHaoJin","Art of War","Cursed Key","TheBible","Blood Vial","Eternal Feather","Dream Catcher","Red Mask"],"acts_visited":["Exordium","TheCity","TheBeyond"],"potions_floor_usage":[],"damage_taken":[{"damage":2.0,"enemies":"Small Slimes","floor":1.0,"turns":3.0},{"damage":3.0,"enemies":"Jaw Worm","floor":2.0,"turns":3.0},{"damage":0.0,"enemies":"Cultist","floor":7.0,"turns":2.0},{"damage":0.0,"enemies":"3 Sentries","floor":8.0,"turns":2.0},{"damage":0.0,"enemies":"Red Slaver","floor":11.0,"turns":2.0},{"damage":0.0,"enemies":"3 Louse","floor":14.0,"turns":1.0},{"damage":0.0,"enemies":"Slime Boss","floor":16.0,"turns":3.0},{"damage":0.0,"enemies":"Chosen","floor":18.0,"turns":3.0},{"damage":0.0,"enemies":"Spheric Guardian","floor":20.0,"turns":3.0},{"damage":0.0,"enemies":"Book of Stabbing","floor":24.0,"turns":1.0},{"damage":0.0,"enemies":"Gremlin Leader","floor":28.0,"turns":3.0},{"damage":0,"enemies":"Centurion and Healer","floor":30,"turns":3},{"damage":0,"enemies":"3 Cultists","floor":31,"turns":4},{"damage":0,"enemies":"Automaton","floor":33,"turns":5},{"damage":0,"enemies":"Orb Walker","floor":35,"turns":3},{"damage":0,"enemies":"3 Shapes","floor":38,"turns":3},{"damage":0,"enemies":"Jaw Worm Horde","floor":40,"turns":2},{"damage":0,"enemies":"4 Shapes","floor":41,"turns":4},{"damage":0,"enemies":"3 Darklings","floor":47,"turns":4},{"damage":0,"enemies":"Maw","floor":48,"turns":5},{"damage":0,"enemies":"Awakened One","floor":50,"turns":6}],"seed_played":"-7726548225693430911","potions_obtained":[{"floor":2.0,"key":"DistilledChaos"},{"floor":7.0,"key":"Fire Potion"},{"floor":14.0,"key":"BlessingOfTheForge"},{"floor":20.0,"key":"GamblersBrew"},{"floor":47,"key":"FearPotion"}],"is_trial":false,"path_per_floor":["M","M","?","?","$","R","M","E","T","?","M","R","$","M","R","B",null,"M","$","M","?","?","R","E","$","T","?","E","$","M","M","R","B",null,"M","$","?","M","$","M","M","?","T","?","R","?","M","M","R","B",null],"character_chosen":"THE_SILENT","items_purchased":["Happy Flower","Blade Dance","Toxic Egg 2","Bottled Lightning","TheBean","SteamSale","Cloak And Dagger+1","Finisher","Infinite Blades","Blur+1","Ninja Scroll","After Image","Finisher","TheBible","Blood Vial","Cloak And Dagger+1","Eternal Feather"],"campfire_rested":2,"item_purchase_floors":[0,0,0,0,5,19,19,19,25,25,25,29,36,36,39,39,39],"current_hp_per_floor":[26,23,16,16,16,37,37,37,37,37,37,37,37,37,58,58,67,67,67,67,67,67,67,67,67,67,67,67,67,67,67,67,67,69,69,69,69,69,69,70,70,70,70,70,70,66,66,66,66,66],"gold":27,"neow_bonus":"","is_daily":false,"chose_seed":false,"campfire_upgraded":5,"win_rate":0.0,"timestamp":1609238039,"path_taken":["M","M","?","?","?","R","M","E","T","?","M","R","$","M","R","BOSS","M","$","M","?","?","R","E","$","T","?","E","$","M","M","R","BOSS","M","$","?","M","$","M","M","?","T","?","R","?","?","M","R","BOSS"],"items_purchased_type":["Relic","Card","Relic","Relic","Relic","Relic","Card","Card","Card","Card","Relic","Card","Card","Relic","Relic","Card","Relic"],"build_version":"2020-12-22","purchased_purges":2,"victory":true,"max_hp_per_floor":[70,70,70,70,70,70,70,70,70,70,70,70,70,70,70,70,70,70,70,70,70,70,70,70,70,70,70,70,70,70,70,70,70,70,70,70,70,70,70,70,70,70,70,70,70,66,66,66,66,66],"card_choices":[{"not_picked":[],"picked":"EpicFetus","floor":0.0},{"not_picked":["Riddle With Holes","Setup+1"],"picked":"Poisoned Stab","floor":1.0},{"not_picked":["Poisoned Stab","Eviscerate"],"picked":"Accuracy","floor":2.0},{"not_picked":["Backflip+1","Distraction+1"],"picked":"Adrenaline+1","floor":4.0},{"not_picked":["Flying Knee","Well Laid Plans"],"picked":"Expertise+1","floor":7.0},{"not_picked":["Underhanded Strike","Accuracy"],"picked":"Backflip+1","floor":8.0},{"not_picked":["Masterful Stab","Quick Slash","Flechettes"],"picked":"SKIP","floor":11.0},{"not_picked":["Underhanded Strike","Dagger Throw"],"picked":"All Out Attack","floor":14.0},{"not_picked":["Adrenaline+1","Doppelganger+1"],"picked":"Bullet Time+1","floor":16.0},{"not_picked":["Backstab+1","Noxious Fumes"],"picked":"Concentrate+1","floor":18.0},{"not_picked":["Dodge and Roll+1","Concentrate+1","Quick Slash"],"picked":"SKIP","floor":20.0},{"not_picked":["Glass Knife","Underhanded Strike","Outmaneuver+1"],"picked":"SKIP","floor":24.0},{"not_picked":["Deflect+1","Choke+1"],"picked":"Cloak And Dagger+1","floor":28.0},{"not_picked":["Outmaneuver+1","Underhanded Strike+1"],"picked":"Prepared+1","floor":30},{"not_picked":["Dagger Spray+1","Leg Sweep+1"],"picked":"Calculated Gamble+1","floor":31},{"not_picked":["After Image","Unload"],"picked":"Burst+1","floor":33},{"not_picked":["Deflect+1","Quick Slash","Outmaneuver+1"],"picked":"SKIP","floor":35},{"not_picked":["Caltrops","Backflip+1","Masterful Stab"],"picked":"SKIP","floor":38},{"not_picked":["PiercingWail+1","Backflip+1"],"picked":"Finisher+1","floor":40},{"not_picked":["Masterful Stab","Dagger Throw","Leg Sweep+1"],"picked":"SKIP","floor":41},{"not_picked":["Dagger Throw+1","Masterful Stab"],"picked":"Blade Dance+1","floor":47},{"not_picked":["Quick Slash+1","Backflip+1"],"picked":"Noxious Fumes","floor":48}],"player_experience":147066,"relics_obtained":[{"floor":8.0,"key":"Paper Crane"},{"floor":9.0,"key":"Nunchaku"},{"floor":24.0,"key":"MaYiHuaBei"},{"floor":26.0,"key":"TuHaoJin"},{"floor":28.0,"key":"Art of War"},{"floor":43,"key":"Dream Catcher"}],"event_choices":[{"cards_removed":["Defend_G"],"damage_healed":0.0,"max_hp_gain":0.0,"max_hp_loss":0.0,"gold_gain":0.0,"event_name":"Golden Wing","player_choice":"Card Removal","floor":3.0,"gold_loss":0.0,"damage_taken":7.0},{"damage_healed":0.0,"max_hp_gain":0.0,"max_hp_loss":0.0,"gold_gain":0.0,"cards_transformed":["Strike_G"],"event_name":"Living Wall","player_choice":"Change","floor":10.0,"gold_loss":0.0,"damage_taken":0.0,"cards_obtained":["Deflect"]},{"damage_healed":0.0,"max_hp_gain":0.0,"max_hp_loss":0.0,"gold_gain":0.0,"event_name":"The Mausoleum","player_choice":"Opened","floor":21.0,"gold_loss":0.0,"damage_taken":0.0,"relics_obtained":["Anchor"],"cards_obtained":["Writhe"]},{"cards_removed":["Writhe"],"damage_healed":0.0,"max_hp_gain":0.0,"max_hp_loss":0.0,"gold_gain":0.0,"event_name":"Back to Basics","player_choice":"Elegance","floor":22.0,"gold_loss":0.0,"damage_taken":0.0},{"damage_healed":0.0,"max_hp_gain":0.0,"max_hp_loss":0.0,"gold_gain":0.0,"event_name":"Upgrade Shrine","player_choice":"Upgraded","floor":27.0,"gold_loss":0.0,"damage_taken":0.0,"cards_upgraded":["Infinite Blades"]},{"cards_removed":["Strike_G"],"damage_healed":0,"gold_gain":0,"player_choice":"Offered Basic","damage_taken":0,"max_hp_gain":0,"max_hp_loss":0,"event_name":"Bonfire Elementals","floor":42,"gold_loss":0},{"damage_healed":0,"gold_gain":0,"player_choice":"Paid","damage_taken":0,"relics_obtained":["Red Mask"],"max_hp_gain":0,"max_hp_loss":0,"event_name":"Tomb of Lord Red Mask","floor":44,"gold_loss":61},{"damage_healed":0,"gold_gain":0,"player_choice":"Max HP","damage_taken":0,"max_hp_gain":0,"max_hp_loss":4,"event_name":"Winding Halls","floor":46,"gold_loss":0}],"is_beta":false,"boss_relics":[{"not_picked":["Tiny House","SacredBark"],"picked":"Runic Dome"},{"not_picked":[]},{"not_picked":["Fusion Hammer","Sozu"],"picked":"Cursed Key"},{"not_picked":[]}],"items_purged_floors":[0,29],"is_endless":false,"potions_floor_spawned":[2,7,14,20,30,31,35,40,41,47],"ascension_level":6}}