{"host":"ki5kvxn974a96omm","time":1609211387,"event":{"mods":["BaseMod","Colored Map","Colored Powertips","Downfall","Key Reminder","Minty Spire (QoL Compilation)","Relic Sorter","StSLib"],"gold_per_floor":[99,112,123,123,133,133,188,338,338,363,363,390,315,328,347,446,446,446,459,559,569,55,88,88,105,120,145,176,208,208,228,244,346,346,346,357,357,377,305,355,379,392,241,268,118,133,133,151,169,169,169,202,33,33,33],"floor_reached":56,"playtime":5740,"items_purged":["champ:Strike"],"score":1804,"play_id":"24798b28-5f98-4a87-9f2c-7d9cc4c365f0","local_time":"20201228220947","is_ascension_mode":true,"campfire_choices":[{"data":"champ:Taunt","floor":1,"key":"SMITH"},{"data":"champ:RapidStrikes","floor":6,"key":"SMITH"},{"data":"champ:EnragedBash","floor":9,"key":"SMITH"},{"data":"champ:Duel","floor":13,"key":"SMITH"},{"data":"champ:Improvising","floor":18,"key":"SMITH"},{"floor":30,"key":"REST"},{"floor":35,"key":"RECALL"},{"data":"1","floor":45,"key":"LIFT"},{"data":"2","floor":54,"key":"LIFT"}],"circlet_count":0,"master_deck":["champ:Defend","champ:Defend","champ:Defend","champ:Defend","champ:Execute+1","champ:Taunt+1","champ:EnragedBash+1","champ:Shatter","champ:RapidStrikes+1","champ:Duel+1","champ:RecklessLeap","champ:Backstep","champ:Improvising+1","champ:ShieldSigil","J.A.X.","champ:ArenaPreparation","champ:FocusedGladiator","champ:Control","champ:FanOfKnives+1","champ:SwordSigil","expansioncontent:DefensiveStance","champ:BringItOn+1","champ:Lariat+1","champ:BringItOn+1","champ:RageSigil+1","champ:BringItOn+1","champ:CheapShot","champ:Backstep+1","champ:Lariat+1","champ:Duel+1","champ:Balance","champ:SwordSigil+1","champ:Encircle+1","Master of Strategy"],"relics":["champ:ChampionCrown","Turnip","Toy Ornithopter","Mango","Blood Vial","downfall:HeartBlessingGreen","expansioncontent:StudyCardRelic","MutagenicStrength","Pantograph","hexamod:BolsterEngine","Bottled Flame","Nunchaku","Akabeko","Red Mask","Ancient Tea Set","Fusion Hammer","DollysMirror","Whetstone","Girya","Pen Nib","Anchor","downfall:HeartBlessingRed","downfall:HeartBlessingBlue","downfall:TeleportStone","champ:SpectersHand"],"acts_visited":["Exordium","TheCity","TheBeyond","TheEnding"],"potions_floor_usage":[14,16,25,27,29,33,55],"damage_taken":[{"damage":6,"enemies":"2 Louse","floor":2,"turns":3},{"damage":5,"enemies":"Small Slimes","floor":3,"turns":3},{"damage":12,"enemies":"Cultist","floor":5,"turns":4},{"damage":42,"enemies":"Gremlin Nob","floor":10,"turns":5},{"damage":43,"enemies":"Lagavulin","floor":12,"turns":10},{"damage":29,"enemies":"Large Slime","floor":14,"turns":6},{"damage":17,"enemies":"2 Fungi Beasts","floor":15,"turns":3},{"damage":40,"enemies":"downfall:Ironclad","floor":16,"turns":9},{"damage":32,"enemies":"Chosen","floor":19,"turns":5},{"damage":84,"enemies":"downfall:Augmenter","floor":20,"turns":9},{"damage":15,"enemies":"3 Byrds","floor":21,"turns":5},{"damage":30,"enemies":"downfall:FleeingMerchant","floor":22,"turns":4},{"damage":20,"enemies":"Book of Stabbing","floor":23,"turns":4},{"damage":15,"enemies":"Snake Plant","floor":25,"turns":3},{"damage":31,"enemies":"Centurion and Healer","floor":26,"turns":4},{"damage":21,"enemies":"Slavers","floor":27,"turns":3},{"damage":40,"enemies":"Masked Bandits","floor":28,"turns":4},{"damage":18,"enemies":"Book of Stabbing","floor":29,"turns":3},{"damage":20,"enemies":"3 Cultists","floor":31,"turns":2},{"damage":0,"enemies":"Sentry and Sphere","floor":32,"turns":2},{"damage":72,"enemies":"downfall:Silent","floor":33,"turns":5},{"damage":0,"enemies":"3 Shapes","floor":36,"turns":1},{"damage":15,"enemies":"Orb Walker","floor":38,"turns":3},{"damage":47,"enemies":"downfall:FleeingMerchant","floor":39,"turns":2},{"damage":57,"enemies":"Mind Bloom Boss Battle","floor":40,"turns":7},{"damage":21,"enemies":"4 Shapes","floor":42,"turns":4},{"damage":34,"enemies":"Reptomancer","floor":44,"turns":5},{"damage":42,"enemies":"Transient","floor":46,"turns":5},{"damage":18,"enemies":"Sphere and 2 Shapes","floor":48,"turns":3},{"damage":34,"enemies":"Spire Growth","floor":49,"turns":3},{"damage":65,"enemies":"downfall:Watcher","floor":50,"turns":7},{"damage":73,"enemies":"downfall:CharBossMerchant","floor":52,"turns":6},{"damage":183,"enemies":"downfall:NeowBoss","floor":55,"turns":17}],"seed_played":"-8570042015657141103","potions_obtained":[{"floor":2,"key":"Explosive Potion"},{"floor":5,"key":"SmokeBomb"},{"floor":12,"key":"Regen Potion"},{"floor":14,"key":"LiquidMemories"},{"floor":23,"key":"AttackPotion"},{"floor":26,"key":"Explosive Potion"},{"floor":28,"key":"champ:CounterPotion"},{"floor":31,"key":"SpeedPotion"},{"floor":32,"key":"LiquidBronze"},{"floor":36,"key":"SkillPotion"},{"floor":40,"key":"PowerPotion"}],"is_trial":false,"path_per_floor":["R","M","M","?","M","R","T","?","R","E","?","E","R","M","M","B",null,"R","M","?","M","$","E","T","M","M","E","?","E","R","M","M","B",null,"R","M","?","M","$","?","T","M","?","E","R","M","?","M","M","B",null,"E","$","R","B",null],"character_chosen":"THE_CHAMP","items_purchased":["Pantograph","expansioncontent:DefensiveStance","hexamod:BolsterEngine","DollysMirror","Whetstone","Pen Nib","Master of Strategy"],"campfire_rested":1,"item_purchase_floors":[22,22,22,39,39,43,53],"current_hp_per_floor":[57,56,56,61,61,61,61,61,61,45,45,12,12,32,34,20,87,87,89,30,29,28,30,30,37,44,51,29,33,67,69,71,88,108,108,110,110,112,111,114,114,113,113,114,124,124,124,123,124,121,123,121,121,121,81],"gold":33,"neow_bonus":"ONE_RARE_RELIC","is_daily":false,"chose_seed":false,"campfire_upgraded":5,"win_rate":0.0,"timestamp":1609211387,"path_taken":["R","M","M","?","M","R","T","?","R","E","?","E","R","?","M","BOSS","R","M","?","M","$","E","T","M","M","E","?","E","R","M","M","BOSS","R","M","?","M","$","?","T","M","?","E","R","M","?","M","M","BOSS","E","$","R","BOSS"],"items_purchased_type":["Relic","Card","Relic","Relic","Relic","Relic","Card"],"build_version":"2020-12-22","purchased_purges":1,"victory":true,"max_hp_per_floor":[90,90,90,95,95,95,95,95,95,109,109,109,109,109,109,109,109,109,109,109,109,109,109,109,109,114,114,114,114,114,114,114,114,114,114,114,114,114,114,114,114,114,114,114,124,124,124,124,124,124,124,124,124,124,124],"card_choices":[{"not_picked":["champ:BladeFlurry","champ:Circumvent"],"picked":"champ:EnragedBash","floor":2},{"not_picked":["champ:BerserkersShout","champ:FanOfKnives"],"picked":"champ:Shatter","floor":3},{"not_picked":["champ:BladeFlurry","champ:Circumvent"],"picked":"champ:RapidStrikes","floor":5},{"not_picked":["champ:RisingSlash","champ:Backstep"],"picked":"champ:Duel","floor":10},{"not_picked":["champ:IronFortress","champ:FocusedGladiator"],"picked":"champ:RecklessLeap","floor":12},{"not_picked":["champ:GladiatorsShout","champ:Balance"],"picked":"champ:Backstep","floor":14},{"not_picked":["champ:Haymaker","champ:BerserkersShout"],"picked":"champ:FightOn","floor":15},{"not_picked":["champ:DancingMaster","champ:EnchantCrown"],"picked":"champ:Improvising","floor":16},{"not_picked":["champ:DefensiveShout","champ:SkillfulDodge"],"picked":"champ:ShieldSigil","floor":19},{"not_picked":[],"picked":"J.A.X.","floor":20},{"not_picked":["champ:GutPunch","champ:BladeFlurry"],"picked":"champ:ArenaPreparation","floor":20},{"not_picked":["champ:DefensiveShout","champ:Backstep"],"picked":"champ:FanOfKnives","floor":21},{"not_picked":["champ:DefensiveShout+1","champ:BerserkersShout"],"picked":"champ:SwordSigil","floor":22},{"not_picked":["champ:PerfectedStrike","champ:GutPunch"],"picked":"champ:BringItOn+1","floor":23},{"not_picked":["champ:GladiatorsShout","champ:ShieldSigil+1","champ:FlashCut"],"picked":"SKIP","floor":25},{"not_picked":["champ:CrookedStrike+1","champ:FocusedGladiator"],"picked":"champ:Lariat+1","floor":26},{"not_picked":["champ:RisingSlash","champ:LastStand"],"picked":"champ:BringItOn+1","floor":27},{"not_picked":["champ:GladiatorStyle","champ:StanceDance"],"picked":"champ:RageSigil+1","floor":29},{"not_picked":["champ:ShieldSigil","champ:IronFortress","champ:CrookedStrike+1"],"picked":"SKIP","floor":31},{"not_picked":["champ:TornadoPunch+1","champ:Duel+1"],"picked":"champ:BringItOn+1","floor":32},{"not_picked":["champ:EnchantShield","champ:HeavySlash"],"picked":"champ:CheapShot","floor":33},{"not_picked":["champ:DefensiveStyle+1","champ:TornadoPunch","champ:PerfectedStrike"],"picked":"SKIP","floor":36},{"not_picked":["champ:ShieldSigil+1","champ:FanOfKnives+1","champ:PreciseThrust+1"],"picked":"SKIP","floor":38},{"not_picked":["champ:BringItOn","champ:CrookedStrike"],"picked":"champ:Backstep+1","floor":39},{"not_picked":["champ:Circumvent","champ:Haymaker"],"picked":"champ:Duel+1","floor":40},{"not_picked":["champ:CrookedStrike","champ:RisingSlash+1","champ:GladiatorsShout+1"],"picked":"SKIP","floor":42},{"not_picked":["champ:FightOn","champ:ShieldSigil"],"picked":"champ:Balance","floor":44},{"not_picked":["champ:Duel","champ:FlashCut+1","champ:ShieldWall+1"],"picked":"SKIP","floor":46},{"not_picked":["champ:FlashCut","champ:ViciousMockery"],"picked":"champ:SwordSigil+1","floor":48},{"not_picked":["champ:RecklessLeap","champ:BladeFlurry+1","champ:ShieldThrow"],"picked":"SKIP","floor":49},{"not_picked":["champ:EnragedBash+1","champ:BringItOn"],"picked":"champ:Encircle+1","floor":52}],"player_experience":1909554,"relics_obtained":[{"floor":7,"key":"Toy Ornithopter"},{"floor":10,"key":"Mango"},{"floor":12,"key":"Blood Vial"},{"floor":20,"key":"MutagenicStrength"},{"floor":23,"key":"Bottled Flame"},{"floor":24,"key":"Nunchaku"},{"floor":27,"key":"Akabeko"},{"floor":28,"key":"Red Mask"},{"floor":29,"key":"Ancient Tea Set"},{"floor":40,"key":"Girya"},{"floor":44,"key":"Anchor"},{"floor":52,"key":"champ:SpectersHand"}],"event_choices":[{"damage_healed":0,"gold_gain":0,"player_choice":"Donut","damage_taken":0,"max_hp_gain":5,"max_hp_loss":0,"event_name":"Big Fish","floor":4,"gold_loss":0},{"cards_removed":["Slimebound:Icky"],"damage_healed":0,"gold_gain":0,"player_choice":"Card Removal","damage_taken":0,"max_hp_gain":0,"max_hp_loss":0,"event_name":"Wheel of Change","floor":11,"gold_loss":0},{"damage_healed":0,"gold_gain":0,"player_choice":"Fought Bandits","damage_taken":0,"max_hp_gain":0,"max_hp_loss":0,"event_name":"Masked Bandits","floor":28,"gold_loss":0},{"cards_removed":["champ:Strike"],"damage_healed":0,"gold_gain":0,"player_choice":"Removed Attack","damage_taken":0,"max_hp_gain":0,"max_hp_loss":0,"event_name":"Falling","floor":37,"gold_loss":0}],"is_beta":false,"boss_relics":[{"not_picked":["Tiny House","Busted Crown"],"picked":"expansioncontent:StudyCardRelic"},{"not_picked":["Astrolabe","Cursed Key"],"picked":"Fusion Hammer"}],"items_purged_floors":[39],"is_endless":false,"potions_floor_spawned":[2,5,12,14,23,26,28,31,32,36,40,42,44,49],"ascension_level":6}}