{"host":"t7kiqd0mabx5u6gq","time":1609212313,"event":{"mods":["AchievementEnabler","Aspiration","BaseMod","Conspire","Dota2Spire","GifTheSpireLib","Halation","Hubris","Infinite Spire","Minty Spire (QoL Compilation)","Quarter Circle Forward PUNCH!","Quick Restart","Replay The Spire","StSLib","Stuff the Spire","vexMod"],"gold_per_floor":[114,114,389,408,408,408,442,442,442,466,490,511,524,524,524],"floor_reached":14,"playtime":349,"items_purged":[],"score":170,"play_id":"12debce4-f010-4d40-ac0a-7c37d5adee63","local_time":"20201228192513","is_ascension_mode":true,"campfire_choices":[{"data":"Dodge and Roll","floor":6,"key":"SMITH"},{"data":"Flying Knee","floor":8,"key":"SMITH"}],"circlet_count":0,"master_deck":["Strike_G","Strike_G","Strike_G","Strike_G","Strike_G","Defend_G","Defend_G","Defend_G","Defend_G","Defend_G","Survivor","Neutralize","Dodge and Roll+1","Acrobatics","Flying Knee+1","Backflip","Underhanded Strike","StuffTheSpire:Python","Hidden Blade"],"relics":["Ring of the Snake","NeowsBlessing","Golden Idol","infinitespire:CursedDice","halation:PromiseList"],"acts_visited":["Exordium"],"potions_floor_usage":[12,14,14,14,14,14],"damage_taken":[{"damage":0,"enemies":"2 Louse","floor":1,"turns":1},{"damage":0,"enemies":"Jaw Worm","floor":4,"turns":1},{"damage":0,"enemies":"Lagavulin","floor":7,"turns":1},{"damage":0,"enemies":"Cultist","floor":10,"turns":4},{"damage":0,"enemies":"Blue Slaver","floor":11,"turns":5},{"damage":8,"enemies":"Lots of Slimes","floor":12,"turns":5},{"damage":35,"enemies":"Exordium Thugs","floor":13,"turns":5},{"damage":7,"enemies":"3 Sentries","floor":14,"turns":9}],"seed_played":"8409544791592482522","potions_obtained":[{"floor":1,"key":"Elixir"},{"floor":10,"key":"Energy Potion"},{"floor":13,"key":"EntropicBrew"}],"is_trial":false,"path_per_floor":["M","?","?","M","?","R","E","R","T","M","M","M","M","E"],"character_chosen":"THE_SILENT","items_purchased":[],"campfire_rested":0,"item_purchase_floors":[],"current_hp_per_floor":[63,46,46,46,46,46,46,46,46,46,46,38,3,0,0],"gold":524,"neow_bonus":"THREE_ENEMY_KILL","is_daily":false,"chose_seed":false,"campfire_upgraded":2,"win_rate":0.0,"timestamp":1609212313,"path_taken":["M","?","?","?","?","R","E","R","T","?","M","M","M","E"],"items_purchased_type":[],"build_version":"2020-12-22","purchased_purges":0,"victory":false,"max_hp_per_floor":[70,70,70,70,70,70,70,70,70,70,70,70,70,70,70],"card_choices":[{"not_picked":["Bane","StuffTheSpire:Injection"],"picked":"Dodge and Roll","floor":1},{"not_picked":["Sucker Punch","StuffTheSpire:Injection"],"picked":"Acrobatics","floor":4},{"not_picked":["Prepared","Concentrate"],"picked":"Flying Knee","floor":7},{"not_picked":["Caltrops","StuffTheSpire:Injection"],"picked":"Backflip","floor":10},{"not_picked":["Slice","Masterful Stab"],"picked":"Underhanded Strike","floor":11},{"not_picked":["Flechettes","hubris:TrickCloak"],"picked":"StuffTheSpire:Python","floor":12},{"not_picked":["Sucker Punch","Heel Hook"],"picked":"Hidden Blade","floor":13}],"player_experience":564108,"relics_obtained":[{"floor":7,"key":"infinitespire:CursedDice"},{"floor":9,"key":"halation:PromiseList"}],"event_choices":[{"damage_healed":0,"gold_gain":0,"player_choice":"Take Damage","damage_taken":17,"relics_obtained":["Golden Idol"],"max_hp_gain":0,"max_hp_loss":0,"event_name":"Golden Idol","floor":2,"gold_loss":0},{"damage_healed":0,"gold_gain":275,"player_choice":"Desecrate","damage_taken":0,"max_hp_gain":0,"max_hp_loss":0,"event_name":"Golden Shrine","floor":3,"gold_loss":0,"cards_obtained":["Regret"]},{"cards_removed":["Regret"],"damage_healed":0,"gold_gain":0,"player_choice":"Purged","damage_taken":0,"max_hp_gain":0,"max_hp_loss":0,"event_name":"Purifier","floor":5,"gold_loss":0}],"is_beta":false,"boss_relics":[],"items_purged_floors":[],"is_endless":false,"potions_floor_spawned":[1,10,13],"killed_by":"3 Sentries","ascension_level":9}}