{"host":"no0bdlpxzp7bzzks","time":1609276071,"event":{"mods":["BaseMod","Better Match","Block Reminder","Colored Map","Curses Come First","DeckTracker","Filter the Spire","Highlight Path","Key Reminder","Minty Spire (QoL Compilation)","Permanent Neow","Relic Sorter","Relic Stats","StSLib","The Saiyan"],"gold_per_floor":[92,24,24,199,212,247,40,65,89,115,48,60,93,93,93,198,198,210,228,238,251,262,294,294,329,329,347,380,380,780,226,226,326,326,343,353,371,383,403,437,456,468,516,528,545,248,248,282,282,282,282,282,75,108,108],"floor_reached":56,"playtime":6868,"items_purged":["Doubt","Saiyan:SAIYA_Strike","Normality"],"score":1554,"play_id":"c6d2226f-9b13-4134-9675-6accccc5b4f5","local_time":"20201229150751","is_ascension_mode":true,"campfire_choices":[{"data":"Saiyan:SuperSaiyanForm","floor":15.0,"key":"SMITH"},{"data":"Saiyan:SenzuBean","floor":24.0,"key":"SMITH"},{"data":"Saiyan:Honing","floor":32,"key":"SMITH"},{"floor":49,"key":"RECALL"},{"data":"Apotheosis","floor":52,"key":"SMITH"}],"circlet_count":0,"master_deck":["Saiyan:SAIYA_Strike+1","Saiyan:SAIYA_Strike","Saiyan:SAIYA_Strike","Saiyan:SAIYA_Defend","Saiyan:SAIYA_Defend","Saiyan:SAIYA_Defend","Saiyan:SAIYA_Defend+1","Saiyan:EnergyBlast","Saiyan:KaioKen","Saiyan:RuthlessBlow","Saiyan:PowerUp+1","Saiyan:SuperSaiyanForm+1","Saiyan:TurtleShell","Saiyan:KameHameHa","Saiyan:UltraInstinct","Saiyan:DragonFist","Saiyan:Quickening+1","Saiyan:MindBoom","Saiyan:KiStrike","Saiyan:SenzuBean+1","Saiyan:Flurry","Saiyan:GenkiDama","Saiyan:PowerUp+1","Saiyan:SuperSaiyanForm+1","Saiyan:HyperTimeChamber","Saiyan:Flurry+1","Saiyan:Quickening","Saiyan:MonkeyTail","Saiyan:Teleport+1","Saiyan:Honing+1","Saiyan:SoulSpice+1","Saiyan:Fly+1","Mayhem+1","Saiyan:TurtleShell+1","Saiyan:MajinSeal+1","Saiyan:BurningSoul+1","Saiyan:SuperSaiyanForm+1","Saiyan:BurningSoul+1","Saiyan:KiExplosion+1","Saiyan:Makankosappo","Saiyan:ThirstForFight+1","Saiyan:Pacing","Saiyan:UltraInstinct+1","Apotheosis+1","Madness","Madness","Saiyan:SuperSaiyanThree+1","Saiyan:MajinSeal+1","Saiyan:DragonFist","Saiyan:Fly+1"],"relics":["SaiyanSoul","SaiyanHeart","Pen Nib","Lantern","Happy Flower","Question Card","InkBottle","Velvet Choker","Bronze Scales","MealTicket","Bag of Preparation","Tiny Chest","War Paint","Ancient Tea Set","Dream Catcher","Ice Cream","Shuriken","Regal Pillow","Frozen Egg 2","Old Coin","Pantograph","Vajra","Mummified Hand","Cursed Key","Anchor","PreservedInsect","Centennial Puzzle","Bag of Marbles","Darkstone Periapt","Orichalcum","Blood Vial","Oddly Smooth Stone","Juzu Bracelet","Meat on the Bone","Letter Opener","Calipers"],"acts_visited":["Exordium","TheCity","TheBeyond","TheEnding"],"potions_floor_usage":[30,30,33,40,40,55,55],"damage_taken":[{"damage":4.0,"enemies":"Jaw Worm","floor":1.0,"turns":3.0},{"damage":0.0,"enemies":"2 Louse","floor":5.0,"turns":4.0},{"damage":16.0,"enemies":"3 Sentries","floor":6.0,"turns":11.0},{"damage":2.0,"enemies":"Lagavulin","floor":8.0,"turns":5.0},{"damage":3.0,"enemies":"3 Sentries","floor":10.0,"turns":7.0},{"damage":0.0,"enemies":"Small Slimes","floor":12.0,"turns":1.0},{"damage":19.0,"enemies":"Gremlin Nob","floor":13.0,"turns":3.0},{"damage":9.0,"enemies":"Slime Boss","floor":16.0,"turns":8.0},{"damage":0.0,"enemies":"Shell Parasite","floor":18.0,"turns":9.0},{"damage":0.0,"enemies":"3 Byrds","floor":19.0,"turns":7.0},{"damage":29.0,"enemies":"Cultist and Chosen","floor":20.0,"turns":10.0},{"damage":0.0,"enemies":"Snecko","floor":21.0,"turns":12.0},{"damage":6.0,"enemies":"Centurion and Healer","floor":22.0,"turns":8.0},{"damage":12.0,"enemies":"Gremlin Leader","floor":23.0,"turns":12.0},{"damage":11.0,"enemies":"Book of Stabbing","floor":25.0,"turns":4.0},{"damage":2.0,"enemies":"Chosen and Byrds","floor":27.0,"turns":8.0},{"damage":0.0,"enemies":"Gremlin Leader","floor":28.0,"turns":5.0},{"damage":4,"enemies":"Colosseum Slavers","floor":30,"turns":6},{"damage":1,"enemies":"Colosseum Nobs","floor":30,"turns":7},{"damage":8,"enemies":"Collector","floor":33,"turns":7},{"damage":4,"enemies":"3 Darklings","floor":35,"turns":9},{"damage":14,"enemies":"3 Shapes","floor":36,"turns":6},{"damage":8,"enemies":"Transient","floor":37,"turns":5},{"damage":0,"enemies":"4 Shapes","floor":38,"turns":2},{"damage":3,"enemies":"Sphere and 2 Shapes","floor":39,"turns":6},{"damage":3,"enemies":"Reptomancer","floor":40,"turns":4},{"damage":0,"enemies":"Maw","floor":41,"turns":8},{"damage":11,"enemies":"3 Darklings","floor":42,"turns":3},{"damage":0,"enemies":"Transient","floor":44,"turns":5},{"damage":5,"enemies":"4 Shapes","floor":45,"turns":6},{"damage":30,"enemies":"Nemesis","floor":48,"turns":10},{"damage":18,"enemies":"Donu and Deca","floor":50,"turns":7},{"damage":0,"enemies":"Shield and Spear","floor":54,"turns":7},{"damage":15,"enemies":"The Heart","floor":55,"turns":8}],"seed_played":"-9177468399205380202","potions_obtained":[{"floor":5.0,"key":"CultistPotion"},{"floor":13.0,"key":"Ancient Potion"},{"floor":16.0,"key":"DistilledChaos"},{"floor":18.0,"key":"SneckoOil"},{"floor":22.0,"key":"EntropicBrew"},{"floor":25.0,"key":"DistilledChaos"},{"floor":27.0,"key":"Fire Potion"},{"floor":28.0,"key":"PowerPotion"},{"floor":37,"key":"Fire Potion"},{"floor":38,"key":"ColorlessPotion"},{"floor":42,"key":"BlessingOfTheForge"},{"floor":45,"key":"Energy Potion"},{"floor":48,"key":"GamblersBrew"}],"is_trial":false,"path_per_floor":["M","$","?","?","M","E","$","E","T","E","?","M","E","$","R","B",null,"M","M","M","M","M","E","R","E","T","M","E","?","?","$","R","B",null,"M","M","M","M","M","E","M","M","T","M","M","$","?","E","R","B",null,"R","$","E","B",null],"character_chosen":"SAIYAJIN","items_purchased":["Saiyan:SuperSaiyanForm","Saiyan:UltraInstinct","Saiyan:DragonFist","Saiyan:Quickening","Mummified Hand","Mayhem+1","Saiyan:TurtleShell+1","Apotheosis","Saiyan:MajinSeal+1","Saiyan:DragonFist"],"campfire_rested":0,"item_purchase_floors":[2,7,7,7,31,31,31,46,53,53],"current_hp_per_floor":[57,57,45,45,47,32,32,31,31,29,29,29,11,11,11,3,68,70,71,42,43,37,41,41,30,30,28,30,55,54,69,69,73,81,77,64,58,59,58,56,57,47,53,56,55,70,58,30,30,52,100,100,100,102,90],"gold":108,"neow_bonus":"THREE_CARDS","is_daily":false,"chose_seed":false,"campfire_upgraded":4,"win_rate":0.0,"timestamp":1609276071,"path_taken":["M","$","?","?","M","E","?","E","T","E","?","?","E","?","R","BOSS","M","M","M","M","M","E","R","E","T","M","E","?","?","$","R","BOSS","M","M","M","M","M","E","M","M","T","M","M","$","?","E","R","BOSS","R","$","E","BOSS"],"items_purchased_type":["Card","Card","Card","Card","Relic","Card","Card","Card","Card","Card"],"build_version":"2020-12-22","purchased_purges":3,"victory":true,"max_hp_per_floor":[61,61,61,61,63,64,64,65,65,66,66,66,67,67,67,68,68,70,71,71,72,72,73,73,73,73,73,75,75,79,79,79,81,81,81,82,84,85,87,88,89,90,96,97,99,99,99,99,99,100,100,100,100,102,105],"relic_stats":{"Darkstone Periapt":6,"Regal Pillow":0,"Bag of Preparation":[46],"Juzu Bracelet":0,"Cursed Key":1,"Blood Vial":8,"Dream Catcher":0,"Centennial Puzzle":[21],"Mummified Hand":[176],"Pantograph":35,"MealTicket":30,"Tiny Chest":0,"InkBottle":[83],"Happy Flower":[64],"counters":[34,223],"Pen Nib":[32],"PreservedInsect":174,"Letter Opener":[10],"War Paint":["Saiyan:SAIYA_Defend","Saiyan:Quickening"],"Orichalcum":[84],"Question Card":26,"Shuriken":[22],"Bronze Scales":[498],"obtain_stats":[{"Ice Cream":25,"Darkstone Periapt":40,"Lantern":8,"Regal Pillow":27,"Calipers":54,"Vajra":30,"Bag of Preparation":20,"Juzu Bracelet":48,"Ancient Tea Set":23,"Cursed Key":34,"Old Coin":30,"Blood Vial":43,"Dream Catcher":23,"Centennial Puzzle":37,"Mummified Hand":31,"Pantograph":30,"MealTicket":19,"Tiny Chest":21,"InkBottle":13,"Happy Flower":10,"Velvet Choker":17,"Oddly Smooth Stone":45,"Pen Nib":6,"PreservedInsect":36,"SaiyanHeart":0,"Letter Opener":54,"War Paint":22,"Frozen Egg 2":28,"Orichalcum":41,"Question Card":11,"keyreminder:keyreminder":9,"Anchor":35,"Shuriken":26,"Bronze Scales":18,"SaiyanSoul":0,"Bag of Marbles":39,"Meat on the Bone":48},{"Ice Cream":15,"Darkstone Periapt":26,"Lantern":4,"Regal Pillow":16,"Calipers":33,"Vajra":19,"Bag of Preparation":11,"Juzu Bracelet":31,"Ancient Tea Set":14,"Cursed Key":20,"Old Coin":19,"Blood Vial":28,"Dream Catcher":14,"Centennial Puzzle":23,"Mummified Hand":19,"Pantograph":19,"MealTicket":10,"Tiny Chest":12,"InkBottle":7,"Happy Flower":5,"Velvet Choker":8,"Oddly Smooth Stone":30,"Pen Nib":3,"PreservedInsect":22,"SaiyanHeart":0,"Letter Opener":33,"War Paint":13,"Frozen Egg 2":17,"Orichalcum":27,"Question Card":5,"keyreminder:keyreminder":4,"Anchor":21,"Shuriken":15,"Bronze Scales":9,"SaiyanSoul":0,"Bag of Marbles":25,"Meat on the Bone":31},{"Ice Cream":104,"Darkstone Periapt":169,"Lantern":23,"Regal Pillow":112,"Calipers":215,"Vajra":130,"Bag of Preparation":68,"Juzu Bracelet":201,"Ancient Tea Set":100,"Cursed Key":137,"Old Coin":130,"Blood Vial":180,"Dream Catcher":100,"Centennial Puzzle":157,"Mummified Hand":130,"Pantograph":130,"MealTicket":58,"Tiny Chest":80,"InkBottle":34,"Happy Flower":30,"Velvet Choker":42,"Oddly Smooth Stone":191,"Pen Nib":18,"PreservedInsect":152,"SaiyanHeart":0,"Letter Opener":215,"War Paint":88,"Frozen Egg 2":117,"Orichalcum":177,"Question Card":30,"keyreminder:keyreminder":23,"Anchor":146,"Shuriken":104,"Bronze Scales":51,"SaiyanSoul":0,"Bag of Marbles":165,"Meat on the Bone":201}],"Meat on the Bone":12},"card_choices":[{"not_picked":["Saiyan:Pacing","Saiyan:DoubleMasenko"],"picked":"Saiyan:PowerUp","floor":0.0},{"not_picked":["Saiyan:Scouter","Saiyan:FingerParry","Saiyan:AugmentedBlast"],"picked":"SKIP","floor":1.0},{"not_picked":["Saiyan:BigBangAttack","Saiyan:LastResort"],"picked":"Saiyan:TurtleShell","floor":5.0},{"not_picked":["Saiyan:WarmUp","Saiyan:Endure"],"picked":"Saiyan:KameHameHa","floor":6.0},{"not_picked":["Saiyan:ThirstForFight","Saiyan:Quickening"],"picked":"Saiyan:MindBoom","floor":8.0},{"not_picked":["Saiyan:WarmUp","Saiyan:FingerParry"],"picked":"Saiyan:KiStrike","floor":10.0},{"not_picked":["Saiyan:DoubleMasenko","Saiyan:Planning","Saiyan:UltraInstinct"],"picked":"Saiyan:SenzuBean","floor":12.0},{"not_picked":["Saiyan:Planning","Saiyan:MeteorDash","Saiyan:PlotArmor"],"picked":"Saiyan:Flurry","floor":13.0},{"not_picked":["Saiyan:SenzuBean","Saiyan:MindBoom","Saiyan:SolarFlare"],"picked":"Saiyan:GenkiDama","floor":16.0},{"not_picked":["Saiyan:WarmUp","Saiyan:Reset+1","Saiyan:ExpandingShockwave"],"picked":"Saiyan:PowerUp+1","floor":18.0},{"not_picked":["Saiyan:ExpandingShockwave","Saiyan:Furor+1","Saiyan:Makankosappo"],"picked":"Saiyan:SuperSaiyanForm+1","floor":19.0},{"not_picked":["Saiyan:WarmUp+1","Saiyan:RemoveWeights","Saiyan:Flurry+1"],"picked":"Saiyan:HyperTimeChamber","floor":20.0},{"not_picked":["Saiyan:FingerParry","Saiyan:RemoveWeights","Saiyan:DoubleMasenko"],"picked":"Saiyan:Flurry+1","floor":21.0},{"not_picked":["Saiyan:Reset","Saiyan:DoubleMasenko+1","Saiyan:TurtleShell"],"picked":"Saiyan:Quickening","floor":22.0},{"not_picked":["Saiyan:PowerPole+1","Saiyan:BigBangAttack","Saiyan:KiExplosion"],"picked":"Saiyan:MonkeyTail","floor":23.0},{"not_picked":["Saiyan:PlotArmor","Saiyan:BigBangAttack+1","Saiyan:KiExplosion"],"picked":"Saiyan:Teleport+1","floor":25.0},{"not_picked":["Saiyan:FingerParry+1","Saiyan:ExpandingShockwave","Saiyan:UltraInstinct"],"picked":"Saiyan:Honing","floor":27.0},{"not_picked":["Saiyan:PlotArmor+1","Saiyan:MindBoom","Saiyan:MeteorDash"],"picked":"Saiyan:SoulSpice+1","floor":28.0},{"not_picked":["Saiyan:KameHameHa","Saiyan:KiExplosion","Saiyan:DragonRadar"],"picked":"Saiyan:Fly+1","floor":30},{"not_picked":["Saiyan:SolarFlare","Saiyan:Rekindle","Saiyan:HyperTimeChamber+1"],"picked":"Saiyan:MajinSeal+1","floor":33},{"not_picked":["Saiyan:PowerStance+1","Saiyan:DoubleMasenko","Saiyan:BackAttack+1"],"picked":"Saiyan:BurningSoul+1","floor":35},{"not_picked":["Saiyan:MeteorDash","Saiyan:RemoveWeights","Saiyan:Overexert+1"],"picked":"Saiyan:SuperSaiyanForm+1","floor":36},{"not_picked":["Saiyan:Kienzan","Saiyan:Taunt","Saiyan:Fly"],"picked":"Saiyan:BurningSoul+1","floor":37},{"not_picked":["Saiyan:ExtremeSpeed+1","Saiyan:Twize","Saiyan:PlotArmor+1"],"picked":"Saiyan:KiExplosion+1","floor":38},{"not_picked":["Saiyan:Expend+1","Saiyan:PlotArmor+1","Saiyan:DragonRadar"],"picked":"Saiyan:Makankosappo","floor":39},{"not_picked":["Saiyan:GenkiDama","Saiyan:Flurry","Saiyan:DrainingStrike"],"picked":"Saiyan:ThirstForFight+1","floor":40},{"not_picked":["Saiyan:Expend+1","Saiyan:Quickening","Saiyan:Twize"],"picked":"Saiyan:Pacing","floor":41},{"not_picked":["Saiyan:PlotArmor+1","Saiyan:KiExplosion","Saiyan:RemoveWeights","Saiyan:MeteorDash+1"],"picked":"SKIP","floor":42},{"not_picked":["Saiyan:SpiritSword","Saiyan:MeteorDash+1","Saiyan:PlotArmor+1","Saiyan:DoubleMasenko+1"],"picked":"SKIP","floor":44},{"not_picked":["Saiyan:DoubleMasenko","Saiyan:Flurry+1","Saiyan:FinalFlash+1"],"picked":"Saiyan:UltraInstinct+1","floor":45},{"not_picked":["Saiyan:Planning+1","Saiyan:Flurry","Saiyan:PowerUp"],"picked":"Saiyan:SuperSaiyanThree+1","floor":48},{"not_picked":["Saiyan:GenkiDama","Saiyan:Kienzan","Saiyan:DoubleMasenko+1"],"picked":"Saiyan:Fly+1","floor":54}],"player_experience":96294,"relics_obtained":[{"floor":6.0,"key":"Pen Nib"},{"floor":8.0,"key":"Lantern"},{"floor":10.0,"key":"Happy Flower"},{"floor":13.0,"key":"InkBottle"},{"floor":18.0,"key":"Bronze Scales"},{"floor":19.0,"key":"MealTicket"},{"floor":20.0,"key":"Bag of Preparation"},{"floor":21.0,"key":"Tiny Chest"},{"floor":22.0,"key":"War Paint"},{"floor":23.0,"key":"Ancient Tea Set"},{"floor":23.0,"key":"Dream Catcher"},{"floor":25.0,"key":"Ice Cream"},{"floor":26.0,"key":"Shuriken"},{"floor":27.0,"key":"Regal Pillow"},{"floor":28.0,"key":"Frozen Egg 2"},{"floor":30,"key":"Old Coin"},{"floor":30,"key":"Pantograph"},{"floor":30,"key":"Vajra"},{"floor":35,"key":"Anchor"},{"floor":36,"key":"PreservedInsect"},{"floor":37,"key":"Centennial Puzzle"},{"floor":39,"key":"Bag of Marbles"},{"floor":40,"key":"Darkstone Periapt"},{"floor":41,"key":"Orichalcum"},{"floor":43,"key":"Blood Vial"},{"floor":45,"key":"Oddly Smooth Stone"},{"floor":48,"key":"Juzu Bracelet"},{"floor":48,"key":"Meat on the Bone"},{"floor":54,"key":"Letter Opener"},{"floor":54,"key":"Calipers"}],"event_choices":[{"damage_healed":0.0,"max_hp_gain":0.0,"max_hp_loss":0.0,"gold_gain":0.0,"event_name":"Shining Light","player_choice":"Entered Light","floor":3.0,"gold_loss":0.0,"damage_taken":12.0,"cards_upgraded":["Saiyan:PowerUp","Saiyan:SAIYA_Strike"]},{"damage_healed":0.0,"max_hp_gain":0.0,"max_hp_loss":0.0,"gold_gain":175.0,"event_name":"Liars Game","player_choice":"AGREE","floor":4.0,"gold_loss":0.0,"damage_taken":0.0,"cards_obtained":["Doubt"]},{"damage_healed":0.0,"max_hp_gain":0.0,"max_hp_loss":0.0,"gold_gain":0.0,"event_name":"WeMeetAgain","player_choice":"Paid Gold","floor":11.0,"gold_loss":67.0,"damage_taken":0.0,"relics_obtained":["Question Card"]},{"damage_healed":25.0,"max_hp_gain":0.0,"max_hp_loss":0.0,"gold_gain":0.0,"event_name":"The Library","player_choice":"Heal","floor":29.0,"gold_loss":0.0,"damage_taken":0.0},{"damage_healed":0,"gold_gain":0,"player_choice":"Fight","damage_taken":0,"max_hp_gain":0,"max_hp_loss":0,"event_name":"Colosseum","floor":30,"gold_loss":0},{"damage_healed":0,"gold_gain":0,"player_choice":"Fought Nobs","damage_taken":0,"max_hp_gain":0,"max_hp_loss":0,"event_name":"Colosseum","floor":30,"gold_loss":0},{"damage_healed":0,"gold_gain":0,"player_choice":"Embrace Madness","damage_taken":12,"max_hp_gain":0,"max_hp_loss":0,"event_name":"Winding Halls","floor":47,"gold_loss":0,"cards_obtained":["Madness","Madness"]}],"is_beta":false,"boss_relics":[{"not_picked":["Astrolabe","Busted Crown"],"picked":"Velvet Choker"},{"not_picked":["Sozu","Empty Cage"],"picked":"Cursed Key"}],"items_purged_floors":[7,31,46],"is_endless":false,"potions_floor_spawned":[5,13,16,18,22,25,27,28,37,38,42,45,48],"ascension_level":2}}