{"host":"31s8hzukbhz1k6i6","time":1609204705,"event":{"mods":["BaseMod","Colored Map","Minty Spire (QoL Compilation)","Relic Stats","UnlockEverythingMod"],"gold_per_floor":[10,10,34,34,50,50,85,85,85,128,128,166,182,39,39,159,159,184,198,198,45,59,88,88,88,88,117,117,137,149,180,180,280,280,300,314,239,239,251,277,277,303,303,321,321,335,335,354,354,354,354],"floor_reached":50,"playtime":2536,"items_purged":["Strike_G"],"score":1020,"play_id":"83bd60c7-1ed1-4bc8-9b5e-d48e73310694","local_time":"20201228171825","is_ascension_mode":true,"campfire_choices":[{"data":"Poisoned Stab","floor":6.0,"key":"SMITH"},{"floor":11.0,"key":"REST"},{"data":"Noxious Fumes","floor":15.0,"key":"SMITH"},{"data":"Catalyst","floor":24.0,"key":"SMITH"},{"floor":28.0,"key":"REST"},{"data":"Crippling Poison","floor":32.0,"key":"SMITH"},{"data":"Outmaneuver","floor":41,"key":"SMITH"},{"floor":49,"key":"RECALL"}],"circlet_count":0,"master_deck":["AscendersBane","Strike_G","Defend_G","Defend_G","Defend_G","Defend_G","Defend_G","Survivor","Neutralize","Poisoned Stab+1","PiercingWail","Quick Slash","Acrobatics","Backflip","Noxious Fumes+1","Catalyst+1","Backflip","Noxious Fumes+1","Adrenaline","Acrobatics","Blur","Dodge and Roll+1","Deadly Poison+1","Crippling Poison+1","Venomology","Noxious Fumes","Dodge and Roll+1","Impatience","Finesse","Outmaneuver+1","Catalyst+1","Crippling Poison+1"],"relics":["Ring of the Snake","Gambling Chip","Bloody Idol","Ninja Scroll","Torii","Sundial","Letter Opener","Omamori","Orrery","Sozu","ClockworkSouvenir","Pocketwatch","Mummified Hand","Anchor","MealTicket","Empty Cage","Akabeko","Kunai"],"acts_visited":["Exordium","TheCity","TheBeyond"],"potions_floor_usage":[],"damage_taken":[{"damage":1.0,"enemies":"Cultist","floor":1.0,"turns":5.0},{"damage":0.0,"enemies":"2 Louse","floor":3.0,"turns":4.0},{"damage":0.0,"enemies":"Jaw Worm","floor":5.0,"turns":4.0},{"damage":30.0,"enemies":"Gremlin Nob","floor":7.0,"turns":5.0},{"damage":24.0,"enemies":"Lagavulin","floor":10.0,"turns":6.0},{"damage":9.0,"enemies":"3 Sentries","floor":12.0,"turns":10.0},{"damage":1.0,"enemies":"Red Slaver","floor":13.0,"turns":3.0},{"damage":0.0,"enemies":"Hexaghost","floor":16.0,"turns":8.0},{"damage":0.0,"enemies":"Chosen","floor":18.0,"turns":4.0},{"damage":6.0,"enemies":"3 Byrds","floor":19.0,"turns":4.0},{"damage":0.0,"enemies":"Snake Plant","floor":22.0,"turns":3.0},{"damage":22.0,"enemies":"Gremlin Leader","floor":23.0,"turns":6.0},{"damage":29.0,"enemies":"Book of Stabbing","floor":27.0,"turns":7.0},{"damage":0.0,"enemies":"3 Cultists","floor":29.0,"turns":4.0},{"damage":0.0,"enemies":"Chosen and Byrds","floor":30.0,"turns":4.0},{"damage":0.0,"enemies":"Gremlin Leader","floor":31.0,"turns":4.0},{"damage":19.0,"enemies":"Collector","floor":33.0,"turns":6.0},{"damage":0.0,"enemies":"3 Shapes","floor":35.0,"turns":4.0},{"damage":1.0,"enemies":"Orb Walker","floor":36.0,"turns":4.0},{"damage":21.0,"enemies":"Maw","floor":39.0,"turns":5.0},{"damage":12,"enemies":"Giant Head","floor":40,"turns":6},{"damage":11,"enemies":"Nemesis","floor":42,"turns":5},{"damage":6,"enemies":"Jaw Worm Horde","floor":44,"turns":4},{"damage":0,"enemies":"Transient","floor":46,"turns":5},{"damage":0,"enemies":"4 Shapes","floor":48,"turns":3},{"damage":48,"enemies":"Awakened One","floor":50,"turns":8}],"seed_played":"8927895628501890539","potions_obtained":[{"floor":3.0,"key":"Ancient Potion"},{"floor":7.0,"key":"EssenceOfSteel"},{"floor":13.0,"key":"Weak Potion"},{"floor":16.0,"key":"LiquidMemories"}],"is_trial":false,"path_per_floor":["M","?","M","?","M","R","E","?","T","E","R","E","M","$","R","B",null,"M","M","?","$","M","E","R","?","T","E","R","M","M","E","R","B",null,"M","M","$","?","M","E","R","E","T","M","?","M","?","M","R","B"],"character_chosen":"THE_SILENT","items_purchased":["Orrery","ClockworkSouvenir"],"campfire_rested":2,"item_purchase_floors":[14,21],"current_hp_per_floor":[62,62,62,62,62,62,32,32,32,8,27,18,17,17,17,17,53,53,47,47,47,52,35,35,35,35,11,30,35,40,45,45,31,57,62,65,65,55,39,32,32,26,26,25,25,30,30,35,35,0,0],"gold":354,"neow_bonus":"ONE_RARE_RELIC","is_daily":false,"chose_seed":false,"campfire_upgraded":5,"win_rate":0.0,"timestamp":1609204705,"path_taken":["M","?","M","?","M","R","E","?","T","E","R","E","?","$","R","BOSS","M","M","?","$","M","E","R","?","T","E","R","M","?","E","R","BOSS","M","M","$","?","M","E","R","E","T","M","?","?","?","M","R","BOSS"],"items_purchased_type":["Relic","Relic"],"build_version":"2020-12-22","purchased_purges":1,"victory":false,"max_hp_per_floor":[70,65,65,65,65,65,65,65,65,65,65,65,65,65,65,65,65,65,65,65,65,65,65,65,65,65,65,65,65,65,65,65,65,65,65,65,65,65,65,65,65,65,65,65,65,65,65,65,65,65,65],"relic_stats":{"Torii":22,"counters":[26,131],"Letter Opener":[504],"Sozu":11,"Sundial":[22],"Mummified Hand":[36],"Gambling Chip":[87],"Bloody Idol":74,"MealTicket":0,"Kunai":[4],"obtain_stats":[{"Torii":8,"Golden Idol":2,"Omamori":12,"Letter Opener":10,"Empty Cage":34,"Akabeko":40,"ClockworkSouvenir":21,"Sozu":17,"Anchor":27,"Ninja Scroll":7,"Sundial":9,"Mummified Hand":26,"Gambling Chip":0,"Bloody Idol":20,"Orrery":14,"MealTicket":31,"Kunai":42,"Ring of the Snake":0,"Pocketwatch":23},{"Torii":4,"Golden Idol":1,"Omamori":6,"Letter Opener":5,"Empty Cage":17,"Akabeko":21,"ClockworkSouvenir":10,"Sozu":8,"Anchor":13,"Ninja Scroll":4,"Sundial":4,"Mummified Hand":12,"Gambling Chip":0,"Bloody Idol":10,"Orrery":7,"MealTicket":16,"Kunai":22,"Ring of the Snake":0,"Pocketwatch":12},{"Torii":18,"Golden Idol":5,"Omamori":34,"Letter Opener":24,"Empty Cage":87,"Akabeko":106,"ClockworkSouvenir":53,"Sozu":45,"Anchor":69,"Ninja Scroll":18,"Sundial":18,"Mummified Hand":62,"Gambling Chip":0,"Bloody Idol":53,"Orrery":37,"MealTicket":81,"Kunai":111,"Ring of the Snake":0,"Pocketwatch":62}],"Ring of the Snake":[52],"Pocketwatch":[18]},"card_choices":[{"not_picked":["Sucker Punch","Outmaneuver"],"picked":"Poisoned Stab","floor":1.0},{"not_picked":["Dodge and Roll","Prepared"],"picked":"PiercingWail","floor":3.0},{"not_picked":["Riddle With Holes","PiercingWail","Calculated Gamble"],"picked":"SKIP","floor":5.0},{"not_picked":["Infinite Blades","Accuracy"],"picked":"Acrobatics","floor":7.0},{"not_picked":["Skewer","Flying Knee","Blade Dance"],"picked":"SKIP","floor":10.0},{"not_picked":["Sucker Punch","Slice"],"picked":"Backflip","floor":12.0},{"not_picked":["Reflex","Sucker Punch","Deflect"],"picked":"SKIP","floor":13.0},{"not_picked":["Bane","Unload"],"picked":"Noxious Fumes","floor":14.0},{"not_picked":["Acrobatics","Quick Slash"],"picked":"Catalyst","floor":14.0},{"not_picked":["Glass Knife","Dagger Throw"],"picked":"Backflip","floor":14.0},{"not_picked":["Calculated Gamble","Dodge and Roll"],"picked":"Noxious Fumes","floor":14.0},{"not_picked":["Grand Finale","Storm of Steel"],"picked":"Adrenaline","floor":16.0},{"not_picked":["Slice+1","Backstab","Flying Knee"],"picked":"SKIP","floor":18.0},{"not_picked":["Deflect","Poisoned Stab"],"picked":"Acrobatics","floor":19.0},{"not_picked":["Dagger Spray","Dagger Throw+1","Prepared+1"],"picked":"SKIP","floor":22.0},{"not_picked":["Blade Dance","Sucker Punch"],"picked":"Blur","floor":23.0},{"not_picked":["Noxious Fumes","Blade Dance"],"picked":"Dodge and Roll+1","floor":27.0},{"not_picked":["Prepared","A Thousand Cuts","Quick Slash+1"],"picked":"SKIP","floor":29.0},{"not_picked":["Blur+1","Quick Slash"],"picked":"Deadly Poison+1","floor":30.0},{"not_picked":["Poisoned Stab","Cloak And Dagger"],"picked":"Crippling Poison","floor":31.0},{"not_picked":["Glass Knife","Bullet Time"],"picked":"Venomology","floor":33.0},{"not_picked":["Dagger Spray+1","Slice"],"picked":"Noxious Fumes","floor":35.0},{"not_picked":["Underhanded Strike+1","A Thousand Cuts"],"picked":"Dodge and Roll+1","floor":36.0},{"not_picked":["Deep Breath","Madness"],"picked":"Impatience","floor":38.0},{"not_picked":["Purity","Forethought"],"picked":"Finesse","floor":38.0},{"not_picked":["Leg Sweep","Poisoned Stab+1","Dagger Throw"],"picked":"SKIP","floor":39},{"not_picked":["Bane+1","Deadly Poison"],"picked":"Outmaneuver","floor":40},{"not_picked":["Dagger Throw","Doppelganger","Underhanded Strike"],"picked":"SKIP","floor":42},{"not_picked":["All Out Attack","Leg Sweep","Deflect"],"picked":"SKIP","floor":44},{"not_picked":["Masterful Stab","Outmaneuver"],"picked":"Crippling Poison+1","floor":46},{"not_picked":["All Out Attack","Poisoned Stab+1","Dagger Throw+1"],"picked":"SKIP","floor":48}],"player_experience":66361,"relics_obtained":[{"floor":7.0,"key":"Ninja Scroll"},{"floor":9.0,"key":"Sundial"},{"floor":10.0,"key":"Letter Opener"},{"floor":12.0,"key":"Omamori"},{"floor":23.0,"key":"Pocketwatch"},{"floor":26.0,"key":"Mummified Hand"},{"floor":27.0,"key":"Anchor"},{"floor":31.0,"key":"MealTicket"},{"floor":40,"key":"Akabeko"},{"floor":42,"key":"Kunai"}],"event_choices":[{"damage_healed":0.0,"max_hp_gain":0.0,"max_hp_loss":5.0,"gold_gain":0.0,"event_name":"Golden Idol","player_choice":"Lose Max HP","floor":2.0,"gold_loss":0.0,"damage_taken":0.0,"relics_obtained":["Golden Idol"]},{"damage_healed":0.0,"max_hp_gain":0.0,"max_hp_loss":0.0,"gold_gain":0.0,"cards_transformed":["Strike_G"],"event_name":"Living Wall","player_choice":"Change","floor":4.0,"gold_loss":0.0,"damage_taken":0.0,"cards_obtained":["Quick Slash"]},{"damage_healed":0.0,"max_hp_gain":0.0,"max_hp_loss":0.0,"gold_gain":0.0,"event_name":"Dead Adventurer","player_choice":"Searched \u00271\u0027 times","floor":8.0,"gold_loss":0.0,"damage_taken":0.0,"relics_obtained":["Torii"]},{"damage_healed":0.0,"max_hp_gain":0.0,"max_hp_loss":0.0,"gold_gain":0.0,"event_name":"Forgotten Altar","player_choice":"Gave Idol","floor":20.0,"relics_lost":["Golden Idol"],"gold_loss":0.0,"damage_taken":0.0,"relics_obtained":["Bloody Idol"]},{"damage_healed":0.0,"max_hp_gain":0.0,"max_hp_loss":0.0,"gold_gain":0.0,"event_name":"Upgrade Shrine","player_choice":"Upgraded","floor":25.0,"gold_loss":0.0,"damage_taken":0.0,"cards_upgraded":["Noxious Fumes"]},{"damage_healed":0.0,"max_hp_gain":0.0,"max_hp_loss":0.0,"gold_gain":0.0,"event_name":"SensoryStone","player_choice":"Memory 3","floor":38.0,"gold_loss":0.0,"damage_taken":10.0},{"damage_healed":0,"gold_gain":0,"player_choice":"Copied","damage_taken":0,"max_hp_gain":0,"max_hp_loss":0,"event_name":"Duplicator","floor":45,"gold_loss":0,"cards_obtained":["Catalyst"]},{"damage_healed":0,"gold_gain":0,"player_choice":"Ignored","damage_taken":0,"max_hp_gain":0,"max_hp_loss":0,"event_name":"Tomb of Lord Red Mask","floor":47,"gold_loss":0}],"is_beta":false,"boss_relics":[{"not_picked":["Runic Dome","Runic Pyramid"],"picked":"Sozu"},{"not_picked":["Tiny House","Ring of the Serpent"],"picked":"Empty Cage"}],"items_purged_floors":[37],"is_endless":false,"potions_floor_spawned":[3,7,13,16,18,27,29,31,35,40,42,44,46],"killed_by":"Awakened One","ascension_level":10}}