{"host":"cyiefo55v5hz1ih5","time":1609266748,"event":{"mods":["2.2 Compatiblity","AchievementEnabler","BaseMod","GifTheSpireLib","GungeonMod","Hubris","Minty Spire (QoL Compilation)","Replay The Spire","Spicy Shops","StSLib"],"gold_per_floor":[363,16,29,29,45,45,45,73,96,96,110,155,181,198,198,299,299,319,319,319,75,150,176,176,204,204,204,217,235,246,263,275,275,280,387,387,398,408,428,428,444,444,480,497,497,497,568,581,581,581],"floor_reached":49,"playtime":3097,"items_purged":["Hallucinations","DemoMod:AC15"],"score":520,"play_id":"1aa79a17-53b3-42c1-bdee-9a96de33c101","local_time":"20201229133228","is_ascension_mode":true,"campfire_choices":[{"data":"DemoMod:PotionOfGunFriendShip","floor":6.0,"key":"SMITH"},{"floor":10.0,"key":"RECALL"},{"floor":15.0,"key":"REST"},{"data":"DemoMod:ShadowBullets","floor":24.0,"key":"SMITH"},{"data":"DemoMod:GunShield","floor":27.0,"key":"SMITH"},{"floor":33.0,"key":"REST"},{"data":"DemoMod:TableSutra","floor":42.0,"key":"SMITH"},{"floor":46.0,"key":"REST"}],"circlet_count":0,"master_deck":["DemoMod:FinishedGun","DemoMod:Defend_Huntress","DemoMod:Defend_Huntress","DemoMod:Defend_Huntress","DemoMod:Defend_Huntress","DemoMod:Roll","DemoMod:ManualReload","DemoMod:CrossBow","DemoMod:MachoBrace","DemoMod:PotionOfGunFriendShip+1","DemoMod:MegaHand+1","DemoMod:GunShield+1","DemoMod:ShadowBullets+1","DemoMod:BulletBore+1","DemoMod:CursedBullets","DemoMod:Gungine","DemoMod:TableSutra+1","DemoMod:Behold!","DemoMod:HungryBullets","DemoMod:SniperShot+1","DemoMod:HardPowerCard+1"],"relics":["DemoMod:Dog","Lantern","Replay:Accelerometer","Pen Nib","hubris:SlimyHat","Letter Opener","Empty Cage","DemoMod:RedGuonStone","Bronze Scales","Whetstone","DemoMod:RatBoots","DemoMod:ResourcefulSack","DemoMod:PartiallyEatenCheese","DemoMod:WaxWing","hubris:Towel","hubris:ToyBattleship","DemoMod:GlassGuonStoneRelic"],"acts_visited":[],"potions_floor_usage":[],"damage_taken":[{"damage":0.0,"enemies":"Cultist","floor":1.0,"turns":2.0},{"damage":0.0,"enemies":"Jaw Worm","floor":3.0,"turns":3.0},{"damage":0.0,"enemies":"2 Louse","floor":5.0,"turns":1.0},{"damage":0.0,"enemies":"Lagavulin","floor":8.0,"turns":3.0},{"damage":0.0,"enemies":"2 Fungi Beasts","floor":11.0,"turns":1.0},{"damage":12.0,"enemies":"Gremlin Nob","floor":13.0,"turns":3.0},{"damage":0.0,"enemies":"Red Slaver","floor":14.0,"turns":1.0},{"damage":36.0,"enemies":"Fading Forest","floor":16.0,"turns":12.0},{"damage":0.0,"enemies":"Shell Parasite","floor":18.0,"turns":1.0},{"damage":17.0,"enemies":"Slavers","floor":23.0,"turns":5.0},{"damage":12.0,"enemies":"Book of Stabbing","floor":25.0,"turns":5.0},{"damage":5.0,"enemies":"DemoMod:4_Bullet_Kins_with_one_veteran","floor":28.0,"turns":3.0},{"damage":0.0,"enemies":"DemoMod:2_Veteran_bullet_kins_and_red_shotgun_kin","floor":29.0,"turns":2.0},{"damage":17.0,"enemies":"DemoMod:Veteran_shot_gun_kin_and_red_shotgun_kin_with_gunsinger","floor":30.0,"turns":2.0},{"damage":0.0,"enemies":"DemoMod:Veteran_shot_gun_kin_and_blue_shotgun_kin_with_gunsinger","floor":31.0,"turns":2.0},{"damage":9.0,"enemies":"DemoMod:2_Mousers","floor":32.0,"turns":3.0},{"damage":37.0,"enemies":"DemoMod:ResourcefulRat","floor":35.0,"turns":11.0},{"damage":0.0,"enemies":"Orb Walker","floor":37.0,"turns":3.0},{"damage":0.0,"enemies":"3 Shapes","floor":38.0,"turns":2.0},{"damage":0.0,"enemies":"3 Darklings","floor":39.0,"turns":4.0},{"damage":2.0,"enemies":"Sphere and 2 Shapes","floor":41.0,"turns":5.0},{"damage":27.0,"enemies":"Nemesis","floor":43.0,"turns":5.0},{"damage":5.0,"enemies":"Writhing Mass","floor":44.0,"turns":5.0},{"damage":0.0,"enemies":"Maw","floor":47.0,"turns":6.0},{"damage":16.0,"enemies":"Sphere and 2 Shapes","floor":48.0,"turns":4.0},{"damage":0,"enemies":"4 Shapes","floor":49,"turns":1}],"seed_played":"421942619921315460","potions_obtained":[{"floor":1.0,"key":"Milkshake"},{"floor":3.0,"key":"Toxic Potion"},{"floor":7.0,"key":"Ancient Potion"},{"floor":8.0,"key":"Death Potion"},{"floor":13.0,"key":"DuplicationPotion"},{"floor":18.0,"key":"Adrenaline Potion"},{"floor":25.0,"key":"Block Potion"},{"floor":39.0,"key":"Regen Potion"}],"is_trial":false,"path_per_floor":["M","$","M","?","M","R","?","E","T","R","M","?","E","M","R","B",null,"M","?","?","$","?","E","R","E","T","R","M","M","M","M","M","R","B","B",null,"M","M","M","?","M","R","E","M","T","R","M","M","M"],"character_chosen":"HUNTRESS","items_purchased":["DemoMod:GnawedKey","Lantern","DemoMod:RedGuonStone"],"campfire_rested":3,"item_purchase_floors":[2,2,21],"current_hp_per_floor":[70,70,70,75,75,75,75,75,75,75,75,57,45,45,67,31,75,75,75,75,75,68,51,51,39,75,75,70,70,53,53,44,66,62,25,75,75,75,75,75,73,73,46,41,41,63,63,47,47,47],"gold":581,"neow_bonus":"TWO_FIFTY_GOLD","is_daily":false,"chose_seed":false,"campfire_upgraded":4,"win_rate":0.0,"timestamp":1609266748,"path_taken":["M","?","M","?","M","R","?","E","T","R","?","?","E","M","R","BOSS","M","?","?","$","?","E","R","E","T","R","M","M","M","M","M","R","BOSS","BOSS","M","M","?","?","M","R","E","M","T","R","M","M","M"],"items_purchased_type":["Relic","Relic","Relic"],"build_version":"2020-12-22","purchased_purges":2,"victory":false,"max_hp_per_floor":[70,70,70,75,75,75,75,75,75,75,75,75,75,75,75,75,75,75,75,75,75,75,75,75,75,75,75,75,75,75,75,75,75,75,75,75,75,75,75,75,75,75,75,75,75,75,75,75,75,75],"card_choices":[{"not_picked":["DemoMod:CursedBullets","DemoMod:AWP"],"picked":"DemoMod:MachoBrace","floor":1.0},{"not_picked":["DemoMod:MachoBrace","DemoMod:JK47"],"picked":"DemoMod:PotionOfGunFriendShip","floor":3.0},{"not_picked":["DemoMod:SAA","DemoMod:Unmoved"],"picked":"DemoMod:MegaHand","floor":5.0},{"not_picked":["DemoMod:SpreadAmmo","DemoMod:AWP","DemoMod:FortunesFavor"],"picked":"SKIP","floor":8.0},{"not_picked":["DemoMod:DirectionalPad","DemoMod:Ejector"],"picked":"DemoMod:GunShield","floor":11.0},{"not_picked":["DemoMod:AC15","DemoMod:RadGun"],"picked":"DemoMod:ShadowBullets","floor":12.0},{"not_picked":["DemoMod:ChanceBullets","DemoMod:SkilledReload","DemoMod:ShadowBullets"],"picked":"SKIP","floor":13.0},{"not_picked":["DemoMod:MegaHand","DemoMod:CursedBullets","DemoMod:ConditionalReflex"],"picked":"SKIP","floor":14.0},{"not_picked":["DemoMod:FullFirepower","DemoMod:BlankBullets"],"picked":"DemoMod:BulletBore","floor":16.0},{"not_picked":["DemoMod:StickyCrossBow","DemoMod:Casey","DemoMod:SpreadAmmo"],"picked":"SKIP","floor":18.0},{"not_picked":["DemoMod:Ejector","DemoMod:RadGun+1","DemoMod:HuntsMan+1"],"picked":"SKIP","floor":23.0},{"not_picked":["DemoMod:ZorGun","DemoMod:HighKaliber","DemoMod:CombinedRifle"],"picked":"SKIP","floor":25.0},{"not_picked":["DemoMod:Casey","DemoMod:AC15+1","DemoMod:RadGun+1"],"picked":"SKIP","floor":28.0},{"not_picked":["DemoMod:BattleInHaste","DemoMod:FastSwitch"],"picked":"DemoMod:Gungine","floor":29.0},{"not_picked":["DemoMod:Polaris","DemoMod:HuntsMan","DemoMod:PotionOfGunFriendShip+1"],"picked":"SKIP","floor":30.0},{"not_picked":["DemoMod:TeaPot","DemoMod:AWP"],"picked":"DemoMod:TableSutra","floor":31.0},{"not_picked":["DemoMod:CombinedRifle+1","DemoMod:BattleInHaste+1","DemoMod:MegaHand+1"],"picked":"SKIP","floor":32.0},{"not_picked":["DemoMod:SuppressiveFire","DemoMod:ThirdPartyController"],"picked":"DemoMod:Behold!","floor":35.0},{"not_picked":["DemoMod:JK47","DemoMod:Unmoved+1","DemoMod:DirectionalPad+1"],"picked":"SKIP","floor":37.0},{"not_picked":["DemoMod:ChanceBullets","DemoMod:GunShield+1"],"picked":"DemoMod:HungryBullets","floor":38.0},{"not_picked":["DemoMod:ChanceBullets+1","DemoMod:DirectionalPad+1"],"picked":"DemoMod:SniperShot+1","floor":39.0},{"not_picked":["DemoMod:DirectionalPad","DemoMod:SniperShot+1","DemoMod:Replace"],"picked":"SKIP","floor":41.0},{"not_picked":["DemoMod:FastSwitch+1","DemoMod:HuntsMan+1","DemoMod:PotionOfGunFriendShip"],"picked":"SKIP","floor":43.0},{"not_picked":["DemoMod:Ejector","DemoMod:SniperShot"],"picked":"DemoMod:HardPowerCard+1","floor":44.0},{"not_picked":["DemoMod:AWP","DemoMod:FastSwitch","DemoMod:GunShield+1"],"picked":"SKIP","floor":47.0},{"not_picked":["DemoMod:HuntsMan+1","DemoMod:FastSwitch","DemoMod:HardPowerCard+1"],"picked":"SKIP","floor":48.0}],"player_experience":714970,"relics_obtained":[{"floor":8.0,"key":"Replay:Accelerometer"},{"floor":9.0,"key":"Pen Nib"},{"floor":12.0,"key":"hubris:SlimyHat"},{"floor":13.0,"key":"Letter Opener"},{"floor":23.0,"key":"Bronze Scales"},{"floor":25.0,"key":"Whetstone"},{"floor":36.0,"key":"DemoMod:RatBoots"},{"floor":36.0,"key":"DemoMod:ResourcefulSack"},{"floor":36.0,"key":"DemoMod:PartiallyEatenCheese"},{"floor":36.0,"key":"DemoMod:WaxWing"},{"floor":43.0,"key":"hubris:ToyBattleship"}],"event_choices":[{"damage_healed":0.0,"max_hp_gain":5.0,"max_hp_loss":0.0,"gold_gain":0.0,"event_name":"Big Fish","player_choice":"Donut","floor":4.0,"gold_loss":0.0,"damage_taken":0.0},{"damage_healed":0.0,"max_hp_gain":0.0,"max_hp_loss":0.0,"gold_gain":0.0,"event_name":"Lab","player_choice":"Got Potions","floor":7.0,"gold_loss":0.0,"damage_taken":0.0},{"damage_healed":0.0,"max_hp_gain":0.0,"max_hp_loss":0.0,"gold_gain":0.0,"cards_transformed":["DemoMod:Strike_Huntress","DemoMod:RustySidearm"],"event_name":"Drug Dealer","player_choice":"Became Test Subject","floor":19.0,"gold_loss":0.0,"damage_taken":0.0,"cards_obtained":["DemoMod:AC15","DemoMod:CursedBullets"]},{"damage_healed":0.0,"max_hp_gain":0.0,"max_hp_loss":0.0,"gold_gain":75.0,"event_name":"FaceTrader","player_choice":"Touch","floor":22.0,"gold_loss":0.0,"damage_taken":7.0}],"is_beta":false,"boss_relics":[{"not_picked":["SacredBark","Cursed Key"],"picked":"Empty Cage"},{"not_picked":[]}],"items_purged_floors":[2,21],"is_endless":false,"potions_floor_spawned":[1,3,8,13,18,25,31,32,39],"killed_by":"4 Shapes","ascension_level":1}}