{"host":"8g24zuco0epbjwbo","time":1609269146,"event":{"mods":["BaseMod","Downfall","Minty Spire (QoL Compilation)","Relic Stats","StSLib"],"gold_per_floor":[99,99,99,99,60,95,118,136,171,171,171,199,199,218,237,337,337,187,204,75,86,99,124,198,231,279,279,295,220,251,267,281,377,377,377,388,179,179,189,239,239,239,320,353,353,353,385,182,201,201,201,201,201,201],"floor_reached":52,"playtime":2898,"items_purged":["Regret","Shame"],"score":1131,"play_id":"df8018b8-df1a-4dc0-b7cc-f7cc7b5422e9","local_time":"20201229141226","is_ascension_mode":true,"campfire_choices":[{"floor":1,"key":"RECALL"},{"data":"1","floor":18,"key":"LIFT"},{"floor":29,"key":"REST"},{"data":"2","floor":35,"key":"LIFT"},{"data":"3","floor":45,"key":"LIFT"},{"data":"champ:SwordThrow","floor":46,"key":"SMITH"}],"circlet_count":0,"master_deck":["champ:Strike","champ:Strike","champ:Strike","champ:Strike","champ:Defend","champ:Defend","champ:Defend","champ:Defend+1","champ:Execute","champ:Taunt","champ:GutPunch","champ:GladiatorStyle","champ:ShieldSigil","champ:CrookedStrike","champ:FocusedGladiator","champ:StanceDance+1","champ:Haymaker","champ:LastStand","champ:BerserkerStyle","champ:SteelEdge","champ:BerserkersShout+1","champ:FanOfKnives+1","champ:Aggression","champ:PerfectForm","champ:ArenaPreparation","champ:CrookedStrike","champ:BringItOn","champ:SwordThrow+1","champ:HoldFirm","champ:DefensiveStyle+1","expansioncontent:TimeRipple","champ:DeathBlow+1","champ:AdrenalArmor","champ:RecklessLeap+1","champ:ViciousMockery+1","champ:FaceSlap+1"],"relics":["champ:ChampionCrownUpgraded","downfall:HeartsMalice","Bottled Lightning","sneckomod:BlankCard","Bronze Scales","Gremlin Horn","Girya","Black Star","downfall:HeartBlessingRed","downfall:HeartBlessingGreen","Dead Branch","Mango","Bottled Tornado","Regal Pillow","Matryoshka","Smiling Mask","Guardian:PocketSentry","downfall:HeartBlessingBlue","Gambling Chip","Unceasing Top","Akabeko","WingedGreaves","Mercury Hourglass","HornCleat","Letter Opener","Meat on the Bone","Molten Egg 2","Orichalcum","White Beast Statue","Blue Candle","Oddly Smooth Stone","Pear","Toolbox"],"acts_visited":["Exordium","TheCity","TheBeyond","TheEnding"],"potions_floor_usage":[23,33],"damage_taken":[{"damage":0,"enemies":"2 Louse","floor":2,"turns":1},{"damage":0,"enemies":"Jaw Worm","floor":3,"turns":1},{"damage":0,"enemies":"Cultist","floor":4,"turns":1},{"damage":14,"enemies":"downfall:FleeingMerchant","floor":5,"turns":4},{"damage":32,"enemies":"3 Sentries","floor":6,"turns":10},{"damage":0,"enemies":"2 Fungi Beasts","floor":8,"turns":3},{"damage":52,"enemies":"Gremlin Nob","floor":9,"turns":5},{"damage":28,"enemies":"Lagavulin","floor":12,"turns":5},{"damage":35,"enemies":"Large Slime","floor":14,"turns":7},{"damage":8,"enemies":"Blue Slaver","floor":15,"turns":3},{"damage":97,"enemies":"downfall:Ironclad","floor":16,"turns":9},{"damage":25,"enemies":"Shell Parasite","floor":19,"turns":4},{"damage":31,"enemies":"downfall:FleeingMerchant","floor":20,"turns":4},{"damage":5,"enemies":"3 Byrds","floor":21,"turns":3},{"damage":35,"enemies":"Snake Plant","floor":22,"turns":4},{"damage":47,"enemies":"Slavers","floor":23,"turns":4},{"damage":29,"enemies":"Gremlin Leader","floor":25,"turns":3},{"damage":13,"enemies":"Centurion and Healer","floor":28,"turns":3},{"damage":30,"enemies":"Book of Stabbing","floor":30,"turns":4},{"damage":13,"enemies":"Snecko","floor":31,"turns":3},{"damage":33,"enemies":"3 Cultists","floor":32,"turns":4},{"damage":105,"enemies":"downfall:Watcher","floor":33,"turns":7},{"damage":30,"enemies":"3 Darklings","floor":36,"turns":1},{"damage":48,"enemies":"downfall:FleeingMerchant","floor":37,"turns":4},{"damage":10,"enemies":"Orb Walker","floor":39,"turns":2},{"damage":109,"enemies":"Mind Bloom Boss Battle","floor":40,"turns":10},{"damage":85,"enemies":"Giant Head","floor":44,"turns":6},{"damage":50,"enemies":"Nemesis","floor":47,"turns":7},{"damage":0,"enemies":"downfall:FleeingMerchant","floor":48,"turns":1},{"damage":17,"enemies":"Sphere and 2 Shapes","floor":49,"turns":2},{"damage":111,"enemies":"downfall:Defect","floor":50,"turns":6},{"damage":227,"enemies":"downfall:CharBossMerchant","floor":52,"turns":8}],"seed_played":"-4606320783940710760","potions_obtained":[{"floor":6,"key":"Regen Potion"},{"floor":12,"key":"SteroidPotion"},{"floor":15,"key":"Regen Potion"},{"floor":23,"key":"FearPotion"},{"floor":44,"key":"Explosive Potion"},{"floor":48,"key":"DistilledChaos"}],"is_trial":false,"path_per_floor":["R","M","M","M","$","E","T","M","E","?","T","E","?","M","M","B",null,"R","M","$","M","M","E","T","E","T","?","M","R","E","M","M","B",null,"R","M","$","?","M","?","T","?","T","E","R","R","E","$","M","B",null,"E"],"character_chosen":"THE_CHAMP","items_purchased":["champ:CrookedStrike","champ:Aggression","Akabeko","Oddly Smooth Stone","Pear","Toolbox"],"campfire_rested":1,"item_purchase_floors":[5,20,37,48,48,48],"current_hp_per_floor":[90,90,90,90,90,68,68,68,30,30,30,7,100,87,87,16,100,100,80,79,79,65,49,49,28,28,28,28,90,73,73,61,29,124,124,124,114,114,114,75,75,75,75,78,78,78,85,95,95,69,134,0,0,0],"gold":201,"neow_bonus":"THREE_ENEMY_KILL","is_daily":false,"chose_seed":false,"campfire_upgraded":1,"win_rate":0.0,"timestamp":1609269146,"path_taken":["R","M","M","M","$","E","T","M","E","?","?","E","?","M","M","BOSS","R","M","$","M","M","E","T","E","?","?","M","R","E","M","M","BOSS","R","M","$","?","M","?","T","?","?","E","R","R","E","$","M","BOSS","E"],"items_purchased_type":["Card","Card","Relic","Relic","Relic","Relic"],"build_version":"2020-12-22","purchased_purges":2,"victory":false,"max_hp_per_floor":[90,90,90,90,90,90,90,90,90,90,90,90,100,100,100,100,100,100,100,100,100,100,114,114,114,114,114,114,124,124,124,124,124,124,124,124,124,124,124,124,124,124,124,124,124,124,124,134,134,134,134,134,134,134],"relic_stats":{"Regal Pillow":15,"Gremlin Horn":[14,14],"counters":[32,135],"Dead Branch":[41],"Blue Candle":[0],"Letter Opener":[41],"Orichalcum":[24],"Smiling Mask":50,"Mercury Hourglass":[56],"Bronze Scales":[269],"Gambling Chip":[27],"Black Star":5,"obtain_stats":[{"Regal Pillow":25,"Gremlin Horn":11,"sneckomod:BlankCard":7,"champ:ChampionCrown":0,"downfall:HeartBlessingGreen":18,"Mango":23,"Bottled Tornado":24,"Smiling Mask":26,"Matryoshka":25,"HornCleat":41,"downfall:HeartBlessingBlue":29,"Gambling Chip":30,"Toolbox":48,"WingedGreaves":40,"Girya":12,"Pear":48,"downfall:HeartBlessingRed":18,"Dead Branch":23,"Blue Candle":47,"Oddly Smooth Stone":48,"downfall:HeartsMalice":0,"champ:ChampionCrownUpgraded":34,"Guardian:PocketSentry":27,"Letter Opener":42,"Orichalcum":44,"Akabeko":37,"White Beast Statue":47,"Mercury Hourglass":41,"Bronze Scales":9,"Molten Egg 2":44,"Black Star":17,"Bottled Lightning":6,"Unceasing Top":30,"Meat on the Bone":43},{"Regal Pillow":17,"Gremlin Horn":7,"sneckomod:BlankCard":5,"champ:ChampionCrown":0,"downfall:HeartBlessingGreen":11,"Mango":16,"Bottled Tornado":16,"Smiling Mask":17,"Matryoshka":17,"HornCleat":26,"downfall:HeartBlessingBlue":18,"Gambling Chip":19,"Toolbox":29,"WingedGreaves":26,"Girya":8,"Pear":29,"downfall:HeartBlessingRed":11,"Dead Branch":16,"Blue Candle":28,"Oddly Smooth Stone":29,"downfall:HeartsMalice":0,"champ:ChampionCrownUpgraded":22,"Guardian:PocketSentry":17,"Letter Opener":26,"Orichalcum":27,"Akabeko":24,"White Beast Statue":28,"Mercury Hourglass":26,"Bronze Scales":7,"Molten Egg 2":27,"Black Star":11,"Bottled Lightning":5,"Unceasing Top":19,"Meat on the Bone":26},{"Regal Pillow":68,"Gremlin Horn":22,"sneckomod:BlankCard":14,"champ:ChampionCrown":0,"downfall:HeartBlessingGreen":46,"Mango":65,"Bottled Tornado":65,"Smiling Mask":68,"Matryoshka":68,"HornCleat":106,"downfall:HeartBlessingBlue":71,"Gambling Chip":75,"Toolbox":119,"WingedGreaves":106,"Girya":27,"Pear":119,"downfall:HeartBlessingRed":46,"Dead Branch":65,"Blue Candle":118,"Oddly Smooth Stone":119,"downfall:HeartsMalice":0,"champ:ChampionCrownUpgraded":89,"Guardian:PocketSentry":68,"Letter Opener":106,"Orichalcum":112,"Akabeko":94,"White Beast Statue":118,"Mercury Hourglass":106,"Bronze Scales":22,"Molten Egg 2":112,"Black Star":46,"Bottled Lightning":14,"Unceasing Top":75,"Meat on the Bone":106}],"Unceasing Top":[0],"Meat on the Bone":36},"card_choices":[{"not_picked":["champ:Backstep","champ:StanceDance"],"picked":"champ:GutPunch","floor":2},{"not_picked":["champ:Balance","champ:Shatter"],"picked":"champ:GladiatorStyle","floor":3},{"not_picked":["champ:RageSigil","champ:Backstep"],"picked":"champ:ShieldSigil","floor":4},{"not_picked":["champ:StanceDance","champ:GladiatorsShout"],"picked":"champ:HeavySlash","floor":5},{"not_picked":["champ:GladiatorsShout","champ:BerserkerStyle"],"picked":"champ:FocusedGladiator","floor":6},{"not_picked":["champ:GutPunch","champ:TornadoPunch"],"picked":"champ:StanceDance","floor":8},{"not_picked":["champ:SkillfulDodge","champ:RapidStrikes"],"picked":"champ:Haymaker","floor":9},{"not_picked":["champ:FightOn","champ:BerserkersShout"],"picked":"champ:LastStand","floor":12},{"not_picked":["champ:FaceSlap","champ:FocusedBerserking","champ:ShieldSigil"],"picked":"SKIP","floor":14},{"not_picked":["champ:AdrenalArmor","champ:BerserkersShout"],"picked":"champ:BerserkerStyle","floor":15},{"not_picked":["champ:CrownThrow","champ:EnchantSword"],"picked":"champ:SteelEdge","floor":16},{"not_picked":["champ:FanOfKnives+1","champ:RisingSlash"],"picked":"champ:BerserkersShout+1","floor":19},{"not_picked":["champ:BerserkersShout","champ:Circumvent"],"picked":"champ:FanOfKnives+1","floor":20},{"not_picked":["champ:GutPunch","champ:FocusedDefense","champ:RisingSlash"],"picked":"SKIP","floor":21},{"not_picked":["champ:GladiatorsShout","champ:HeartStrike","champ:Circumvent"],"picked":"SKIP","floor":22},{"not_picked":["champ:Haymaker+1","champ:Aggression"],"picked":"champ:PerfectForm","floor":23},{"not_picked":["champ:FanOfKnives","champ:FocusedDefense"],"picked":"champ:ArenaPreparation","floor":25},{"not_picked":["champ:DefensiveStyle+1","champ:GutPunch"],"picked":"champ:CrookedStrike","floor":28},{"not_picked":["champ:BerserkersShout","champ:Riposte","champ:GladiatorsShout"],"picked":"SKIP","floor":30},{"not_picked":["champ:FanOfKnives","champ:FlashCut"],"picked":"champ:BringItOn","floor":31},{"not_picked":["champ:FlashCut+1","champ:BladeFlurry"],"picked":"champ:SwordThrow","floor":32},{"not_picked":["champ:LastStand","champ:ShieldThrow"],"picked":"champ:HoldFirm","floor":33},{"not_picked":["champ:CrookedStrike+1","champ:TornadoPunch+1","champ:HeartStrike"],"picked":"SKIP","floor":36},{"not_picked":["champ:BerserkersShout","champ:DefensiveShout"],"picked":"champ:DefensiveStyle+1","floor":37},{"not_picked":["expansioncontent:DonusPower","expansioncontent:DarkVoid"],"picked":"expansioncontent:TimeRipple","floor":38},{"not_picked":["champ:GladiatorsShout","champ:StanceDance"],"picked":"champ:DeathBlow+1","floor":39},{"not_picked":["champ:Backstep","champ:FanOfKnives+1"],"picked":"champ:AdrenalArmor","floor":44},{"not_picked":["champ:PerfectedStrike+1","champ:RapidStrikes+1"],"picked":"champ:RecklessLeap+1","floor":47},{"not_picked":["champ:ShieldSigil+1","champ:BerserkerStyle"],"picked":"champ:ViciousMockery+1","floor":48},{"not_picked":["champ:ShieldSigil+1","champ:Haymaker+1"],"picked":"champ:FaceSlap+1","floor":49}],"player_experience":449059,"relics_obtained":[{"floor":6,"key":"Bottled Lightning"},{"floor":7,"key":"sneckomod:BlankCard"},{"floor":9,"key":"Bronze Scales"},{"floor":11,"key":"Gremlin Horn"},{"floor":12,"key":"Girya"},{"floor":23,"key":"Dead Branch"},{"floor":23,"key":"Mango"},{"floor":24,"key":"Bottled Tornado"},{"floor":25,"key":"Regal Pillow"},{"floor":25,"key":"Matryoshka"},{"floor":26,"key":"Smiling Mask"},{"floor":30,"key":"Gambling Chip"},{"floor":30,"key":"Unceasing Top"},{"floor":40,"key":"WingedGreaves"},{"floor":41,"key":"Mercury Hourglass"},{"floor":41,"key":"HornCleat"},{"floor":42,"key":"Letter Opener"},{"floor":43,"key":"Meat on the Bone"},{"floor":44,"key":"Molten Egg 2"},{"floor":44,"key":"Orichalcum"},{"floor":47,"key":"White Beast Statue"},{"floor":47,"key":"Blue Candle"}],"event_choices":[{"cards_removed":["champ:HeavySlash"],"damage_healed":83,"gold_gain":0,"player_choice":"Offered Rare","damage_taken":0,"max_hp_gain":10,"max_hp_loss":0,"event_name":"Bonfire Elementals","floor":13,"gold_loss":0},{"damage_healed":0,"gold_gain":0,"player_choice":"Stole Relic","damage_taken":0,"relics_obtained":["Guardian:PocketSentry"],"max_hp_gain":0,"max_hp_loss":0,"event_name":"Addict","floor":27,"gold_loss":0,"cards_obtained":["Shame"]}],"is_beta":false,"boss_relics":[{"not_picked":["SacredBark","Astrolabe"],"picked":"Black Star"},{"not_picked":["Calling Bell","Empty Cage"],"picked":"champ:ChampionCrownUpgraded"}],"items_purged_floors":[20,37],"is_endless":false,"potions_floor_spawned":[6,12,15,16,21,23,28,31,32,44,47,48,49],"killed_by":"downfall:CharBossMerchant","ascension_level":1}}