{"host":"qxeepl7ydvsgmfdb","time":1609225544,"event":{"mods":["AchievementEnabler","BaseMod","Colored Powertips","Minty Spire (QoL Compilation)","Quick Restart","slay the spire mod where everything is the same but ironclad has a cowboy hat"],"gold_per_floor":[118,64,64,64,64,92,92,124,124,124,124,124,49,63,63,188,188,188,188,140,140,176,176,176],"floor_reached":23,"playtime":400,"items_purged":["Regret"],"score":301,"play_id":"391b5223-8d81-4055-aaf2-401ffcc6bd45","local_time":"20201229020544","is_ascension_mode":true,"campfire_choices":[{"data":"Redo","floor":7,"key":"SMITH"},{"data":"Sweeping Beam","floor":10,"key":"SMITH"},{"data":"Dualcast","floor":12,"key":"SMITH"},{"data":"Chaos","floor":15,"key":"SMITH"}],"circlet_count":0,"master_deck":["Strike_B","Strike_B","Defend_B","Defend_B","Defend_B","Zap+1","Dualcast+1","Redo+1","Sweeping Beam+1","Chaos+1","Chaos+1","Coolheaded","Melter","Coolheaded"],"relics":["Cracked Core","NeowsBlessing","Ginger","Pantograph","Vajra","Eternal Feather","Turnip","Golden Idol","Empty Cage","Red Mask"],"acts_visited":["Exordium","TheCity"],"potions_floor_usage":[16,16],"damage_taken":[{"damage":0,"enemies":"Small Slimes","floor":1,"turns":1},{"damage":0,"enemies":"3 Sentries","floor":6,"turns":1},{"damage":0,"enemies":"Gremlin Nob","floor":8,"turns":1},{"damage":2,"enemies":"Jaw Worm","floor":14,"turns":2},{"damage":49,"enemies":"Hexaghost","floor":16,"turns":9},{"damage":2,"enemies":"Chosen","floor":18,"turns":4},{"damage":58,"enemies":"Masked Bandits","floor":22,"turns":4},{"damage":3,"enemies":"Book of Stabbing","floor":23,"turns":1}],"seed_played":"5793599106964553293","potions_obtained":[{"floor":1,"key":"DistilledChaos"},{"floor":8,"key":"Swift Potion"}],"is_trial":false,"path_per_floor":["M","$","?","?","?","E","R","E","T","R","?","R","$","M","R","B",null,"M","?","$","?","?","E"],"character_chosen":"DEFECT","items_purchased":["Redo","Coolheaded"],"campfire_rested":0,"item_purchase_floors":[2,20],"current_hp_per_floor":[75,75,68,68,68,68,68,68,68,74,56,62,62,60,66,26,63,61,61,61,61,3,0,0],"gold":176,"neow_bonus":"THREE_ENEMY_KILL","is_daily":false,"chose_seed":false,"campfire_upgraded":4,"win_rate":0.0,"timestamp":1609225544,"path_taken":["M","$","?","?","?","E","R","E","T","R","?","R","$","?","R","BOSS","M","?","?","?","?","E"],"items_purchased_type":["Card","Card"],"build_version":"2020-12-22","purchased_purges":1,"victory":false,"max_hp_per_floor":[75,75,75,75,75,75,75,75,75,75,75,75,75,75,75,75,75,75,75,75,75,75,75,75],"card_choices":[{"not_picked":["Aggregate","Beam Cell","Stack"],"picked":"SKIP","floor":1},{"not_picked":["Conserve Battery","Barrage"],"picked":"Sweeping Beam","floor":6},{"not_picked":["Force Field","Barrage","Rip and Tear"],"picked":"SKIP","floor":8},{"not_picked":["FTL","Fusion"],"picked":"Chaos","floor":14},{"not_picked":["Barrage","Redo"],"picked":"Chaos+1","floor":18},{"not_picked":["Aggregate","FTL"],"picked":"Coolheaded","floor":22}],"player_experience":421019,"relics_obtained":[{"floor":6,"key":"Vajra"},{"floor":8,"key":"Eternal Feather"},{"floor":9,"key":"Turnip"},{"floor":22,"key":"Red Mask"}],"event_choices":[{"damage_healed":0,"gold_gain":0,"player_choice":"Success","damage_taken":7,"relics_obtained":["Ginger"],"max_hp_gain":0,"max_hp_loss":0,"event_name":"Scrap Ooze","floor":3,"gold_loss":0},{"damage_healed":0,"gold_gain":0,"player_choice":"Box","damage_taken":0,"relics_obtained":["Pantograph"],"max_hp_gain":0,"max_hp_loss":0,"event_name":"Big Fish","floor":4,"gold_loss":0,"cards_obtained":["Regret"]},{"damage_healed":0,"gold_gain":0,"player_choice":"Grow","damage_taken":0,"max_hp_gain":0,"max_hp_loss":0,"event_name":"Living Wall","floor":5,"gold_loss":0,"cards_upgraded":["Zap"]},{"damage_healed":0,"gold_gain":0,"player_choice":"Take Damage","damage_taken":18,"relics_obtained":["Golden Idol"],"max_hp_gain":0,"max_hp_loss":0,"event_name":"Golden Idol","floor":11,"gold_loss":0},{"cards_removed":["Strike_B"],"damage_healed":0,"gold_gain":0,"player_choice":"Offered Basic","damage_taken":0,"max_hp_gain":0,"max_hp_loss":0,"event_name":"Bonfire Elementals","floor":19,"gold_loss":0},{"damage_healed":0,"gold_gain":0,"player_choice":"Read","damage_taken":0,"max_hp_gain":0,"max_hp_loss":0,"event_name":"The Library","floor":21,"gold_loss":0,"cards_obtained":["Melter"]},{"damage_healed":0,"gold_gain":0,"player_choice":"Fought Bandits","damage_taken":0,"max_hp_gain":0,"max_hp_loss":0,"event_name":"Masked Bandits","floor":22,"gold_loss":0}],"is_beta":false,"boss_relics":[{"not_picked":["SlaversCollar","Fusion Hammer"],"picked":"Empty Cage"}],"items_purged_floors":[13],"is_endless":false,"potions_floor_spawned":[1,8],"killed_by":"Book of Stabbing","ascension_level":5}}