{"host":"6pgtslebjnyv5xmi","time":1609261741,"event":{"mods":["AchievementEnabler","BaseMod","Colored Map","Marisa£¨Ùöéë¡¡Øª×âÞÞ£©","Minty Spire (QoL Compilation)","Rare Cards Sparkle","StSLib","SuperFastMode","everything is the same but u backflip on backflip"],"gold_per_floor":[12,12,12,12,28,28,72,88,114,114,129,54,54,70,70,200,200,213,198,18,43,56,56,95,115,141,154,173,196,111,125,125,125,125],"floor_reached":33,"playtime":2209,"items_purged":["Strike_G"],"score":367,"play_id":"192c5887-baef-433a-aab3-841abc5a547d","local_time":"20201230020901","is_ascension_mode":true,"campfire_choices":[{"data":"Calculated Gamble","floor":6,"key":"SMITH"},{"data":"Venomology","floor":10,"key":"SMITH"},{"floor":15,"key":"REST"},{"floor":32,"key":"REST"}],"circlet_count":0,"master_deck":["Strike_G","Strike_G","Strike_G","Defend_G","Defend_G","Defend_G","Defend_G","Defend_G","Survivor","Neutralize","PiercingWail","Venomology+1","Calculated Gamble+1","Adrenaline+1","Well Laid Plans","Night Terror","Dagger Throw+1","Noxious Fumes","Acrobatics","Eviscerate+1","Calculated Gamble","Backflip+1","Flechettes"],"relics":["Ring of the Snake","Tingsha","Golden Idol","Ancient Tea Set","Centennial Puzzle","Pen Nib","SacredBark","Membership Card","Red Mask","Lantern","Bag of Preparation"],"acts_visited":["Exordium","TheCity"],"potions_floor_usage":[5,7,7,8,14,16,16,16,19,21,21,24,24,25,27,28,28,29,31,33,33],"damage_taken":[{"damage":2,"enemies":"Small Slimes","floor":1,"turns":4},{"damage":7,"enemies":"Jaw Worm","floor":5,"turns":6},{"damage":5,"enemies":"Gremlin Nob","floor":7,"turns":3},{"damage":0,"enemies":"Cultist","floor":8,"turns":1},{"damage":2,"enemies":"2 Fungi Beasts","floor":11,"turns":3},{"damage":15,"enemies":"Large Slime","floor":14,"turns":5},{"damage":15,"enemies":"The Guardian","floor":16,"turns":14},{"damage":0,"enemies":"Spheric Guardian","floor":18,"turns":3},{"damage":0,"enemies":"2 Thieves","floor":19,"turns":4},{"damage":0,"enemies":"Centurion and Healer","floor":21,"turns":4},{"damage":27,"enemies":"Snake Plant","floor":22,"turns":3},{"damage":0,"enemies":"Masked Bandits","floor":24,"turns":1},{"damage":0,"enemies":"3 Cultists","floor":25,"turns":2},{"damage":25,"enemies":"Centurion and Healer","floor":27,"turns":7},{"damage":0,"enemies":"Sentry and Sphere","floor":28,"turns":5},{"damage":0,"enemies":"Snecko","floor":29,"turns":3},{"damage":8,"enemies":"Cultist and Chosen","floor":31,"turns":2},{"damage":73,"enemies":"Champ","floor":33,"turns":10}],"seed_played":"-3490287442932818183","potions_obtained":[{"floor":5,"key":"Fire Potion"},{"floor":7,"key":"CultistPotion"},{"floor":14,"key":"DuplicationPotion"},{"floor":18,"key":"PowerPotion"},{"floor":25,"key":"SpeedPotion"},{"floor":28,"key":"ColorlessPotion"}],"is_trial":false,"path_per_floor":["M","?","?","?","M","R","E","M","T","R","M","$","?","M","R","B",null,"M","M","$","M","M","?","?","M","T","M","M","M","?","M","R","B"],"character_chosen":"THE_SILENT","items_purchased":["Membership Card","Noxious Fumes"],"campfire_rested":2,"item_purchase_floors":[20,20],"current_hp_per_floor":[61,61,61,54,47,47,42,42,42,42,40,40,40,25,44,29,56,56,56,56,56,29,29,29,29,29,4,4,4,4,35,54,0,0],"gold":125,"neow_bonus":"ONE_RARE_RELIC","is_daily":false,"chose_seed":false,"campfire_upgraded":2,"win_rate":0.0,"timestamp":1609261741,"path_taken":["M","?","?","?","M","R","E","M","T","R","M","$","?","M","R","BOSS","M","M","$","M","?","?","?","M","T","M","M","M","?","M","R","BOSS"],"items_purchased_type":["Relic","Card"],"build_version":"2020-12-22","purchased_purges":1,"victory":false,"max_hp_per_floor":[70,65,65,65,65,65,65,65,65,65,65,65,65,65,65,65,65,65,65,65,65,65,65,65,65,65,65,65,65,65,65,65,65,65],"card_choices":[{"not_picked":["Dodge and Roll","Dash"],"picked":"PiercingWail","floor":1},{"not_picked":["All Out Attack","PiercingWail"],"picked":"Calculated Gamble","floor":5},{"not_picked":["Caltrops","Dash"],"picked":"Adrenaline","floor":7},{"not_picked":["Cloak And Dagger","Bane","Slice"],"picked":"SKIP","floor":8},{"not_picked":["Heel Hook","Deadly Poison","Sucker Punch"],"picked":"SKIP","floor":11},{"not_picked":["Dagger Spray","Deflect"],"picked":"Well Laid Plans","floor":14},{"not_picked":["Malaise","After Image"],"picked":"Night Terror","floor":16},{"not_picked":["Endless Agony","Blade Dance","Outmaneuver"],"picked":"SKIP","floor":18},{"not_picked":["Deflect","Sucker Punch"],"picked":"Dagger Throw+1","floor":19},{"not_picked":["Caltrops","Blade Dance"],"picked":"Acrobatics","floor":21},{"not_picked":["Acrobatics","Heel Hook","Poisoned Stab+1"],"picked":"SKIP","floor":22},{"not_picked":["Bane","Envenom"],"picked":"Eviscerate+1","floor":24},{"not_picked":["Outmaneuver","Expertise","Poisoned Stab+1"],"picked":"SKIP","floor":25},{"not_picked":["Setup+1","Poisoned Stab"],"picked":"Calculated Gamble","floor":27},{"not_picked":["Dagger Spray","Expertise"],"picked":"Backflip+1","floor":28},{"not_picked":["Dagger Spray","Bane","Setup"],"picked":"SKIP","floor":29},{"not_picked":["Acrobatics","Underhanded Strike"],"picked":"Flechettes","floor":31}],"player_experience":599164,"relics_obtained":[{"floor":7,"key":"Centennial Puzzle"},{"floor":9,"key":"Pen Nib"},{"floor":24,"key":"Red Mask"},{"floor":26,"key":"Lantern"}],"event_choices":[{"damage_healed":0,"gold_gain":0,"player_choice":"Lose Max HP","damage_taken":0,"relics_obtained":["Golden Idol"],"max_hp_gain":0,"max_hp_loss":5,"event_name":"Golden Idol","floor":2,"gold_loss":0},{"damage_healed":0,"gold_gain":0,"cards_transformed":["Strike_G"],"player_choice":"Change","damage_taken":0,"max_hp_gain":0,"max_hp_loss":0,"event_name":"Living Wall","floor":3,"gold_loss":0,"cards_obtained":["Venomology"]},{"damage_healed":0,"gold_gain":0,"player_choice":"Success","damage_taken":7,"relics_obtained":["Ancient Tea Set"],"max_hp_gain":0,"max_hp_loss":0,"event_name":"Scrap Ooze","floor":4,"gold_loss":0},{"damage_healed":0,"gold_gain":0,"player_choice":"Upgraded","damage_taken":0,"max_hp_gain":0,"max_hp_loss":0,"event_name":"Upgrade Shrine","floor":13,"gold_loss":0,"cards_upgraded":["Adrenaline"]},{"damage_healed":0,"gold_gain":0,"player_choice":"Ignored","damage_taken":0,"max_hp_gain":0,"max_hp_loss":0,"event_name":"Cursed Tome","floor":23,"gold_loss":0},{"damage_healed":0,"gold_gain":0,"player_choice":"Fought Bandits","damage_taken":0,"max_hp_gain":0,"max_hp_loss":0,"event_name":"Masked Bandits","floor":24,"gold_loss":0},{"damage_healed":0,"gold_gain":0,"player_choice":"Obtained Relic","damage_taken":0,"relics_obtained":["Bag of Preparation"],"max_hp_gain":0,"max_hp_loss":0,"event_name":"Addict","floor":30,"gold_loss":85}],"is_beta":false,"boss_relics":[{"not_picked":["Philosopher\u0027s Stone","Snecko Eye"],"picked":"SacredBark"}],"items_purged_floors":[12],"is_endless":false,"potions_floor_spawned":[5,7,14,18,25,28],"killed_by":"Champ","ascension_level":9}}