{"host":"ptvbuawyvnztju27","time":1609267333,"event":{"mods":["BaseMod","Downfall","Minty Spire (QoL Compilation)","StSLib","Unceasing Turn Reminder"],"gold_per_floor":[99,99,99,99,99,99,99,99,134,153,165,184,184,201,219,320,320,320,320,420,439,451,232,232,257,267,267,267,282,282,20,34,131,131,131,143,162,212,243,243,243,243,343,643,137,137,151,184,109,109],"floor_reached":51,"playtime":2768,"items_purged":["hexamod:Strike","hexamod:Defend","hexamod:HauntingEcho","hexamod:UnleashSpirits"],"score":716,"play_id":"6d839112-2862-4975-93a0-34111150dd65","local_time":"20201229114213","is_ascension_mode":false,"campfire_choices":[{"data":"hexamod:Sear","floor":1,"key":"SMITH"},{"data":"hexamod:Incineration","floor":13,"key":"SMITH"},{"data":"hexamod:ThermalTransfer","floor":18,"key":"SMITH"},{"data":"hexamod:BurningTouch","floor":30,"key":"SMITH"},{"data":"hexamod:SearingWound","floor":35,"key":"SMITH"},{"data":"hexamod:SoulSteal","floor":40,"key":"SMITH"},{"data":"hexamod:RainOfEmbers","floor":44,"key":"SMITH"},{"data":"hexamod:BurningTouch","floor":46,"key":"SMITH"},{"data":"hexamod:GhostflameBarrier","floor":49,"key":"SMITH"}],"circlet_count":0,"master_deck":["hexamod:Sear+1","hexamod:Float","hexamod:ThermalTransfer","hexamod:ExtraCrispy","hexamod:ThermalTransfer+1","hexamod:SpectersWail","hexamod:Incineration+1","hexamod:RainOfEmbers+1","hexamod:HexaLevel","hexamod:BurningTouch+1","hexamod:HeatMetal","hexamod:SpectersWail+1","hexamod:GhostflameBarrier+1","hexamod:BurningTouch+1","hexamod:SearingWound+1","hexamod:InspiringFlames","hexamod:GhostLash","hexamod:DynamicBlow","hexamod:SoulSteal+1","expansioncontent:StudyTheSpire","hexamod:GhostflameBarrier+1"],"relics":["hexamod:SpiritBrand","downfall:HeartsMalice","Eternal Feather","Akabeko","Philosopher\u0027s Stone","downfall:GremlinWheel","Thread and Needle","Pantograph","downfall:RedIOU","Bag of Preparation","Pandora\u0027s Box","Du-Vu Doll","Sundial","White Beast Statue","Membership Card","Kunai","Pen Nib","Juzu Bracelet","downfall:HeartBlessingGreen"],"acts_visited":["Exordium","TheCity","TheBeyond"],"potions_floor_usage":[15,16,20,25,25,31,38],"damage_taken":[{"damage":0,"enemies":"Small Slimes","floor":2,"turns":1},{"damage":0,"enemies":"2 Louse","floor":3,"turns":1},{"damage":0,"enemies":"Jaw Worm","floor":6,"turns":1},{"damage":4,"enemies":"Lagavulin","floor":9,"turns":7},{"damage":10,"enemies":"Gremlin Gang","floor":10,"turns":5},{"damage":0,"enemies":"Exordium Thugs","floor":11,"turns":3},{"damage":2,"enemies":"Blue Slaver","floor":12,"turns":4},{"damage":10,"enemies":"Large Slime","floor":14,"turns":6},{"damage":8,"enemies":"Exordium Wildlife","floor":15,"turns":3},{"damage":33,"enemies":"downfall:Silent","floor":16,"turns":6},{"damage":0,"enemies":"downfall:Silent","floor":20,"turns":3},{"damage":10,"enemies":"Spheric Guardian","floor":21,"turns":4},{"damage":16,"enemies":"Snake Plant","floor":22,"turns":4},{"damage":0,"enemies":"downfall:FleeingMerchant","floor":23,"turns":4},{"damage":41,"enemies":"Gremlin Leader","floor":25,"turns":5},{"damage":4,"enemies":"Centurion and Healer","floor":26,"turns":6},{"damage":1,"enemies":"3 Cultists","floor":29,"turns":4},{"damage":5,"enemies":"downfall:FleeingMerchant","floor":31,"turns":4},{"damage":0,"enemies":"Cultist and Chosen","floor":32,"turns":4},{"damage":33,"enemies":"downfall:Defect","floor":33,"turns":9},{"damage":9,"enemies":"Orb Walker","floor":36,"turns":3},{"damage":17,"enemies":"3 Darklings","floor":37,"turns":3},{"damage":44,"enemies":"Mind Bloom Boss Battle","floor":38,"turns":3},{"damage":5,"enemies":"downfall:FleeingMerchant","floor":39,"turns":3},{"damage":0,"enemies":"downfall:LadyInBlue","floor":43,"turns":4},{"damage":3,"enemies":"Maw","floor":47,"turns":6},{"damage":109,"enemies":"Nemesis","floor":48,"turns":5},{"damage":12,"enemies":"downfall:Ironclad","floor":50,"turns":6}],"seed_played":"-7291993492611029925","potions_obtained":[{"floor":9,"key":"Energy Potion"},{"floor":10,"key":"ColorlessPotion"},{"floor":14,"key":"AttackPotion"},{"floor":16,"key":"SneckoOil"},{"floor":21,"key":"PowerPotion"},{"floor":22,"key":"ColorlessPotion"},{"floor":26,"key":"Weak Potion"},{"floor":29,"key":"Regen Potion"},{"floor":32,"key":"LiquidBronze"},{"floor":38,"key":"LiquidBronze"},{"floor":43,"key":"Energy Potion"}],"is_trial":false,"path_per_floor":["R","M","M","?","?","M","T","?","E","M","M","M","R","M","M","B",null,"R","?","?","M","M","$","T","E","M","T","?","M","R","$","M","B",null,"R","M","M","?","$","R","T","?","?","R","$","R","M","E","R","B",null],"character_chosen":"THE_SPIRIT","items_purchased":["hexamod:BurningTouch","hexamod:HeatMetal","Bag of Preparation","expansioncontent:StudyTheSpire","Membership Card","Kunai","Pen Nib"],"campfire_rested":0,"item_purchase_floors":[23,23,31,39,45,45,45],"current_hp_per_floor":[70,70,70,75,75,75,75,75,71,61,61,59,65,55,47,14,75,75,75,75,65,49,49,49,64,60,60,60,59,68,63,63,42,75,75,66,49,30,70,75,75,75,75,75,75,75,72,75,75,63],"gold":109,"neow_bonus":"THREE_ENEMY_KILL","is_daily":false,"chose_seed":false,"campfire_upgraded":9,"win_rate":0.0,"timestamp":1609267333,"path_taken":["R","M","M","?","?","M","T","?","E","M","M","M","R","M","M","BOSS","R","?","?","M","M","$","T","E","?","?","?","M","R","$","M","BOSS","R","M","M","?","$","R","T","?","?","R","$","R","M","E","R","BOSS"],"items_purchased_type":["Card","Card","Relic","Card","Relic","Relic","Relic"],"build_version":"2020-12-22","purchased_purges":4,"victory":true,"max_hp_per_floor":[70,70,70,75,75,75,75,75,75,75,75,75,75,75,75,75,75,75,75,75,75,75,75,75,75,75,75,75,75,75,75,75,75,75,75,75,75,75,75,75,75,75,75,75,75,75,75,75,75,75],"card_choices":[{"not_picked":["hexamod:Hexaguard","hexamod:ThirdSeal"],"picked":"hexamod:ThermalTransfer","floor":2},{"not_picked":["hexamod:HeatShield","hexamod:GhostLash"],"picked":"hexamod:ExtraCrispy","floor":3},{"not_picked":["hexamod:BacktrackSmack","hexamod:CatchUp"],"picked":"hexamod:ThermalTransfer","floor":6},{"not_picked":["hexamod:SixthSeal","hexamod:NightmareGuise","hexamod:SkipABeat"],"picked":"SKIP","floor":9},{"not_picked":["hexamod:RadiantFlame","hexamod:AdvancingGuard"],"picked":"hexamod:SpectersWail","floor":10},{"not_picked":["hexamod:Rewind","hexamod:GhostLash","hexamod:HauntingEcho"],"picked":"SKIP","floor":11},{"not_picked":["hexamod:Again","hexamod:SwordOfDarkness"],"picked":"hexamod:Incineration","floor":12},{"not_picked":["hexamod:EtherealExpedition","hexamod:GhostShield"],"picked":"hexamod:RainOfEmbers","floor":14},{"not_picked":["hexamod:NightmareStrike","hexamod:BacktrackSmack","hexamod:RainOfEmbers"],"picked":"SKIP","floor":15},{"not_picked":["hexamod:ParanormalForm","hexamod:SixthSeal"],"picked":"hexamod:HexaLevel","floor":16},{"not_picked":["hexamod:Hexaguard+1","hexamod:RetreatToShadows","hexamod:SwordOfDarkness+1"],"picked":"SKIP","floor":21},{"not_picked":["hexamod:RecurringNightmare","hexamod:ShieldOfDarkness","hexamod:RainOfEmbers"],"picked":"SKIP","floor":22},{"not_picked":["hexamod:RainOfEmbers","hexamod:CrushingStance","hexamod:RetreatToShadows+1"],"picked":"SKIP","floor":23},{"not_picked":["hexamod:SkipABeat","hexamod:ChargedBarrage"],"picked":"hexamod:SpectersWail+1","floor":25},{"not_picked":["hexamod:PhantomFireball","hexamod:SecondSeal","hexamod:SwordOfDarkness"],"picked":"SKIP","floor":26},{"not_picked":["hexamod:HauntingEcho","hexamod:GhostOfSpirePast"],"picked":"hexamod:GhostflameBarrier","floor":29},{"not_picked":["hexamod:InspiringFlames","hexamod:RainOfEmbers+1"],"picked":"hexamod:BurningTouch","floor":31},{"not_picked":["hexamod:SecondSeal","hexamod:EtherealExpedition","hexamod:Hexaguard"],"picked":"SKIP","floor":32},{"not_picked":["hexamod:GhostflameInferno","hexamod:HexaLevel"],"picked":"hexamod:SearingWound","floor":33},{"not_picked":["hexamod:ShieldOfDarkness","hexamod:BurningTouch","hexamod:NightmareGuise"],"picked":"SKIP","floor":36},{"not_picked":["hexamod:PhantomFireball","hexamod:InspiringFlames+1"],"picked":"hexamod:SoulSteal","floor":37},{"not_picked":["hexamod:PhantomFireball","hexamod:SwordOfDarkness+1","hexamod:FastForward"],"picked":"SKIP","floor":39},{"not_picked":["hexamod:Hexaguard","hexamod:BacktrackSmack+1","hexamod:CatchUp+1"],"picked":"SKIP","floor":47},{"not_picked":["hexamod:InspiringFlames+1","hexamod:GhostShield"],"picked":"hexamod:GhostflameBarrier+1","floor":48}],"player_experience":77564,"relics_obtained":[{"floor":7,"key":"Eternal Feather"},{"floor":9,"key":"Akabeko"},{"floor":20,"key":"downfall:GremlinWheel"},{"floor":24,"key":"Thread and Needle"},{"floor":25,"key":"Pantograph"},{"floor":27,"key":"Lantern"},{"floor":38,"key":"Du-Vu Doll"},{"floor":41,"key":"Sundial"},{"floor":43,"key":"White Beast Statue"},{"floor":48,"key":"Juzu Bracelet"}],"event_choices":[{"damage_healed":0,"gold_gain":0,"player_choice":"Donut","damage_taken":0,"max_hp_gain":5,"max_hp_loss":0,"event_name":"Big Fish","floor":4,"gold_loss":0},{"damage_healed":0,"gold_gain":0,"player_choice":"Ignored","damage_taken":0,"max_hp_gain":0,"max_hp_loss":0,"event_name":"Vampires","floor":19,"gold_loss":0},{"damage_healed":0,"gold_gain":300,"player_choice":"Gold","damage_taken":0,"max_hp_gain":0,"max_hp_loss":0,"event_name":"Wheel of Change","floor":44,"gold_loss":0}],"is_beta":false,"boss_relics":[{"not_picked":["Coffee Dripper","Busted Crown"],"picked":"Philosopher\u0027s Stone"},{"not_picked":["Runic Pyramid","Tiny House"],"picked":"Pandora\u0027s Box"}],"items_purged_floors":[23,31,39,45],"is_endless":false,"potions_floor_spawned":[9,10,14,16,21,22,26,29,32,37,38,47,48],"ascension_level":0}}