{"host":"eocn4tduyrehyy81","time":1609275222,"event":{"mods":["AchievementEnabler","Aspiration","BaseMod","BetterRewards","Custom Start","Minty Spire (QoL Compilation)","Replay The Spire","StSLib"],"gold_per_floor":[135,152,164,16,34,45,45,64,64,24,34,34,61,73,73,170,170,187,30,42,59,79,112,112,112],"floor_reached":24,"playtime":2195,"items_purged":[],"score":324,"play_id":"c25c4c69-dac5-41bd-aede-c6b3f5c1ee1d","local_time":"20201229145342","is_ascension_mode":false,"campfire_choices":[{"floor":7,"key":"REST"},{"floor":15,"key":"REST"}],"circlet_count":0,"master_deck":["Strike_R","Strike_R","Strike_R","Strike_R","Strike_R","Defend_R+1","Defend_R+1","Defend_R","Defend_R","Bash","Thunderclap","Sword Boomerang","True Grit+1","Rampage","Thunderclap","ReplayTheSpireMod:LeadingStrike","Run Through","Run Through","Anger","Anger+1","Run Through","Clash","Headbutt","Impervious","Searing Blow","Anger+1","ReplayTheSpireMod:Stacked","Blood for Blood+1","Reaper","Headbutt"],"relics":["Burning Blood","Toolbox","War Paint","Vajra","Ring of Searing","Juzu Bracelet","Ooze Armor","DollysMirror","Peace Pipe"],"acts_visited":["Exordium","TheCity"],"potions_floor_usage":[13,16,16,22,23],"damage_taken":[{"damage":4,"enemies":"Cultist","floor":1,"turns":4},{"damage":2,"enemies":"Small Slimes","floor":2,"turns":3},{"damage":11,"enemies":"Jaw Worm","floor":3,"turns":2},{"damage":12,"enemies":"Large Slime","floor":5,"turns":6},{"damage":23,"enemies":"Exordium Thugs","floor":6,"turns":5},{"damage":10,"enemies":"Exordium Wildlife","floor":8,"turns":4},{"damage":13,"enemies":"Red Slaver","floor":11,"turns":2},{"damage":19,"enemies":"3 Sentries","floor":13,"turns":4},{"damage":7,"enemies":"Lots of Slimes","floor":14,"turns":3},{"damage":59,"enemies":"Hexaghost","floor":16,"turns":8},{"damage":5,"enemies":"Shell Parasite","floor":18,"turns":2},{"damage":34,"enemies":"2 Thieves","floor":20,"turns":4},{"damage":24,"enemies":"Shelled Parasite and Fungi","floor":21,"turns":4},{"damage":11,"enemies":"Chosen and Byrds","floor":22,"turns":3},{"damage":19,"enemies":"Slavers","floor":23,"turns":5},{"damage":30,"enemies":"Snecko","floor":24,"turns":3}],"seed_played":"-3127159880109380591","potions_obtained":[{"floor":5,"key":"Block Potion"},{"floor":6,"key":"Regen Potion"},{"floor":11,"key":"ColorlessPotion"},{"floor":20,"key":"Venom Potion"},{"floor":21,"key":"Explosive Potion"}],"is_trial":false,"path_per_floor":["M","M","M","$","M","M","R","M","T","$","M","?","E","M","R","B",null,"M","$","M","M","M","E","M"],"character_chosen":"IRONCLAD","items_purchased":["Toolbox","Thunderclap","Sword Boomerang","True Grit+1","War Paint","Anger+1","DollysMirror"],"campfire_rested":2,"item_purchase_floors":[0,0,0,0,4,10,19],"current_hp_per_floor":[80,80,75,75,69,52,76,72,72,72,65,65,52,51,75,37,80,80,80,52,34,29,16,0,0],"gold":112,"neow_bonus":"","is_daily":false,"chose_seed":false,"campfire_upgraded":0,"win_rate":0.0,"timestamp":1609275222,"path_taken":["M","M","?","$","M","M","R","M","T","$","M","?","E","M","R","BOSS","M","$","M","M","M","E","M"],"items_purchased_type":["Relic","Card","Card","Card","Relic","Card","Relic"],"build_version":"2020-12-22","purchased_purges":0,"victory":false,"max_hp_per_floor":[80,80,80,80,80,80,80,80,80,80,80,80,80,80,80,80,80,80,80,80,80,80,80,80,80],"card_choices":[{"not_picked":["Carnage","Whirlwind"],"picked":"Rampage","floor":1},{"not_picked":["True Grit","Reckless Charge"],"picked":"Thunderclap","floor":2},{"not_picked":["Shrug It Off","Iron Wave"],"picked":"ReplayTheSpireMod:LeadingStrike","floor":3},{"not_picked":["ReplayTheSpireMod:Strike From Hell","Flex"],"picked":"Run Through","floor":5},{"not_picked":["Sword Boomerang","Armaments"],"picked":"Run Through","floor":6},{"not_picked":["Pommel Strike","Armaments"],"picked":"Anger","floor":8},{"not_picked":["Searing Blow","Carnage"],"picked":"Run Through","floor":11},{"not_picked":["Armaments","Uppercut"],"picked":"Clash","floor":13},{"not_picked":["ReplayReversal","Body Slam"],"picked":"Headbutt","floor":14},{"not_picked":["Demon Form","Brutality"],"picked":"Impervious","floor":16},{"not_picked":["Dropkick","ReplayReversal+1"],"picked":"Searing Blow","floor":18},{"not_picked":["Anger","Pommel Strike"],"picked":"ReplayTheSpireMod:Stacked","floor":20},{"not_picked":["Pommel Strike","Body Slam"],"picked":"Blood for Blood+1","floor":21},{"not_picked":["Headbutt","Thunderclap+1"],"picked":"Reaper","floor":22},{"not_picked":["Replay:Undeath\u0027s Touch+1","Iron Wave"],"picked":"Headbutt","floor":23}],"player_experience":31779,"relics_obtained":[{"floor":9,"key":"Vajra"},{"floor":12,"key":"Ring of Searing"},{"floor":13,"key":"Juzu Bracelet"},{"floor":23,"key":"Peace Pipe"}],"event_choices":[],"is_beta":false,"boss_relics":[{"not_picked":["Replay:Bronze Core","ReplayTheSpireMod:DimensionalGlitch"],"picked":"Ooze Armor"}],"items_purged_floors":[],"is_endless":false,"potions_floor_spawned":[5,6,11,20,21],"killed_by":"Snecko","ascension_level":0}}