{"host":"56ghxnzsglgdq727","time":1609245152,"event":{"mods":["AchievementEnabler","BaseMod","Minty Spire (QoL Compilation)"],"gold_per_floor":[114,114,114,130,130,130,148,183,210,238,163,163,163,176,176,276,276,289,214,214,214,229,229,258,258,258,258,276,293,193,193,193,298,298,316,191,204,254,254,254,254,270,321,337,337,367,380,394,394,394],"floor_reached":51,"playtime":1442,"items_purged":["Vigilance","Study","Eruption+1"],"score":753,"play_id":"1b073300-0156-417a-b868-9c4e805d1019","local_time":"20201229073232","is_ascension_mode":false,"campfire_choices":[{"data":"Eruption","floor":6.0,"key":"SMITH"},{"data":"Eruption","floor":13.0,"key":"SMITH"},{"data":"ConjureBlade","floor":15.0,"key":"SMITH"},{"data":"MasterReality","floor":23.0,"key":"SMITH"},{"floor":25.0,"key":"REST"},{"data":"Devotion","floor":27.0,"key":"SMITH"},{"floor":32.0,"key":"REST"},{"data":"Devotion","floor":40.0,"key":"SMITH"},{"floor":49,"key":"REST"}],"circlet_count":0,"master_deck":["Defend_P","Defend_P","Defend_P","Eruption+1","SandsOfTime","ReachHeaven","MasterReality+1","ConjureBlade+1","FlyingSleeves","Devotion+1","EmptyMind","Blasphemy","Devotion+1","SandsOfTime","Prostrate+1","BattleHymn+1"],"relics":["PureWater","NeowsBlessing","Omamori","MealTicket","Boot","SacredBark","Matryoshka","Vajra","Pantograph","Empty Cage","Mango","Shuriken","Bag of Marbles","Peace Pipe"],"acts_visited":["Exordium","TheCity","TheBeyond"],"potions_floor_usage":[42,47,48],"damage_taken":[{"damage":0.0,"enemies":"2 Louse","floor":1.0,"turns":1.0},{"damage":0.0,"enemies":"Small Slimes","floor":4.0,"turns":1.0},{"damage":0.0,"enemies":"Cultist","floor":7.0,"turns":1.0},{"damage":0.0,"enemies":"Gremlin Nob","floor":8.0,"turns":3.0},{"damage":0.0,"enemies":"Lagavulin","floor":10.0,"turns":4.0},{"damage":14.0,"enemies":"Exordium Wildlife","floor":14.0,"turns":5.0},{"damage":60.0,"enemies":"The Guardian","floor":16.0,"turns":5.0},{"damage":5.0,"enemies":"Chosen","floor":18.0,"turns":3.0},{"damage":25.0,"enemies":"2 Thieves","floor":22.0,"turns":3.0},{"damage":25.0,"enemies":"Book of Stabbing","floor":24.0,"turns":3.0},{"damage":25.0,"enemies":"3 Cultists","floor":28.0,"turns":4.0},{"damage":11.0,"enemies":"Snake Plant","floor":29.0,"turns":2.0},{"damage":54.0,"enemies":"Champ","floor":33.0,"turns":7.0},{"damage":40.0,"enemies":"3 Shapes","floor":35.0,"turns":4.0},{"damage":28.0,"enemies":"Orb Walker","floor":37.0,"turns":3.0},{"damage":0.0,"enemies":"Mind Bloom Boss Battle","floor":38.0,"turns":1.0},{"damage":42,"enemies":"Transient","floor":42,"turns":5},{"damage":19,"enemies":"4 Shapes","floor":44,"turns":4},{"damage":30,"enemies":"Giant Head","floor":46,"turns":5},{"damage":30,"enemies":"Writhing Mass","floor":47,"turns":4},{"damage":28,"enemies":"Maw","floor":48,"turns":5},{"damage":42,"enemies":"Donu and Deca","floor":50,"turns":4}],"seed_played":"-2275458941975134743","potions_obtained":[{"floor":8.0,"key":"DistilledChaos"},{"floor":10.0,"key":"DistilledChaos"},{"floor":16.0,"key":"Fire Potion"},{"floor":22.0,"key":"Strength Potion"},{"floor":24.0,"key":"Explosive Potion"},{"floor":28.0,"key":"LiquidMemories"},{"floor":33.0,"key":"SteroidPotion"},{"floor":37.0,"key":"EntropicBrew"},{"floor":44,"key":"Regen Potion"},{"floor":47,"key":"BlessingOfTheForge"}],"is_trial":false,"path_per_floor":["M","?","$","M","?","R","M","E","T","E","$","?","R","M","R","B",null,"M","?","$","?","M","R","E","R","T","R","M","M","$","?","R","B",null,"M","$","M","?","?","R","?","M","T","M","?","E","M","M","R","B",null],"character_chosen":"WATCHER","items_purchased":[],"campfire_rested":3,"item_purchase_floors":[],"current_hp_per_floor":[72,77,77,77,77,77,77,77,77,77,77,77,77,63,63,3,77,72,72,77,77,52,52,27,50,50,50,25,14,29,29,52,23,77,37,52,24,63,63,63,63,21,21,2,80,50,39,11,35,18],"gold":394,"neow_bonus":"THREE_ENEMY_KILL","is_daily":false,"chose_seed":false,"campfire_upgraded":6,"win_rate":0.0,"timestamp":1609245152,"path_taken":["M","?","$","M","?","R","M","E","T","E","$","?","R","?","R","BOSS","M","?","$","?","M","R","E","R","T","R","M","M","$","?","R","BOSS","M","$","M","?","?","R","?","M","T","M","?","E","?","M","R","BOSS"],"items_purchased_type":[],"build_version":"2020-12-22","purchased_purges":3,"victory":true,"max_hp_per_floor":[72,77,77,77,77,77,77,77,77,77,77,77,77,77,77,77,77,77,77,77,77,77,77,77,77,77,77,77,77,77,77,77,77,77,77,77,77,91,91,91,91,91,91,91,80,80,80,80,80,80],"card_choices":[{"not_picked":["Crescendo","Perseverance"],"picked":"SandsOfTime","floor":1.0},{"not_picked":["SashWhip","FlurryOfBlows"],"picked":"ReachHeaven","floor":4.0},{"not_picked":["ClearTheMind","FearNoEvil","FlurryOfBlows"],"picked":"SKIP","floor":7.0},{"not_picked":["MentalFortress","SashWhip","WheelKick"],"picked":"SKIP","floor":8.0},{"not_picked":["DeceiveReality","Sanctity"],"picked":"MasterReality","floor":10.0},{"not_picked":["CutThroughFate","BowlingBash"],"picked":"FlyingSleeves","floor":14.0},{"not_picked":["Omniscience","Wish"],"picked":"Devotion","floor":16.0},{"not_picked":["CrushJoints","BowlingBash"],"picked":"CarveReality","floor":18.0},{"not_picked":["TalkToTheHand","SashWhip+1","JustLucky"],"picked":"SKIP","floor":22.0},{"not_picked":["ClearTheMind","PathToVictory","CrushJoints"],"picked":"SKIP","floor":24.0},{"not_picked":["Halt","Wallop","PathToVictory"],"picked":"SKIP","floor":28.0},{"not_picked":["Consecrate","Protect"],"picked":"Blasphemy","floor":29.0},{"not_picked":["Omniscience","LessonLearned"],"picked":"Devotion","floor":33.0},{"not_picked":["Crescendo+1","Evaluate+1","ForeignInfluence+1"],"picked":"SKIP","floor":35.0},{"not_picked":["SashWhip+1","Nirvana"],"picked":"SandsOfTime","floor":37.0},{"not_picked":["Ragnarok","Conclude+1"],"picked":"Prostrate+1","floor":42},{"not_picked":["Meditate","TalkToTheHand+1"],"picked":"BattleHymn+1","floor":44},{"not_picked":["Nirvana+1","Halt+1","Crescendo+1"],"picked":"SKIP","floor":46},{"not_picked":["Fasting2","PathToVictory","Nirvana+1"],"picked":"SKIP","floor":47},{"not_picked":["TalkToTheHand","CutThroughFate+1","ThirdEye+1"],"picked":"SKIP","floor":48}],"player_experience":49482,"relics_obtained":[{"floor":8.0,"key":"Omamori"},{"floor":9.0,"key":"MealTicket"},{"floor":10.0,"key":"Boot"},{"floor":24.0,"key":"Matryoshka"},{"floor":26.0,"key":"Vajra"},{"floor":26.0,"key":"Pantograph"},{"floor":38.0,"key":"Mango"},{"floor":43,"key":"Shuriken"},{"floor":43,"key":"Bag of Marbles"},{"floor":46,"key":"Peace Pipe"}],"event_choices":[{"damage_healed":0.0,"max_hp_gain":5.0,"max_hp_loss":0.0,"gold_gain":0.0,"event_name":"Big Fish","player_choice":"Donut","floor":2.0,"gold_loss":0.0,"damage_taken":0.0},{"damage_healed":0.0,"max_hp_gain":0.0,"max_hp_loss":0.0,"gold_gain":0.0,"event_name":"Shining Light","player_choice":"Ignored","floor":5.0,"gold_loss":0.0,"damage_taken":0.0},{"damage_healed":0.0,"max_hp_gain":0.0,"max_hp_loss":0.0,"gold_gain":0.0,"event_name":"Match and Keep!","player_choice":"2 cards matched","floor":12.0,"gold_loss":0.0,"damage_taken":0.0,"cards_obtained":["ConjureBlade","Eruption"]},{"cards_removed":["Strike_P"],"damage_healed":0.0,"max_hp_gain":0.0,"max_hp_loss":0.0,"gold_gain":0.0,"event_name":"Beggar","player_choice":"Gave Gold","floor":19.0,"gold_loss":75.0,"damage_taken":0.0},{"damage_healed":0.0,"max_hp_gain":0.0,"max_hp_loss":0.0,"gold_gain":0.0,"cards_transformed":["Strike_P","Strike_P"],"event_name":"Drug Dealer","player_choice":"Became Test Subject","floor":21.0,"gold_loss":0.0,"damage_taken":0.0,"cards_obtained":["Study","EmptyMind"]},{"damage_healed":0.0,"max_hp_gain":0.0,"max_hp_loss":0.0,"gold_gain":0.0,"event_name":"Cursed Tome","player_choice":"Ignored","floor":31.0,"gold_loss":0.0,"damage_taken":0.0},{"damage_healed":0.0,"max_hp_gain":0.0,"max_hp_loss":0.0,"gold_gain":0.0,"event_name":"MindBloom","player_choice":"Fight","floor":38.0,"gold_loss":0.0,"damage_taken":0.0},{"damage_healed":0.0,"max_hp_gain":0.0,"max_hp_loss":0.0,"gold_gain":0.0,"event_name":"Tomb of Lord Red Mask","player_choice":"Ignored","floor":39.0,"gold_loss":0.0,"damage_taken":0.0},{"cards_removed":["CarveReality"],"damage_healed":0.0,"max_hp_gain":0.0,"max_hp_loss":0.0,"gold_gain":0.0,"event_name":"Falling","player_choice":"Removed Attack","floor":41.0,"gold_loss":0.0,"damage_taken":0.0},{"damage_healed":80,"gold_gain":0,"player_choice":"Heal","damage_taken":0,"max_hp_gain":0,"max_hp_loss":11,"event_name":"The Moai Head","floor":45,"gold_loss":0}],"is_beta":false,"boss_relics":[{"not_picked":["Runic Dome","Sozu"],"picked":"SacredBark"},{"not_picked":["Pandora\u0027s Box","Runic Pyramid"],"picked":"Empty Cage"}],"items_purged_floors":[11,30,36],"is_endless":false,"potions_floor_spawned":[8,10,16,22,24,28,33,37,44,47],"ascension_level":0}}