{"host":"swaz73pp650inygv","time":1609206409,"event":{"mods":["BaseMod","BetterRewards","Minty Spire (QoL Compilation)","StSLib"],"gold_per_floor":[112,123,123,123,139,151,151,5,28,74,86,130,159,191,203,312,324,350,372,394,256,274,274,294,309,309,84,84,103,118,128,128,228,228,239,259,259,359,371,371,397,397,424,441,441,441],"floor_reached":45,"playtime":2872,"items_purged":["Regret"],"score":463,"play_id":"717340e6-8f21-4e38-ab90-80420fc8ad66","local_time":"20201228184649","is_ascension_mode":false,"campfire_choices":[{"data":"Anger","floor":11,"key":"SMITH"},{"floor":15,"key":"REST"},{"floor":23,"key":"REST"},{"data":"Carnage","floor":28,"key":"SMITH"},{"floor":32,"key":"REST"},{"floor":40,"key":"REST"},{"floor":42,"key":"REST"}],"circlet_count":0,"master_deck":["Strike_R+1","Strike_R","Strike_R","Strike_R","Defend_R+1","Defend_R","Defend_R+1","Defend_R","Bash","Inflame","Intimidate","Anger+1","Cleave","Limit Break","Anger","Carnage+1","Twin Strike","Thunderclap+1","Sword Boomerang","Anger","Bludgeon","Limit Break","Flex+1","Heavy Blade","Injury","Cleave"],"relics":["Burning Blood","Anchor","War Paint","MawBank","Bag of Marbles","Vajra","Cursed Key","Lantern","Bottled Lightning","Bag of Preparation","Sozu","Orichalcum","Pen Nib"],"acts_visited":["Exordium","TheCity","TheBeyond"],"potions_floor_usage":[10,12,20,39,44],"damage_taken":[{"damage":18,"enemies":"Cultist","floor":1,"turns":6},{"damage":0,"enemies":"2 Louse","floor":2,"turns":2},{"damage":0,"enemies":"Small Slimes","floor":5,"turns":4},{"damage":9,"enemies":"3 Louse","floor":6,"turns":3},{"damage":6,"enemies":"Gremlin Nob","floor":10,"turns":3},{"damage":12,"enemies":"Lagavulin","floor":12,"turns":6},{"damage":1,"enemies":"Large Slime","floor":13,"turns":4},{"damage":0,"enemies":"Gremlin Gang","floor":14,"turns":3},{"damage":16,"enemies":"Slime Boss","floor":16,"turns":8},{"damage":9,"enemies":"Shell Parasite","floor":18,"turns":4},{"damage":0,"enemies":"Chosen","floor":19,"turns":4},{"damage":12,"enemies":"Snake Plant","floor":20,"turns":4},{"damage":23,"enemies":"3 Cultists","floor":22,"turns":5},{"damage":22,"enemies":"Centurion and Healer","floor":24,"turns":4},{"damage":5,"enemies":"Shelled Parasite and Fungi","floor":25,"turns":3},{"damage":2,"enemies":"Snecko","floor":29,"turns":3},{"damage":6,"enemies":"Cultist and Chosen","floor":30,"turns":3},{"damage":13,"enemies":"Centurion and Healer","floor":31,"turns":3},{"damage":34,"enemies":"Collector","floor":33,"turns":5},{"damage":0,"enemies":"Orb Walker","floor":35,"turns":2},{"damage":22,"enemies":"3 Shapes","floor":36,"turns":3},{"damage":48,"enemies":"Spire Growth","floor":39,"turns":4},{"damage":55,"enemies":"Reptomancer","floor":41,"turns":5},{"damage":34,"enemies":"Writhing Mass","floor":44,"turns":5},{"damage":19,"enemies":"Maw","floor":45,"turns":4}],"seed_played":"-6041900977666307143","potions_obtained":[{"floor":1,"key":"SpeedPotion"},{"floor":5,"key":"BloodPotion"},{"floor":6,"key":"Fire Potion"},{"floor":16,"key":"LiquidMemories"},{"floor":20,"key":"Weak Potion"},{"floor":24,"key":"FearPotion"}],"is_trial":false,"path_per_floor":["M","M","?","?","M","M","?","$","T","E","R","E","M","M","R","B",null,"M","M","M","$","M","R","M","M","T","$","R","M","M","M","R","B",null,"M","M","?","?","M","R","E","R","T","M","M"],"character_chosen":"IRONCLAD","items_purchased":["War Paint","Lantern","Bag of Preparation"],"campfire_rested":5,"item_purchase_floors":[8,21,27],"current_hp_per_floor":[68,74,58,58,64,61,61,61,61,61,61,55,60,66,80,70,80,77,80,74,74,57,80,64,65,65,65,65,69,69,62,80,52,80,80,64,64,64,38,62,13,37,37,9,0,0],"gold":441,"neow_bonus":"RANDOM_COMMON_RELIC","is_daily":false,"chose_seed":false,"campfire_upgraded":2,"win_rate":0.0,"timestamp":1609206409,"path_taken":["M","M","?","?","M","M","?","$","T","E","R","E","M","M","R","BOSS","M","M","M","$","M","R","M","M","T","?","R","M","M","M","R","BOSS","M","M","?","?","M","R","E","R","T","?","M"],"items_purchased_type":["Relic","Relic","Relic"],"build_version":"2020-12-22","purchased_purges":1,"victory":false,"max_hp_per_floor":[80,80,80,80,80,80,80,80,80,80,80,80,80,80,80,80,80,80,80,80,80,80,80,80,80,80,80,80,80,80,80,80,80,80,80,80,80,80,80,80,80,80,80,80,80,80],"card_choices":[{"not_picked":["Pommel Strike","Battle Trance"],"picked":"Inflame","floor":1},{"not_picked":["Sword Boomerang","Dual Wield"],"picked":"Intimidate","floor":2},{"not_picked":["Clash","Disarm","Warcry"],"picked":"SKIP","floor":5},{"not_picked":["Infernal Blade","Armaments"],"picked":"Anger","floor":6},{"not_picked":["Dual Wield","Warcry","Perfected Strike"],"picked":"SKIP","floor":10},{"not_picked":["Barricade","Metallicize","Berserk"],"picked":"SKIP","floor":12},{"not_picked":["Clash","Warcry"],"picked":"Cleave","floor":13},{"not_picked":["Clothesline","Feel No Pain","Fiend Fire"],"picked":"SKIP","floor":14},{"not_picked":["Berserk","Bludgeon"],"picked":"Limit Break","floor":16},{"not_picked":["Shrug It Off","Thunderclap+1"],"picked":"Anger","floor":18},{"not_picked":["Battle Trance","Metallicize"],"picked":"Carnage","floor":19},{"not_picked":["Pommel Strike","Rupture","Clash"],"picked":"SKIP","floor":20},{"not_picked":["Feel No Pain","Perfected Strike"],"picked":"Twin Strike","floor":22},{"not_picked":["Spot Weakness","Sever Soul"],"picked":"Thunderclap+1","floor":24},{"not_picked":["Twin Strike","Clothesline"],"picked":"Sword Boomerang","floor":25},{"not_picked":["Sword Boomerang+1","True Grit"],"picked":"Anger","floor":29},{"not_picked":["Pommel Strike","Shockwave"],"picked":"Bludgeon","floor":30},{"not_picked":["Rampage","Hemokinesis","Power Through+1"],"picked":"SKIP","floor":31},{"not_picked":["Offering","Berserk"],"picked":"Limit Break","floor":33},{"not_picked":["Burning Pact","Fire Breathing","Clash"],"picked":"SKIP","floor":35},{"not_picked":["Flex","Headbutt","Reckless Charge+1"],"picked":"SKIP","floor":36},{"not_picked":["Bloodletting","Cleave+1"],"picked":"Flex+1","floor":39},{"not_picked":["Rage+1","Iron Wave"],"picked":"Heavy Blade","floor":41},{"not_picked":["Limit Break","Sword Boomerang"],"picked":"Cleave","floor":44}],"player_experience":2514,"relics_obtained":[{"floor":9,"key":"MawBank"},{"floor":10,"key":"Bag of Marbles"},{"floor":12,"key":"Vajra"},{"floor":26,"key":"Bottled Lightning"},{"floor":41,"key":"Orichalcum"},{"floor":43,"key":"Pen Nib"}],"event_choices":[{"damage_healed":0,"gold_gain":0,"player_choice":"Entered Light","damage_taken":16,"max_hp_gain":0,"max_hp_loss":0,"event_name":"Shining Light","floor":3,"gold_loss":0,"cards_upgraded":["Strike_R","Strike_R"]},{"damage_healed":0,"gold_gain":0,"player_choice":"Ignored","damage_taken":0,"max_hp_gain":0,"max_hp_loss":0,"event_name":"Golden Idol","floor":4,"gold_loss":0},{"damage_healed":0,"gold_gain":0,"player_choice":"Bought 0 Potions","damage_taken":0,"max_hp_gain":0,"max_hp_loss":0,"event_name":"The Woman in Blue","floor":7,"gold_loss":0},{"cards_removed":["Strike_R"],"damage_healed":0,"gold_gain":0,"player_choice":"Removed Attack","damage_taken":0,"max_hp_gain":0,"max_hp_loss":0,"event_name":"Falling","floor":37,"gold_loss":0},{"damage_healed":0,"gold_gain":100,"player_choice":"Pray","damage_taken":0,"max_hp_gain":0,"max_hp_loss":0,"event_name":"Golden Shrine","floor":38,"gold_loss":0}],"is_beta":false,"boss_relics":[{"not_picked":["Philosopher\u0027s Stone","Mark of Pain"],"picked":"Cursed Key"},{"not_picked":["Black Star","Busted Crown"],"picked":"Sozu"}],"items_purged_floors":[27],"is_endless":false,"potions_floor_spawned":[1,5,6,16,20,24,30,31,36,39,44],"killed_by":"Maw","ascension_level":0}}