{"host":"dftyqn972q7tuon4","time":1609284012,"event":{"mods":["AchievementEnabler","BaseMod","Better Altar","Better Match","Better Note","Better Sensory Stone","Better Skull","Better Third Choice","Colored Powertips","Highlight Path","Minty Spire (QoL Compilation)","Permanent Neow","Quick Restart","StSLib"],"gold_per_floor":[367,139,139,39,49,77,77,89,89,104,139,153,0,16,16,115,115,133,150,75,91,52,80,80,80,80,95,123,138,152,27,27,128,128,140,60,79,90,105,105,136,136,136,149,149,167,178,228,228,228],"floor_reached":51,"playtime":3112,"items_purged":["Strike_R","Strike_R","Strike_R"],"score":1043,"play_id":"a32ff000-d6e7-41ba-90c8-381ad8825a31","local_time":"20201230002012","is_ascension_mode":true,"campfire_choices":[{"data":"Whirlwind","floor":7,"key":"SMITH"},{"data":"Spot Weakness","floor":15,"key":"SMITH"},{"floor":25,"key":"REST"},{"data":"1","floor":32,"key":"LIFT"},{"data":"2","floor":40,"key":"LIFT"},{"data":"3","floor":42,"key":"LIFT"},{"data":"Berserk","floor":49,"key":"SMITH"}],"circlet_count":0,"master_deck":["Strike_R","Defend_R","Defend_R","Defend_R","Defend_R","Bash","Whirlwind+1","Spot Weakness","Warcry","Ghostly Armor","Spot Weakness+1","Second Wind","Brutality","Pommel Strike+1","Seeing Red","Blood for Blood+1","Spot Weakness+1","Berserk+1","Metallicize","Shrug It Off+1","Madness","Madness","Corruption+1","Flex","Twin Strike+1"],"relics":["Burning Blood","Chemical X","Champion Belt","Meat on the Bone","Du-Vu Doll","Bag of Marbles","Busted Crown","Girya","Bloody Idol","Blood Vial","Omamori","Sundial","Calling Bell","Blood Vial","Eternal Feather","Charon\u0027s Ashes","Frozen Egg 2","StrikeDummy","CaptainsWheel"],"acts_visited":["Exordium","TheCity","TheBeyond"],"potions_floor_usage":[6,6,11,11,23,27,37,41,46,47,47,48,48,50],"damage_taken":[{"damage":1,"enemies":"Cultist","floor":1,"turns":3},{"damage":2,"enemies":"Jaw Worm","floor":5,"turns":4},{"damage":18,"enemies":"Gremlin Nob","floor":6,"turns":3},{"damage":0,"enemies":"Small Slimes","floor":8,"turns":1},{"damage":9,"enemies":"3 Louse","floor":10,"turns":2},{"damage":0,"enemies":"Lagavulin","floor":11,"turns":2},{"damage":0,"enemies":"Large Slime","floor":12,"turns":3},{"damage":0,"enemies":"Blue Slaver","floor":14,"turns":1},{"damage":0,"enemies":"Slime Boss","floor":16,"turns":7},{"damage":1,"enemies":"Spheric Guardian","floor":18,"turns":3},{"damage":0,"enemies":"3 Byrds","floor":19,"turns":3},{"damage":11,"enemies":"Shelled Parasite and Fungi","floor":21,"turns":3},{"damage":11,"enemies":"Book of Stabbing","floor":23,"turns":2},{"damage":0,"enemies":"Snake Plant","floor":27,"turns":1},{"damage":2,"enemies":"Gremlin Leader","floor":28,"turns":4},{"damage":9,"enemies":"Cultist and Chosen","floor":29,"turns":2},{"damage":0,"enemies":"Centurion and Healer","floor":30,"turns":2},{"damage":42,"enemies":"Collector","floor":33,"turns":6},{"damage":20,"enemies":"3 Shapes","floor":35,"turns":1},{"damage":43,"enemies":"3 Darklings","floor":37,"turns":3},{"damage":44,"enemies":"4 Shapes","floor":38,"turns":2},{"damage":0,"enemies":"Jaw Worm Horde","floor":39,"turns":2},{"damage":36,"enemies":"Reptomancer","floor":41,"turns":5},{"damage":24,"enemies":"Spire Growth","floor":44,"turns":3},{"damage":54,"enemies":"Writhing Mass","floor":46,"turns":5},{"damage":21,"enemies":"Transient","floor":47,"turns":5},{"damage":32,"enemies":"Mind Bloom Boss Battle","floor":48,"turns":6},{"damage":38,"enemies":"Time Eater","floor":50,"turns":5}],"seed_played":"3349086044103042460","potions_obtained":[{"floor":3,"key":"Fire Potion"},{"floor":3,"key":"SteroidPotion"},{"floor":3,"key":"Regen Potion"},{"floor":6,"key":"AttackPotion"},{"floor":11,"key":"AttackPotion"},{"floor":16,"key":"Swift Potion"},{"floor":18,"key":"Weak Potion"},{"floor":21,"key":"EssenceOfSteel"},{"floor":27,"key":"EntropicBrew"},{"floor":30,"key":"SmokeBomb"},{"floor":37,"key":"BloodPotion"},{"floor":38,"key":"Block Potion"},{"floor":47,"key":"CultistPotion"}],"is_trial":false,"path_per_floor":["M","$","?","$","M","E","R","M","T","M","E","M","$","M","R","B",null,"M","M","?","M","$","E","?","R","T","M","E","M","M","$","R","B",null,"M","$","M","M","M","R","E","R","T","M","?","M","M","?","R","B",null],"character_chosen":"IRONCLAD","items_purchased":["Chemical X","Bag of Marbles","Seeing Red","Metallicize"],"campfire_rested":1,"item_purchase_floors":[2,13,22,36],"current_hp_per_floor":[56,56,56,56,60,57,57,63,63,60,66,72,72,78,78,80,80,80,80,80,75,75,70,9,33,33,58,69,73,80,80,80,61,75,70,70,54,37,52,61,52,64,64,55,45,34,40,50,65,49],"gold":228,"neow_bonus":"TWO_FIFTY_GOLD","is_daily":false,"chose_seed":false,"campfire_upgraded":3,"win_rate":0.0,"timestamp":1609284012,"path_taken":["M","$","?","?","M","E","R","M","T","M","E","?","$","M","R","BOSS","M","?","?","M","$","E","?","R","T","M","E","M","M","?","R","BOSS","M","?","M","M","M","R","E","R","T","M","?","M","M","?","R","BOSS"],"items_purchased_type":["Relic","Relic","Card","Card"],"build_version":"2020-12-22","purchased_purges":3,"victory":true,"max_hp_per_floor":[80,80,80,80,80,80,80,80,80,80,80,80,80,80,80,80,80,80,80,80,80,80,80,80,80,80,80,80,80,80,80,80,80,80,80,80,80,80,80,80,80,80,80,80,80,80,80,80,80,80],"card_choices":[{"not_picked":["Perfected Strike","Wild Strike"],"picked":"Whirlwind","floor":1},{"not_picked":["Clash","Anger"],"picked":"Spot Weakness","floor":5},{"not_picked":["Corruption","Clash"],"picked":"Warcry","floor":6},{"not_picked":["Sword Boomerang","True Grit"],"picked":"Ghostly Armor","floor":8},{"not_picked":["Clash","Blood for Blood"],"picked":"Spot Weakness","floor":10},{"not_picked":["Wild Strike","Corruption","Cleave"],"picked":"SKIP","floor":11},{"not_picked":["Clash","Armaments"],"picked":"Second Wind","floor":12},{"not_picked":["Rampage","Perfected Strike","Headbutt"],"picked":"SKIP","floor":14},{"not_picked":["Immolate","Juggernaut"],"picked":"Brutality","floor":16},{"not_picked":["True Grit"],"picked":"SKIP","floor":18},{"not_picked":["Havoc"],"picked":"SKIP","floor":19},{"not_picked":[],"picked":"Pommel Strike+1","floor":21},{"not_picked":[],"picked":"Blood for Blood+1","floor":23},{"not_picked":["Perfected Strike+1"],"picked":"SKIP","floor":27},{"not_picked":["Twin Strike"],"picked":"SKIP","floor":28},{"not_picked":["Twin Strike"],"picked":"SKIP","floor":28},{"not_picked":[],"picked":"Spot Weakness+1","floor":29},{"not_picked":["Thunderclap"],"picked":"SKIP","floor":30},{"not_picked":[],"picked":"Berserk","floor":33},{"not_picked":["Anger"],"picked":"SKIP","floor":35},{"not_picked":["True Grit"],"picked":"SKIP","floor":37},{"not_picked":["Intimidate"],"picked":"SKIP","floor":38},{"not_picked":["Intimidate"],"picked":"SKIP","floor":39},{"not_picked":[],"picked":"Shrug It Off+1","floor":41},{"not_picked":["Wild Strike+1"],"picked":"SKIP","floor":44},{"not_picked":[],"picked":"Corruption+1","floor":46},{"not_picked":[],"picked":"Flex","floor":47},{"not_picked":[],"picked":"Twin Strike+1","floor":48}],"player_experience":538862,"relics_obtained":[{"floor":6,"key":"Champion Belt"},{"floor":9,"key":"Meat on the Bone"},{"floor":11,"key":"Du-Vu Doll"},{"floor":23,"key":"Girya"},{"floor":26,"key":"Omamori"},{"floor":28,"key":"Sundial"},{"floor":34,"key":"Blood Vial"},{"floor":34,"key":"Eternal Feather"},{"floor":34,"key":"Charon\u0027s Ashes"},{"floor":41,"key":"Frozen Egg 2"},{"floor":43,"key":"StrikeDummy"},{"floor":48,"key":"CaptainsWheel"}],"event_choices":[{"damage_healed":0,"gold_gain":0,"player_choice":"Got Potions","damage_taken":0,"max_hp_gain":0,"max_hp_loss":0,"event_name":"Lab","floor":3,"gold_loss":0},{"cards_removed":["Strike_R"],"damage_healed":0,"gold_gain":0,"player_choice":"Gave Gold","damage_taken":0,"max_hp_gain":0,"max_hp_loss":0,"event_name":"Beggar","floor":20,"gold_loss":75},{"damage_healed":0,"gold_gain":0,"player_choice":" Idol Vial ","damage_taken":61,"relics_obtained":["Bloody Idol","Blood Vial"],"max_hp_gain":70,"max_hp_loss":9,"event_name":"betterAltar:BetterAltar","floor":24,"potions_obtained":[],"relics_lost":[],"gold_loss":0},{"damage_healed":0,"gold_gain":0,"player_choice":"Embrace Madness","damage_taken":10,"max_hp_gain":0,"max_hp_loss":0,"event_name":"Winding Halls","floor":45,"gold_loss":0,"cards_obtained":["Madness","Madness"]},{"damage_healed":0,"gold_gain":0,"player_choice":"Fight","damage_taken":0,"max_hp_gain":0,"max_hp_loss":0,"event_name":"MindBloom","floor":48,"gold_loss":0}],"is_beta":false,"boss_relics":[{"not_picked":["Runic Cube","Runic Pyramid"],"picked":"Busted Crown"},{"not_picked":["Snecko Eye","Tiny House"],"picked":"Calling Bell"}],"items_purged_floors":[2,4,31],"is_endless":false,"potions_floor_spawned":[6,11,16,18,19,21,27,30,37,38,47],"ascension_level":6}}