{"host":"nk9omjk2kxhmuh2l","time":1609216831,"event":{"mods":["AchievementEnabler","BaseMod","Colored Powertips","Minty Spire (QoL Compilation)","Quick Restart","Rare Cards Sparkle","Relic Stats","StSLib"],"gold_per_floor":[110,121,121,221,237,237,271,271,296,330,340,360,262,262,262,365,365,377,302,302,316,62,97,109,147,159,171,218,329,367,177,177,273,273,292,292,311,322,25,25,52,52,52,72,85,118,133,143,143,143,143],"floor_reached":50,"playtime":2638,"items_purged":["Strike_B","Strike_B","Strike_B","Doubt"],"score":696,"play_id":"8270d49a-feff-4424-9f90-c4eda7814d6a","local_time":"20201229044031","is_ascension_mode":true,"campfire_choices":[{"data":"Ball Lightning","floor":6,"key":"SMITH"},{"data":"Ball Lightning","floor":8,"key":"SMITH"},{"data":"Fission","floor":15,"key":"SMITH"},{"data":"Coolheaded","floor":24,"key":"SMITH"},{"floor":32,"key":"REST"},{"floor":40,"key":"RECALL"},{"data":"Thunder Strike","floor":42,"key":"SMITH"},{"floor":49,"key":"REST"}],"circlet_count":0,"master_deck":["Defend_B","Dualcast","Ball Lightning+1","BootSequence","Coolheaded+1","Ball Lightning+1","Compile Driver","Sweeping Beam","Fission+1","Echo Form","Turbo+1","Conserve Battery+1","Fission+1","Loop+1","Parasite","Hologram","Loop+1","Cold Snap","Thunder Strike+1","Rainbow+1","Creative AI+1","Tempest+1","Glacier+1","Go for the Eyes+1","Biased Cognition","Self Repair+1","Double Energy+1"],"relics":["Inserter","Oddly Smooth Stone","Smiling Mask","Centennial Puzzle","Potion Belt","Cursed Key","DollysMirror","MawBank","Regal Pillow","Bottled Tornado","Anchor","DataDisk","Astrolabe","Cables","Ornamental Fan","Gremlin Horn"],"acts_visited":["Exordium","TheCity","TheBeyond"],"potions_floor_usage":[7,16,30,30,30,30,33],"damage_taken":[{"damage":1,"enemies":"Jaw Worm","floor":1,"turns":6},{"damage":7,"enemies":"2 Louse","floor":2,"turns":2},{"damage":1,"enemies":"Cultist","floor":5,"turns":4},{"damage":4,"enemies":"3 Sentries","floor":7,"turns":5},{"damage":4,"enemies":"Lagavulin","floor":10,"turns":7},{"damage":1,"enemies":"Exordium Thugs","floor":11,"turns":4},{"damage":8,"enemies":"Large Slime","floor":12,"turns":4},{"damage":36,"enemies":"Hexaghost","floor":16,"turns":8},{"damage":4,"enemies":"Shell Parasite","floor":18,"turns":3},{"damage":12,"enemies":"Spheric Guardian","floor":21,"turns":4},{"damage":1,"enemies":"Book of Stabbing","floor":23,"turns":5},{"damage":0,"enemies":"Gremlin Leader","floor":25,"turns":5},{"damage":16,"enemies":"Book of Stabbing","floor":28,"turns":6},{"damage":24,"enemies":"Gremlin Leader","floor":30,"turns":5},{"damage":5,"enemies":"Collector","floor":33,"turns":10},{"damage":0,"enemies":"3 Shapes","floor":35,"turns":4},{"damage":8,"enemies":"Orb Walker","floor":37,"turns":4},{"damage":0,"enemies":"Jaw Worm Horde","floor":38,"turns":3},{"damage":9,"enemies":"Reptomancer","floor":41,"turns":5},{"damage":4,"enemies":"Sphere and 2 Shapes","floor":44,"turns":4},{"damage":37,"enemies":"4 Shapes","floor":45,"turns":4},{"damage":0,"enemies":"Giant Head","floor":46,"turns":6},{"damage":0,"enemies":"Maw","floor":47,"turns":5},{"damage":0,"enemies":"Spire Growth","floor":48,"turns":4},{"damage":97,"enemies":"Time Eater","floor":50,"turns":7}],"seed_played":"-8491217829065732777","potions_obtained":[{"floor":5,"key":"AttackPotion"},{"floor":7,"key":"BlessingOfTheForge"},{"floor":16,"key":"Swift Potion"},{"floor":18,"key":"SkillPotion"},{"floor":25,"key":"Weak Potion"},{"floor":35,"key":"PowerPotion"},{"floor":38,"key":"ColorlessPotion"},{"floor":47,"key":"PotionOfCapacity"}],"is_trial":false,"path_per_floor":["M","M","?","?","M","R","E","R","T","E","M","M","$","T","R","B",null,"M","?","?","M","$","E","R","E","T","T","E","?","E","$","R","B",null,"M","?","M","M","$","R","E","R","T","M","M","E","M","M","R","B"],"character_chosen":"DEFECT","items_purchased":["AttackPotion","DollysMirror","PowerPotion","Cold Snap","EntropicBrew","Cables"],"campfire_rested":2,"item_purchase_floors":[13,22,22,31,31,39],"current_hp_per_floor":[74,67,67,67,66,66,62,62,62,58,57,49,49,49,49,13,75,71,71,71,59,59,58,58,58,58,58,42,42,18,18,55,50,75,75,75,67,67,67,67,58,58,58,54,17,17,37,37,74,0,0],"gold":143,"neow_bonus":"BOSS_RELIC","is_daily":false,"chose_seed":false,"campfire_upgraded":5,"win_rate":0.0,"timestamp":1609216831,"path_taken":["M","M","?","?","?","R","E","R","T","E","M","M","?","?","R","BOSS","M","?","?","?","$","E","R","E","T","?","E","?","E","$","R","BOSS","M","?","M","M","$","R","E","R","T","?","M","E","M","M","R","BOSS"],"items_purchased_type":["Potion","Relic","Potion","Card","Potion","Relic"],"build_version":"2020-12-22","purchased_purges":4,"victory":false,"max_hp_per_floor":[75,75,75,75,75,75,75,75,75,75,75,75,75,75,75,75,75,75,75,75,75,75,75,75,75,75,75,75,75,75,75,75,75,75,75,75,75,75,75,75,75,75,75,75,75,75,75,75,75,75,75],"relic_stats":{"Centennial Puzzle":[42],"Regal Pillow":30,"Inserter":[61],"Gremlin Horn":[0,0],"counters":[25,121],"Ornamental Fan":[16],"Astrolabe":["Rainbow","Creative AI","Tempest"],"Smiling Mask":250,"Cursed Key":2,"MawBank":96,"obtain_stats":[{"Potion Belt":14,"Regal Pillow":25,"Inserter":0,"Gremlin Horn":46,"Astrolabe":34,"Oddly Smooth Stone":7,"Bottled Tornado":27,"Smiling Mask":9,"Cursed Key":17,"MawBank":23,"Cables":39,"Centennial Puzzle":10,"Anchor":28,"DataDisk":30,"DollysMirror":22,"Ornamental Fan":41,"Cracked Core":0},{"Potion Belt":7,"Regal Pillow":12,"Inserter":0,"Gremlin Horn":22,"Astrolabe":15,"Oddly Smooth Stone":4,"Bottled Tornado":12,"Smiling Mask":4,"Cursed Key":8,"MawBank":11,"Cables":18,"Centennial Puzzle":5,"Anchor":13,"DataDisk":14,"DollysMirror":10,"Ornamental Fan":19,"Cracked Core":0},{"Potion Belt":32,"Regal Pillow":57,"Inserter":0,"Gremlin Horn":105,"Astrolabe":76,"Oddly Smooth Stone":17,"Bottled Tornado":57,"Smiling Mask":17,"Cursed Key":40,"MawBank":52,"Cables":87,"Centennial Puzzle":24,"Anchor":62,"DataDisk":66,"DollysMirror":47,"Ornamental Fan":92,"Cracked Core":0}],"Cables":[24,17,4,3,0]},"card_choices":[{"not_picked":["Streamline","Reprogram"],"picked":"Ball Lightning","floor":1},{"not_picked":["Stack","Turbo"],"picked":"BootSequence","floor":2},{"not_picked":["Turbo","Leap"],"picked":"Coolheaded","floor":5},{"not_picked":["Melter","Amplify"],"picked":"Ball Lightning","floor":7},{"not_picked":["Chill","Go for the Eyes"],"picked":"Compile Driver","floor":10},{"not_picked":["Stack","Storm"],"picked":"Sweeping Beam","floor":11},{"not_picked":["Barrage","Gash"],"picked":"Fission","floor":12},{"not_picked":["Seek","Buffer"],"picked":"Echo Form","floor":16},{"not_picked":["Recycle+1","Leap"],"picked":"Turbo+1","floor":18},{"not_picked":["Leap","Stack"],"picked":"Conserve Battery+1","floor":21},{"not_picked":["Aggregate+1","Redo","Recycle"],"picked":"SKIP","floor":23},{"not_picked":["Blizzard","Compile Driver"],"picked":"Loop+1","floor":25},{"not_picked":["Hello World","Heatsinks"],"picked":"Hologram","floor":28},{"not_picked":["Static Discharge","Barrage"],"picked":"Loop+1","floor":30},{"not_picked":["Multi-Cast","Meteor Strike"],"picked":"Thunder Strike","floor":33},{"not_picked":["Genetic Algorithm+1","Beam Cell+1"],"picked":"Glacier+1","floor":35},{"not_picked":["White Noise","Steam","Force Field+1"],"picked":"SKIP","floor":37},{"not_picked":["Glacier+1","Capacitor"],"picked":"Go for the Eyes+1","floor":38},{"not_picked":["Beam Cell","Coolheaded","Chill"],"picked":"SKIP","floor":41},{"not_picked":["Beam Cell+1","Stack","Rebound+1"],"picked":"SKIP","floor":44},{"not_picked":["Scrape+1","Stack"],"picked":"Biased Cognition","floor":45},{"not_picked":["Loop","Sweeping Beam"],"picked":"Self Repair+1","floor":46},{"not_picked":["Ball Lightning","Auto Shields"],"picked":"Double Energy+1","floor":47},{"not_picked":["Lockon","Rebound+1","Barrage+1"],"picked":"SKIP","floor":48}],"player_experience":1101490,"relics_obtained":[{"floor":7,"key":"Oddly Smooth Stone"},{"floor":9,"key":"Smiling Mask"},{"floor":10,"key":"Centennial Puzzle"},{"floor":14,"key":"Potion Belt"},{"floor":23,"key":"MawBank"},{"floor":25,"key":"Regal Pillow"},{"floor":27,"key":"Bottled Tornado"},{"floor":28,"key":"Anchor"},{"floor":30,"key":"DataDisk"},{"floor":41,"key":"Ornamental Fan"},{"floor":46,"key":"Gremlin Horn"}],"event_choices":[{"damage_healed":0,"gold_gain":0,"player_choice":"Ignored","damage_taken":0,"max_hp_gain":0,"max_hp_loss":0,"event_name":"Liars Game","floor":3,"gold_loss":0},{"damage_healed":0,"gold_gain":100,"player_choice":"Pray","damage_taken":0,"max_hp_gain":0,"max_hp_loss":0,"event_name":"Golden Shrine","floor":4,"gold_loss":0},{"cards_removed":["Strike_B"],"damage_healed":0,"gold_gain":0,"player_choice":"Gave Gold","damage_taken":0,"max_hp_gain":0,"max_hp_loss":0,"event_name":"Beggar","floor":19,"gold_loss":75},{"cards_removed":["Defend_B"],"damage_healed":0,"gold_gain":0,"player_choice":"Offered Basic","damage_taken":0,"max_hp_gain":0,"max_hp_loss":0,"event_name":"Bonfire Elementals","floor":20,"gold_loss":0},{"damage_healed":0,"gold_gain":99,"player_choice":"Stole From Cult","damage_taken":0,"max_hp_gain":0,"max_hp_loss":0,"event_name":"Nest","floor":29,"gold_loss":0},{"damage_healed":0,"gold_gain":0,"player_choice":"Ignored","damage_taken":0,"max_hp_gain":0,"max_hp_loss":0,"event_name":"SecretPortal","floor":36,"gold_loss":0}],"is_beta":false,"boss_relics":[{"not_picked":["Fusion Hammer","Calling Bell"],"picked":"Cursed Key"},{"not_picked":["Coffee Dripper","Pandora\u0027s Box"],"picked":"Astrolabe"}],"items_purged_floors":[13,22,31,39],"is_endless":false,"potions_floor_spawned":[5,7,16,18,25,28,35,38,47],"killed_by":"Time Eater","ascension_level":1}}