{"host":"e8rlfedn69rz2s07","time":1609286139,"event":{"mods":["Act Like it!","BaseMod","Conspire","Hubris","Infinite Spire","Minty Spire (QoL Compilation)","Permanent Neow","Relic Stats","Replay The Spire","Shop Mod","StSLib","The Jungle"],"gold_per_floor":[117,132,132,144,144,176,176,193,220,220,25,37,50,50,50,50,50],"floor_reached":16,"playtime":979,"items_purged":[],"score":208,"play_id":"96ed31f2-9186-48cf-a0a4-6b4e874854b5","local_time":"20201230015538","is_ascension_mode":true,"campfire_choices":[{"floor":10.0,"key":"REST"},{"floor":15,"key":"REST"}],"circlet_count":0,"master_deck":["AscendersBane","Strike_G","Strike_G","Strike_G","Strike_G","Strike_G","Defend_G","Defend_G","Defend_G","Defend_G","Defend_G","Survivor","Neutralize","conspire:PoisonWeapons","Footwork","ReplayTheSpireMod:Speed Training","Quick Slash","PiercingWail","Backflip","Footwork","Quick Slash+1","infinitespire:Neurotoxin"],"relics":["Ring of the Snake","Blue Doll","Omamori","DollysMirror"],"acts_visited":["Exordium"],"potions_floor_usage":[16,16],"damage_taken":[{"damage":7.0,"enemies":"Small Slimes","floor":1.0,"turns":4.0},{"damage":2.0,"enemies":"2 Louse","floor":2.0,"turns":5.0},{"damage":4.0,"enemies":"Cultist","floor":4.0,"turns":5.0},{"damage":41.0,"enemies":"3 Sentries","floor":6.0,"turns":20.0},{"damage":0.0,"enemies":"Lots of Slimes","floor":7.0,"turns":1.0},{"damage":2.0,"enemies":"Large Slime","floor":8.0,"turns":13.0},{"damage":6.0,"enemies":"Exordium Wildlife","floor":12.0,"turns":4.0},{"damage":6,"enemies":"Blue Slaver","floor":13,"turns":5},{"damage":39,"enemies":"Fading Forest","floor":16,"turns":9}],"seed_played":"-4798306210868681585","potions_obtained":[{"floor":0.0,"key":"SmokeBomb"},{"floor":0.0,"key":"ColorlessPotion"},{"floor":4.0,"key":"GhostInAJar"},{"floor":6.0,"key":"Doom Potion"},{"floor":13,"key":"ColorlessPotion"}],"is_trial":false,"path_per_floor":["M","M","?","M","?","E","M","M","T","R","$","M","M","?","R","B"],"character_chosen":"THE_SILENT","items_purchased":["DollysMirror","Quick Slash+1"],"campfire_rested":2,"item_purchase_floors":[11,11],"current_hp_per_floor":[52,50,50,46,46,5,5,3,3,22,22,16,10,10,29,0,0],"gold":50,"neow_bonus":"THREE_SMALL_POTIONS","is_daily":false,"chose_seed":false,"campfire_upgraded":0,"win_rate":0.0,"timestamp":1609286138,"path_taken":["M","M","?","M","?","E","?","?","T","R","$","M","M","?","R","BOSS"],"items_purchased_type":["Relic","Card"],"build_version":"2020-12-22","purchased_purges":0,"victory":false,"max_hp_per_floor":[66,66,66,66,66,66,66,66,66,66,66,66,66,66,66,66,66],"relic_stats":{"counters":[9,66],"obtain_stats":[{"DollysMirror":11,"Blue Doll":6,"Omamori":9,"Ring of the Snake":0},{"DollysMirror":6,"Blue Doll":4,"Omamori":6,"Ring of the Snake":0},{"DollysMirror":48,"Blue Doll":34,"Omamori":48,"Ring of the Snake":0}],"Ring of the Snake":[18]},"card_choices":[{"not_picked":["Prepared","Calculated Gamble"],"picked":"conspire:PoisonWeapons","floor":1.0},{"not_picked":["Adrenaline","PiercingWail"],"picked":"Footwork","floor":2.0},{"not_picked":["Masterful Stab","Cloak And Dagger"],"picked":"ReplayTheSpireMod:Speed Training","floor":4.0},{"not_picked":["Prepared","Reflex"],"picked":"PiercingWail","floor":6.0},{"not_picked":["Distraction","Prepared"],"picked":"Backflip","floor":8.0},{"not_picked":["Tactician","ReplayTheSpireMod:Scrap Shanks","Prepared"],"picked":"SKIP","floor":12.0},{"not_picked":["Quick Slash","Hidden Blade"],"picked":"infinitespire:Neurotoxin","floor":13}],"player_experience":928743,"relics_obtained":[{"floor":6.0,"key":"Blue Doll"},{"floor":9.0,"key":"Omamori"}],"event_choices":[{"damage_healed":0.0,"max_hp_gain":0.0,"max_hp_loss":0.0,"gold_gain":0.0,"event_name":"Match and Keep!","player_choice":"1 cards matched","floor":5.0,"gold_loss":0.0,"damage_taken":0.0,"cards_obtained":["Quick Slash"]},{"damage_healed":0,"gold_gain":0,"player_choice":"Fled","damage_taken":0,"max_hp_gain":0,"max_hp_loss":0,"event_name":"Scrap Ooze","floor":14,"gold_loss":0}],"is_beta":false,"boss_relics":[],"items_purged_floors":[],"is_endless":false,"potions_floor_spawned":[1,4,6,7,13],"killed_by":"Fading Forest","ascension_level":20}}