{"host":"sav7uxregyirlf69","time":1609237720,"event":{"mods":["AchievementEnabler","BaseMod","Colored Map","DeckTracker","Keyboard Shortcuts","Minty Spire (QoL Compilation)","READ ME - Guardian Mod","StSLib","SuperFastMode"],"gold_per_floor":[118,130,205,223,223,223,243,262,262,291,306,319,319,374,374,374,374],"floor_reached":16,"playtime":240,"items_purged":[],"score":208,"play_id":"2fcaa636-38b4-42ea-b615-f27201f87e55","local_time":"20201229192840","is_ascension_mode":true,"campfire_choices":[{"data":"Dagger Spray","floor":6,"key":"SMITH"},{"floor":15,"key":"REST"}],"circlet_count":0,"master_deck":["AscendersBane","Strike_G","Strike_G","Strike_G","Strike_G","Strike_G","Defend_G","Defend_G","Defend_G","Defend_G","Defend_G","Survivor","Neutralize","Dagger Spray+1","Cloak And Dagger","Dagger Throw","Escape Plan"],"relics":["Ring of the Snake","NeowsBlessing","Matryoshka","FossilizedHelix","Golden Idol","Meat on the Bone","Potion Belt"],"acts_visited":["Exordium"],"potions_floor_usage":[16],"damage_taken":[{"damage":0,"enemies":"2 Louse","floor":1,"turns":1},{"damage":0,"enemies":"Small Slimes","floor":2,"turns":1},{"damage":0,"enemies":"Jaw Worm","floor":4,"turns":1},{"damage":0,"enemies":"2 Fungi Beasts","floor":7,"turns":3},{"damage":7,"enemies":"3 Louse","floor":8,"turns":3},{"damage":39,"enemies":"3 Sentries","floor":10,"turns":12},{"damage":0,"enemies":"Looter","floor":11,"turns":4},{"damage":0,"enemies":"Gremlin Gang","floor":12,"turns":6},{"damage":37,"enemies":"Slime Boss","floor":16,"turns":7}],"seed_played":"-621770787958568082","potions_obtained":[{"floor":4,"key":"Swift Potion"},{"floor":11,"key":"SpeedPotion"},{"floor":12,"key":"Explosive Potion"}],"is_trial":false,"path_per_floor":["M","M","?","M","?","R","M","M","T","E","M","M","?","T","R","B"],"character_chosen":"THE_SILENT","items_purchased":[],"campfire_rested":1,"item_purchase_floors":[],"current_hp_per_floor":[59,59,48,48,48,48,48,41,41,2,2,2,2,2,20,0,0],"gold":374,"neow_bonus":"THREE_ENEMY_KILL","is_daily":false,"chose_seed":false,"campfire_upgraded":1,"win_rate":0.0,"timestamp":1609237720,"path_taken":["M","M","?","M","?","R","M","M","T","E","M","M","?","?","R","BOSS"],"items_purchased_type":[],"build_version":"2020-12-22","purchased_purges":0,"victory":false,"max_hp_per_floor":[66,66,66,66,66,66,66,66,66,66,66,66,60,60,60,60,60],"card_choices":[{"not_picked":["Backflip","Riddle With Holes"],"picked":"Dagger Spray","floor":1},{"not_picked":["Deflect","Flying Knee","Flechettes"],"picked":"SKIP","floor":2},{"not_picked":["Deadly Poison","Sucker Punch","Outmaneuver"],"picked":"SKIP","floor":4},{"not_picked":["Flying Knee","Dagger Spray"],"picked":"Cloak And Dagger","floor":7},{"not_picked":["Bouncing Flask","Slice"],"picked":"Dagger Throw","floor":8},{"not_picked":["Malaise","Endless Agony","Slice"],"picked":"SKIP","floor":10},{"not_picked":["Calculated Gamble","Infinite Blades"],"picked":"Escape Plan","floor":11},{"not_picked":["Acrobatics","Cloak And Dagger","Outmaneuver"],"picked":"SKIP","floor":12}],"player_experience":1048882,"relics_obtained":[{"floor":9,"key":"Matryoshka"},{"floor":10,"key":"FossilizedHelix"},{"floor":14,"key":"Meat on the Bone"},{"floor":14,"key":"Potion Belt"}],"event_choices":[{"damage_healed":0,"gold_gain":75,"player_choice":"Gather Gold","damage_taken":11,"max_hp_gain":0,"max_hp_loss":0,"event_name":"World of Goop","floor":3,"gold_loss":0},{"damage_healed":0,"gold_gain":0,"player_choice":"Ignored","damage_taken":0,"max_hp_gain":0,"max_hp_loss":0,"event_name":"Liars Game","floor":5,"gold_loss":0},{"damage_healed":0,"gold_gain":0,"player_choice":"Lose Max HP","damage_taken":0,"relics_obtained":["Golden Idol"],"max_hp_gain":0,"max_hp_loss":6,"event_name":"Golden Idol","floor":13,"gold_loss":0}],"is_beta":false,"boss_relics":[],"items_purged_floors":[],"is_endless":false,"potions_floor_spawned":[4,11,12],"killed_by":"Slime Boss","ascension_level":20}}