{"host":"vm8b3ptwl81uq21f","time":1609215080,"event":{"mods":["BaseMod","BetterRewards","Colored Map","Colored Powertips","Downfall","GifTheSpireLib","Googly Eyes","GungeonMod","Halation","Hubris","Infinite Spire","Minty Spire (QoL Compilation)","Quick Restart","Rare Cards Sparkle","Replay The Spire","Shop Mod","StSLib","Stuff the Spire","The Bug Knight","The IronCluck","[IsaacMod]????"],"gold_per_floor":[111,111,127,127,127,127,162,180,180,207,207,207,207,218,218,314,314,331,351,369,379,399,430,430,430,430,430,93,104,104,4,4,101,101,101,101],"floor_reached":35,"playtime":1785,"items_purged":["Cloak And Dagger+1","Strike_G","Strike_G"],"score":510,"play_id":"dcc2c091-1bc1-4a09-b7de-401519402468","local_time":"20201228231120","is_ascension_mode":false,"campfire_choices":[{"data":"ReplayTheSpireMod:Black Plague","floor":6,"key":"SMITH"},{"data":"Draining Mist","floor":11,"key":"SMITH"},{"data":"After Image","floor":13,"key":"SMITH"},{"floor":15,"key":"DIG"},{"data":"ReplayTheSpireMod:Black Plague","floor":25,"key":"SMITH"},{"data":"Sneak Up","floor":27,"key":"SMITH"},{"data":"Strike_G","floor":32,"key":"PURGE"}],"circlet_count":0,"master_deck":["Defend_G","Defend_G","Defend_G","Defend_G","Defend_G","Survivor","Neutralize","Draining Mist+1","ReplayTheSpireMod:Black Plague+1","After Image+1","Escape Plan","ReplayTheSpireMod:From All Sides","Catalyst+1","Escape Plan","ReplayTheSpireMod:Tripwire","Dash+1","ReplayTheSpireMod:Black Plague+1","Sneak Up+1","Setup","Poison Darts"],"relics":["Ring of the Snake","HushsDoor","BelialBook","Gremlin Food","hubris:Towel","ReplayTheSpireMod:Shallot","Mercury Hourglass","Pear","DemoMod:Antibody","halation:Risk","TuHaoJin","Singing Bowl","DollysMirror","Replay:Wax Seal","halation:PinkSoulGem","Empty Cage"],"acts_visited":["Exordium","TheCity","TheBeyond"],"potions_floor_usage":[33],"damage_taken":[{"damage":0,"enemies":"Jaw Worm","floor":1,"turns":6},{"damage":0,"enemies":"2 Louse","floor":3,"turns":2},{"damage":0,"enemies":"HollowMod:MossKnight","floor":7,"turns":3},{"damage":0,"enemies":"Small Slimes","floor":8,"turns":2},{"damage":0,"enemies":"Replay:BlueRogue","floor":10,"turns":3},{"damage":0,"enemies":"Exordium Thugs","floor":14,"turns":4},{"damage":0,"enemies":"Hexaghost","floor":16,"turns":6},{"damage":0,"enemies":"Spheric Guardian","floor":18,"turns":2},{"damage":0,"enemies":"Snake Plant","floor":19,"turns":5},{"damage":0,"enemies":"Cultist and Chosen","floor":20,"turns":10},{"damage":0,"enemies":"Snecko","floor":21,"turns":2},{"damage":0,"enemies":"Snake Plant","floor":22,"turns":4},{"damage":2,"enemies":"Slavers","floor":23,"turns":8},{"damage":0,"enemies":"Shelled Parasite and Fungi","floor":29,"turns":4},{"damage":27,"enemies":"Collector","floor":33,"turns":8},{"damage":2,"enemies":"3 Darklings","floor":35,"turns":6}],"seed_played":"-6870802293135912747","potions_obtained":[{"floor":1,"key":"Venom Potion"},{"floor":3,"key":"champ:CounterPotion"},{"floor":14,"key":"Explosive Potion"},{"floor":20,"key":"Adrenaline Potion"},{"floor":21,"key":"PowerPotion"}],"is_trial":false,"path_per_floor":["M","?","M","?","?","R","E","M","T","E","R","?","R","M","R_BF","B",null,"M","M","M","M","M","E","AVR","R","T","R","$","M","?","$","R_BF","B",null,"M"],"character_chosen":"THE_SILENT","items_purchased":["DollysMirror","Replay:Wax Seal","Setup"],"campfire_rested":0,"item_purchase_floors":[28,28,28],"current_hp_per_floor":[70,70,70,54,54,54,54,54,54,64,64,64,64,64,64,64,80,80,80,80,80,80,78,78,78,78,78,78,82,82,82,82,55,82,80,80],"gold":101,"neow_bonus":"RANDOM_COMMON_RELIC","is_daily":false,"chose_seed":false,"campfire_upgraded":5,"win_rate":0.0,"timestamp":1609215080,"path_taken":["M","?","M","?","?","R","E","?","T","E","R","?","R","M","R_BF","BOSS","M","M","M","M","M","E","AVR","R","T","R","$","M","?","$","R_BF","BOSS","M"],"items_purchased_type":["Relic","Relic","Card"],"build_version":"2020-12-22","purchased_purges":3,"victory":false,"max_hp_per_floor":[70,70,70,70,70,70,70,70,70,80,80,80,80,80,80,80,80,80,80,80,80,80,80,80,80,80,80,80,82,82,82,82,82,82,82,82],"card_choices":[{"not_picked":["Footwork","Expertise"],"picked":"Cloak And Dagger","floor":1},{"not_picked":["Acrobatics","Sucker Punch"],"picked":"Draining Mist","floor":3},{"not_picked":["infinitespire:SevenWalls","ReplayTheSpireMod:Chaos Vortex"],"picked":"ReplayTheSpireMod:Black Plague","floor":4},{"not_picked":["Deflect","Reflex"],"picked":"After Image","floor":7},{"not_picked":["Cloak And Dagger","Acrobatics"],"picked":"Escape Plan","floor":8},{"not_picked":["Hidden Blade","PiercingWail"],"picked":"Sneak Up","floor":10},{"not_picked":["Toxin Wave","Slice","Deflect"],"picked":"SKIP","floor":14},{"not_picked":["Atom Bomb","Night Terror"],"picked":"ReplayTheSpireMod:From All Sides","floor":16},{"not_picked":["Deflect","Expertise","Underhanded Strike"],"picked":"SKIP","floor":18},{"not_picked":["PiercingWail","Predator"],"picked":"Catalyst+1","floor":19},{"not_picked":["Underhanded Strike","StuffTheSpire:Shiver+1","Fluid Movement"],"picked":"SKIP","floor":20},{"not_picked":["hubris:SlightOfHand","Expertise"],"picked":"Escape Plan","floor":21},{"not_picked":["Dagger Spray","Slice"],"picked":"ReplayTheSpireMod:Tripwire","floor":22},{"not_picked":["Underhanded Strike+1","Sucker Punch+1"],"picked":"Dash+1","floor":23},{"not_picked":["StuffTheSpire:Incantation","StuffTheSpire:Incursion+1","Replay:Bag of Tricks"],"picked":"Singing Bowl","floor":29},{"not_picked":["Tools of the Trade","Doppelganger"],"picked":"Poison Darts","floor":33}],"player_experience":322434,"relics_obtained":[{"floor":7,"key":"ReplayTheSpireMod:Shallot"},{"floor":9,"key":"Mercury Hourglass"},{"floor":10,"key":"Pear"},{"floor":15,"key":"DemoMod:Antibody"},{"floor":23,"key":"TuHaoJin"},{"floor":26,"key":"Singing Bowl"}],"event_choices":[{"cards_removed":["Strike_G"],"damage_healed":0,"gold_gain":0,"player_choice":"Offered Basic","damage_taken":0,"max_hp_gain":0,"max_hp_loss":0,"event_name":"Bonfire Elementals","floor":12,"gold_loss":0}],"is_beta":false,"boss_relics":[{"not_picked":["Honey Jar","Astrolabe"],"picked":"halation:Risk"},{"not_picked":[]},{"not_picked":["Pandora\u0027s Box","ReplayTheSpireMod:SealedPack"],"picked":"Empty Cage"},{"not_picked":[]}],"items_purged_floors":[24,28,31],"is_endless":false,"potions_floor_spawned":[1,3,14,19,20,21,29],"killed_by":"3 Darklings","ascension_level":0}}