{"host":"v0n6ky7dmveherv3","time":1609266503,"event":{"mods":["BaseMod","Better Third Choice","Downfall","Minty Spire (QoL Compilation)","StSLib"],"gold_per_floor":[99,110,127,138,138,138,138,165,165,165,165,165],"floor_reached":10,"playtime":373,"items_purged":[],"score":69,"play_id":"ba9fbb16-ec69-47f4-b451-ee0452421d2f","local_time":"20201229112823","is_ascension_mode":true,"campfire_choices":[{"data":"champ:VampiricStrike","floor":1,"key":"SMITH"}],"circlet_count":0,"master_deck":["champ:Strike","champ:Strike","champ:Strike","champ:Strike","champ:Defend","champ:Defend","champ:Defend","champ:Defend","champ:Execute","champ:Taunt","champ:VampiricStrike+1","champ:Encircle","champ:Lariat","champ:RapidStrikes","champ:StanceDance"],"relics":["champ:ChampionCrown","downfall:ShatteredFragment","Darkstone Periapt","InkBottle","Pantograph"],"acts_visited":["Exordium"],"potions_floor_usage":[8],"damage_taken":[{"damage":11,"enemies":"Jaw Worm","floor":2,"turns":3},{"damage":5,"enemies":"2 Louse","floor":3,"turns":3},{"damage":9,"enemies":"Small Slimes","floor":4,"turns":2},{"damage":45,"enemies":"Lagavulin","floor":8,"turns":9},{"damage":43,"enemies":"Gremlin Nob","floor":10,"turns":4}],"seed_played":"4973075168884103880","potions_obtained":[{"floor":3,"key":"Block Potion"}],"is_trial":false,"path_per_floor":["R","M","M","M","?","?","T","E","?","E"],"character_chosen":"THE_CHAMP","items_purchased":[],"campfire_rested":0,"item_purchase_floors":[],"current_hp_per_floor":[90,90,90,90,63,68,68,45,27,0,0,0],"gold":165,"neow_bonus":"ONE_RANDOM_RARE_CARD","is_daily":false,"chose_seed":false,"campfire_upgraded":1,"win_rate":0.0,"timestamp":1609266503,"path_taken":["R","M","M","M","?","?","T","E","?","E"],"items_purchased_type":[],"build_version":"2020-12-22","purchased_purges":0,"victory":false,"max_hp_per_floor":[90,90,90,90,90,95,95,95,95,95,95,95],"card_choices":[{"not_picked":["champ:Backstep","champ:FanOfKnives"],"picked":"champ:Encircle","floor":2},{"not_picked":["champ:ShieldWall","champ:Shatter"],"picked":"champ:Lariat","floor":3},{"not_picked":["champ:FanOfKnives","champ:Riposte"],"picked":"champ:RapidStrikes","floor":4},{"not_picked":["champ:Duel","champ:FocusedDefense"],"picked":"champ:StanceDance","floor":8}],"player_experience":99946,"relics_obtained":[{"floor":7,"key":"Darkstone Periapt"},{"floor":8,"key":"InkBottle"}],"event_choices":[{"damage_healed":0,"gold_gain":0,"player_choice":"Donut","damage_taken":0,"max_hp_gain":5,"max_hp_loss":0,"event_name":"Big Fish","floor":6,"gold_loss":0},{"damage_healed":0,"gold_gain":0,"player_choice":"Relic ","damage_taken":18,"max_hp_gain":0,"max_hp_loss":0,"event_name":"betterThird:BetterScrap","floor":9,"gold_loss":0,"cards_obtained":["Crippling Poison"]}],"is_beta":false,"boss_relics":[],"items_purged_floors":[],"is_endless":false,"potions_floor_spawned":[3],"killed_by":"Gremlin Nob","ascension_level":1}}