{"host":"d8hh7rr4yzitjeuj","time":1609247664,"event":{"mods":["2.2 Compatiblity","AchievementEnabler","BaseMod","CapriCore","Colored Map","Colored Powertips","Highlight Path","Keyboard Shortcuts","Minty Spire (QoL Compilation)","Permanent Neow","Quick Restart","StSLib","SuperFastMode"],"gold_per_floor":[115,133,152,169,183,183,208,208,235,251,251,262,262,262,262,339,339,349,360,376,301,301,301],"floor_reached":22,"playtime":653,"items_purged":["Strike_B"],"score":380,"play_id":"be9dc39e-8aa8-4b04-98e4-0ef09838e292","local_time":"20201229221424","is_ascension_mode":true,"campfire_choices":[{"data":"Streamline","floor":6,"key":"SMITH"},{"data":"Static Discharge","floor":8,"key":"SMITH"},{"floor":13,"key":"REST"},{"data":"Defragment","floor":15,"key":"SMITH"}],"circlet_count":0,"master_deck":["AscendersBane","Strike_B","Strike_B","Strike_B","Defend_B+1","Defend_B","Defend_B","Defend_B+1","Zap+1","Dualcast","Rebound","Streamline+1","Ball Lightning","Coolheaded","Coolheaded","Static Discharge+1","Defragment+1","Leap","Meteor Strike","Double Energy","Turbo"],"relics":["Cracked Core","Centennial Puzzle","Akabeko","Cursed Key"],"acts_visited":["Exordium","TheCity"],"potions_floor_usage":[5,16],"damage_taken":[{"damage":0,"enemies":"Cultist","floor":1,"turns":3},{"damage":2,"enemies":"Jaw Worm","floor":2,"turns":3},{"damage":0,"enemies":"Small Slimes","floor":3,"turns":2},{"damage":14,"enemies":"Exordium Wildlife","floor":4,"turns":3},{"damage":2,"enemies":"3 Louse","floor":5,"turns":2},{"damage":23,"enemies":"3 Sentries","floor":7,"turns":6},{"damage":6,"enemies":"Looter","floor":10,"turns":2},{"damage":1,"enemies":"2 Fungi Beasts","floor":12,"turns":3},{"damage":13,"enemies":"Hexaghost","floor":16,"turns":9},{"damage":7,"enemies":"Chosen","floor":18,"turns":3},{"damage":14,"enemies":"2 Thieves","floor":19,"turns":3},{"damage":16,"enemies":"Snake Plant","floor":20,"turns":3},{"damage":18,"enemies":"Cultist and Chosen","floor":22,"turns":5}],"seed_played":"1899011941308721190","potions_obtained":[{"floor":3,"key":"Dexterity Potion"},{"floor":4,"key":"SteroidPotion"},{"floor":10,"key":"EssenceOfSteel"},{"floor":16,"key":"FocusPotion"}],"is_trial":false,"path_per_floor":["M","M","M","M","M","R","E","R","T","M","?","M","R","?","R","B",null,"M","M","M","$","M"],"character_chosen":"DEFECT","items_purchased":[],"campfire_rested":1,"item_purchase_floors":[],"current_hp_per_floor":[64,62,62,48,46,46,23,23,23,17,17,16,37,16,16,3,54,47,33,17,17,0,0],"gold":301,"neow_bonus":"UPGRADE_CARD","is_daily":false,"chose_seed":false,"campfire_upgraded":3,"win_rate":0.0,"timestamp":1609247664,"path_taken":["M","M","M","M","M","R","E","R","T","M","?","M","R","?","R","BOSS","M","M","M","$","M"],"items_purchased_type":[],"build_version":"2020-12-22","purchased_purges":1,"victory":false,"max_hp_per_floor":[71,71,71,71,71,71,71,71,71,71,71,71,71,71,71,71,71,71,71,71,71,71,71],"card_choices":[{"not_picked":["Conserve Battery","Hologram"],"picked":"Rebound","floor":1},{"not_picked":["Barrage","Gash"],"picked":"Streamline","floor":2},{"not_picked":["Gash","Heatsinks"],"picked":"Ball Lightning","floor":3},{"not_picked":["Chaos","Capacitor"],"picked":"Coolheaded","floor":4},{"not_picked":["Recycle","Darkness"],"picked":"Coolheaded","floor":5},{"not_picked":["Genetic Algorithm","Buffer"],"picked":"Static Discharge","floor":7},{"not_picked":["Redo","Reinforced Body"],"picked":"Defragment","floor":10},{"not_picked":["Gash","Sweeping Beam"],"picked":"Leap","floor":12},{"not_picked":["Amplify","Rainbow"],"picked":"Meteor Strike","floor":16},{"not_picked":["Force Field+1","Storm"],"picked":"Double Energy","floor":18},{"not_picked":["Hologram","Stack","Heatsinks"],"picked":"SKIP","floor":19},{"not_picked":["Chaos","Hologram"],"picked":"Turbo","floor":20}],"player_experience":1389657,"relics_obtained":[{"floor":7,"key":"Centennial Puzzle"},{"floor":9,"key":"Akabeko"}],"event_choices":[{"damage_healed":0,"gold_gain":0,"player_choice":"Fled","damage_taken":0,"max_hp_gain":0,"max_hp_loss":0,"event_name":"Scrap Ooze","floor":11,"gold_loss":0},{"damage_healed":0,"gold_gain":0,"player_choice":"Entered Light","damage_taken":21,"max_hp_gain":0,"max_hp_loss":0,"event_name":"Shining Light","floor":14,"gold_loss":0,"cards_upgraded":["Defend_B","Defend_B"]}],"is_beta":false,"boss_relics":[{"not_picked":["FrozenCore","Runic Dome"],"picked":"Cursed Key"}],"items_purged_floors":[21],"is_endless":false,"potions_floor_spawned":[3,4,10,12,16],"killed_by":"Cultist and Chosen","ascension_level":20}}