{"host":"pe0zhl1vvtkxuc0p","time":1609253176,"event":{"mods":["A Magickal Journey","AchievementEnabler","BaseMod","Card Forge","Challenge The Spire","Chen","Colored Powertips","Curses Come First","GifTheSpireLib","Glutton Mod","Gremlin Mod","Infinite Spire","Minty Spire (QoL Compilation)","Quick Restart","Relic Filter","Shop Mod","Spikes Relics","StSLib","Stuff the Spire","SuperFastMode","Td1madao Mod","The Clintock","The Cursed","The Death Knight","The Druid","The Florist","The Hayseed","The Necromancer","The Sage"],"gold_per_floor":[114,114,114,133,113,139,139,64,110,124,142,142,142,177,177,282,282,301,301,301,301,336,365,379,379,403,421,211,211,228,240,240,343,343,362,412,412,425,440,440,440,459,459,459,474,474,70,90,90,90,90],"floor_reached":50,"playtime":6347,"items_purged":["Regret","clintock:ClintockDefend+1","clintock:ClintockStrike+1"],"score":522,"play_id":"7586eb89-3851-4939-a8bb-bba063bad1d2","local_time":"20201229224616","is_ascension_mode":false,"campfire_choices":[{"floor":7.0,"key":"RECALL"},{"floor":15.0,"key":"REST"},{"floor":25,"key":"REST"},{"floor":29,"key":"REST"},{"floor":32,"key":"REST"},{"floor":40,"key":"REST"},{"floor":44,"key":"REST"},{"floor":46,"key":"REST"},{"floor":49,"key":"REST"}],"circlet_count":0,"master_deck":["clintock:ClintockStrike+1","clintock:ClintockStrike+1","clintock:ClintockStrike+1","clintock:ClintockDefend+1","clintock:ClintockDefend+1","clintock:ClintockDefend+1","clintock:BaseSynthesis","clintock:Replenish","clintock:MineAndDine","clintock:DCMP","clintock:Thymidine","clintock:Deoxyadenosine","clintock:BruteForce","clintock:Fluorescein","clintock:Mitosis","clintock:CompostBin","clintock:MetabolicPathways","clintock:Obstruct+1","clintock:Acupuncture","StuffTheSpire:Vigor","clintock:Efflux","clintock:SuperSeqX1","clintock:DnaMicroarray","clintock:GeneticPollution+1","clintock:Outbreak","clintock:Alkylation+1","infinitespire:Execution","clintock:Excavate+1","clintock:Polymerize"],"relics":["clintock:BiomoleculePool","Hammer of Thor","Seething Fire","Anvil of the Gods","NeowsBlessing","StuffTheSpire:RedRose","Rawhide","StuffTheSpire:GrapeVine","StuffTheSpire:EmeraldSignet","Orichalcum","Toy Ornithopter","CosmicIsotope","SuspiciousGoo","Akabeko","Lizard Tail","Regal Pillow","Art of War"],"acts_visited":["Exordium","TheCity","TheBeyond"],"potions_floor_usage":[22,22,24,33,33,33,39,50],"damage_taken":[{"damage":0.0,"enemies":"2 Louse","floor":1.0,"turns":1.0},{"damage":0.0,"enemies":"Small Slimes","floor":4.0,"turns":1.0},{"damage":0.0,"enemies":"3 Sentries","floor":6.0,"turns":1.0},{"damage":0.0,"enemies":"Cultist","floor":10.0,"turns":3.0},{"damage":4.0,"enemies":"Gremlin Gang","floor":11.0,"turns":3.0},{"damage":21.0,"enemies":"Lagavulin","floor":14.0,"turns":8.0},{"damage":2.0,"enemies":"The Guardian","floor":16.0,"turns":9.0},{"damage":8.0,"enemies":"Shell Parasite","floor":18.0,"turns":5.0},{"damage":13,"enemies":"2 Thieves","floor":22,"turns":5},{"damage":24,"enemies":"Nightmare","floor":23,"turns":8},{"damage":13,"enemies":"Centurion and Healer","floor":24,"turns":8},{"damage":20,"enemies":"Shelled Parasite and Fungi","floor":27,"turns":8},{"damage":1,"enemies":"Snecko","floor":30,"turns":5},{"damage":9,"enemies":"Centurion and Healer","floor":31,"turns":11},{"damage":51,"enemies":"Champ","floor":33,"turns":15},{"damage":1,"enemies":"Orb Walker","floor":35,"turns":6},{"damage":30,"enemies":"Mind Bloom Boss Battle","floor":36,"turns":9},{"damage":9,"enemies":"3 Shapes","floor":38,"turns":10},{"damage":24,"enemies":"Maw","floor":39,"turns":6},{"damage":20,"enemies":"4 Shapes","floor":42,"turns":8},{"damage":101,"enemies":"Spire Growth","floor":45,"turns":7},{"damage":33,"enemies":"Transient","floor":48,"turns":5},{"damage":0,"enemies":"Awakened One","floor":50,"turns":1}],"seed_played":"-2258893064881698274","potions_obtained":[{"floor":5.0,"key":"DistilledChaos"},{"floor":6.0,"key":"Swift Potion"},{"floor":10.0,"key":"ColorlessPotion"},{"floor":11.0,"key":"AttackPotion"},{"floor":14.0,"key":"ColorlessPotion"},{"floor":22,"key":"SteroidPotion"},{"floor":24,"key":"BlessingOfTheForge"},{"floor":30,"key":"infinitespire:BlackPotion"},{"floor":31,"key":"PowerPotion"},{"floor":35,"key":"Ancient Potion"},{"floor":38,"key":"Dexterity Potion"},{"floor":48,"key":"BlessingOfTheForge"}],"is_trial":false,"path_per_floor":["M","?","?","M","?","E","R","$","T","M","M","$","?","E","R","B",null,"M","?","?","?","M","NM","M","R","T","M","?","R","M","M","R","B",null,"M","?","?","M","M","R","AVR","M","T","R","M","R","$","M","R","B"],"character_chosen":"CLINTOCK_CLASS","items_purchased":["Regal Pillow","Art of War"],"campfire_rested":8,"item_purchase_floors":[47,47],"current_hp_per_floor":[80,64,64,64,64,64,64,64,64,64,60,60,60,39,63,61,80,72,72,72,72,59,35,27,51,51,31,31,55,54,45,69,37,80,79,49,49,40,23,47,47,27,27,51,10,34,34,1,40,45,45],"gold":90,"neow_bonus":"THREE_ENEMY_KILL","is_daily":false,"chose_seed":false,"campfire_upgraded":0,"win_rate":0.0,"timestamp":1609253176,"path_taken":["M","?","?","M","?","E","R","$","T","?","?","?","?","E","R","BOSS","M","?","?","?","M","NM","M","R","T","M","?","R","M","M","R","BOSS","M","?","?","M","M","R","AVR","M","T","R","M","R","?","M","R","BOSS"],"items_purchased_type":["Relic","Relic"],"build_version":"2020-12-22","purchased_purges":3,"victory":false,"max_hp_per_floor":[80,80,80,80,80,80,80,80,80,80,80,80,80,80,80,80,80,80,80,80,80,80,80,80,80,80,80,80,80,80,80,80,80,80,80,80,80,80,80,80,80,80,80,80,80,80,80,80,80,80,80],"card_choices":[{"not_picked":["clintock:ImpulsiveShot","clintock:Obstruct"],"picked":"clintock:MineAndDine","floor":1.0},{"not_picked":["clintock:TelomereErosion","clintock:Jab"],"picked":"clintock:DCMP","floor":4.0},{"not_picked":["clintock:Splinter","clintock:Mitosis"],"picked":"clintock:Thymidine","floor":6.0},{"not_picked":["clintock:BruteForce","clintock:VectorFlow"],"picked":"clintock:Deoxyadenosine","floor":10.0},{"not_picked":["clintock:Efflux","clintock:Polymerize"],"picked":"clintock:BruteForce","floor":11.0},{"not_picked":["clintock:BruteForce","clintock:Efflux"],"picked":"clintock:Fluorescein","floor":14.0},{"not_picked":["clintock:SinsheimerT3","clintock:MendelPro"],"picked":"clintock:Mitosis","floor":16.0},{"not_picked":["clintock:Centrifuge","clintock:Immunodeficiency"],"picked":"clintock:CompostBin","floor":18.0},{"not_picked":["clintock:Obstruct","clintock:EnergyDrink"],"picked":"clintock:MetabolicPathways","floor":22},{"not_picked":["clintock:Interrupt","clintock:Ketosis"],"picked":"clintock:Obstruct+1","floor":23},{"not_picked":["clintock:ImpulsiveShot","clintock:TelomereErosion","clintock:BruteForce+1"],"picked":"SKIP","floor":24},{"not_picked":["clintock:SampleSwap+1","clintock:Immunodeficiency"],"picked":"clintock:Acupuncture","floor":27},{"not_picked":["clintock:Interrupt","clintock:Ketosis"],"picked":"clintock:Efflux","floor":30},{"not_picked":["clintock:Thymidine","clintock:Obstruct+1"],"picked":"clintock:SuperSeqX1","floor":31},{"not_picked":["clintock:SinsheimerT3","clintock:Mitosis"],"picked":"clintock:DnaMicroarray","floor":33},{"not_picked":["clintock:Immunodeficiency","clintock:Obstruct"],"picked":"clintock:GeneticPollution+1","floor":35},{"not_picked":["clintock:PurineMetabolism","clintock:Excavate+1"],"picked":"clintock:Outbreak","floor":36},{"not_picked":["clintock:Obstruct","clintock:BruteForce+1","clintock:DAMP+1"],"picked":"SKIP","floor":38},{"not_picked":["clintock:Acupuncture+1","clintock:Irradiate+1"],"picked":"clintock:Alkylation+1","floor":39},{"not_picked":["clintock:ATPReserves","clintock:Centrifuge+1"],"picked":"clintock:Excavate+1","floor":42},{"not_picked":["clintock:EnergyDrink+1","clintock:MetabolicPathways"],"picked":"clintock:Polymerize","floor":45},{"not_picked":["clintock:BruteForce","clintock:Eureka","clintock:DCMP+1"],"picked":"SKIP","floor":48}],"player_experience":482614,"relics_obtained":[{"floor":6.0,"key":"Rawhide"},{"floor":9.0,"key":"StuffTheSpire:GrapeVine"},{"floor":13.0,"key":"StuffTheSpire:EmeraldSignet"},{"floor":14.0,"key":"Orichalcum"},{"floor":23,"key":"Toy Ornithopter"},{"floor":36,"key":"SuspiciousGoo"},{"floor":43,"key":"Lizard Tail"}],"event_choices":[{"damage_healed":0.0,"max_hp_gain":0.0,"max_hp_loss":0.0,"gold_gain":0.0,"event_name":"Shining Light","player_choice":"Entered Light","floor":2.0,"gold_loss":0.0,"damage_taken":16.0,"cards_upgraded":["clintock:ClintockDefend","clintock:ClintockStrike"]},{"damage_healed":0.0,"max_hp_gain":0.0,"max_hp_loss":0.0,"gold_gain":0.0,"event_name":"The Woman in Blue","player_choice":"Bought 1 Potion","floor":5.0,"gold_loss":0.0,"damage_taken":0.0},{"damage_healed":0.0,"max_hp_gain":0.0,"max_hp_loss":0.0,"gold_gain":0.0,"event_name":"Back to Basics","player_choice":"Simplicity","floor":19.0,"gold_loss":0.0,"damage_taken":0.0,"cards_upgraded":["clintock:ClintockStrike","clintock:ClintockStrike","clintock:ClintockStrike","clintock:ClintockDefend","clintock:ClintockDefend","clintock:ClintockDefend"]},{"damage_healed":0.0,"max_hp_gain":0.0,"max_hp_loss":0.0,"gold_gain":0.0,"event_name":"Vampires","player_choice":"Ignored","floor":20.0,"gold_loss":0.0,"damage_taken":0.0},{"damage_healed":0,"gold_gain":0,"player_choice":"Fight","damage_taken":0,"max_hp_gain":0,"max_hp_loss":0,"event_name":"MindBloom","floor":36,"gold_loss":0}],"is_beta":false,"boss_relics":[{"not_picked":[]},{"not_picked":["sagemod:Falmels_Amulet","Pandora\u0027s Box"],"picked":"CosmicIsotope"}],"items_purged_floors":[8,41,47],"is_endless":true,"potions_floor_spawned":[6,10,11,14,22,24,30,31,35,38,48],"killed_by":"Awakened One","ascension_level":0}}