{"host":"k7udt7atmcuzf6l0","time":1609215709,"event":{"mods":["AchievementEnabler","BaseMod","Colored Map","Colored Powertips","Highlight Path","Minty Spire (QoL Compilation)","Quick Restart","Rare Cards Sparkle","StSLib","UnlockEverythingMod"],"gold_per_floor":[114,114,114,114,128,128,80,80,104,104,114,114,133,146,146,146,146],"floor_reached":16,"playtime":178,"items_purged":[],"score":90,"play_id":"b7fc604e-986b-4a4d-9565-cf368beb54b7","local_time":"20201229122149","is_ascension_mode":false,"campfire_choices":[{"data":"Flame Barrier","floor":6,"key":"SMITH"},{"data":"Body Slam","floor":10,"key":"SMITH"},{"data":"Body Slam","floor":12,"key":"SMITH"},{"data":"Warcry","floor":15,"key":"SMITH"}],"circlet_count":0,"master_deck":["Strike_R","Strike_R","Strike_R","Strike_R","Strike_R","Defend_R+1","Defend_R+1","Defend_R","Defend_R","Bash","Flame Barrier+1","Regret","Feel No Pain","Body Slam+1","Body Slam+1","Warcry+1"],"relics":["Burning Blood","NeowsBlessing","Art of War","Turnip","Akabeko"],"acts_visited":["Exordium"],"potions_floor_usage":[16],"damage_taken":[{"damage":0,"enemies":"Jaw Worm","floor":1,"turns":1},{"damage":0,"enemies":"Small Slimes","floor":5,"turns":1},{"damage":0,"enemies":"Cultist","floor":11,"turns":1},{"damage":2,"enemies":"Red Slaver","floor":13,"turns":4},{"damage":2,"enemies":"Exordium Wildlife","floor":14,"turns":3},{"damage":0,"enemies":"Hexaghost","floor":16,"turns":2}],"seed_played":"-9097043339437977616","potions_obtained":[{"floor":1,"key":"Block Potion"},{"floor":13,"key":"SneckoOil"}],"is_trial":false,"path_per_floor":["M","?","?","?","M","R","$","T","T","R","M","R","M","M","R","B"],"character_chosen":"IRONCLAD","items_purchased":["Body Slam"],"campfire_rested":0,"item_purchase_floors":[7],"current_hp_per_floor":[80,80,64,64,70,70,70,70,70,70,76,76,80,80,80,80,80],"gold":146,"neow_bonus":"THREE_ENEMY_KILL","is_daily":false,"chose_seed":false,"campfire_upgraded":4,"win_rate":0.0,"timestamp":1609215709,"path_taken":["M","?","?","?","M","R","$","?","T","R","M","R","M","M","R","BOSS"],"items_purchased_type":["Card"],"build_version":"2020-12-22","purchased_purges":0,"victory":false,"max_hp_per_floor":[80,80,80,80,80,80,80,80,80,80,80,80,80,80,80,80,80],"card_choices":[{"not_picked":["Headbutt","Intimidate"],"picked":"Flame Barrier","floor":1},{"not_picked":["Heavy Blade","Cleave"],"picked":"Feel No Pain","floor":5},{"not_picked":["Cleave","Anger"],"picked":"Body Slam","floor":11},{"not_picked":["Havoc","Headbutt","Body Slam"],"picked":"SKIP","floor":13},{"not_picked":["Intimidate","Clash"],"picked":"Warcry","floor":14}],"player_experience":14586,"relics_obtained":[{"floor":8,"key":"Turnip"},{"floor":9,"key":"Akabeko"}],"event_choices":[{"damage_healed":0,"gold_gain":0,"player_choice":"Box","damage_taken":0,"relics_obtained":["Art of War"],"max_hp_gain":0,"max_hp_loss":0,"event_name":"Big Fish","floor":2,"gold_loss":0,"cards_obtained":["Regret"]},{"damage_healed":0,"gold_gain":0,"player_choice":"Entered Light","damage_taken":16,"max_hp_gain":0,"max_hp_loss":0,"event_name":"Shining Light","floor":3,"gold_loss":0,"cards_upgraded":["Defend_R","Defend_R"]},{"damage_healed":0,"gold_gain":0,"player_choice":"Ignored","damage_taken":0,"max_hp_gain":0,"max_hp_loss":0,"event_name":"Liars Game","floor":4,"gold_loss":0}],"is_beta":false,"boss_relics":[],"items_purged_floors":[],"is_endless":false,"potions_floor_spawned":[1,13],"killed_by":"Hexaghost","ascension_level":0}}