{"host":"dhyczjm99amxd3qx","time":1609283374,"event":{"mods":["BaseMod","Colored Map","Googly Eyes","Highlight Path","Minty Spire (QoL Compilation)","Quick Restart","StSLib"],"gold_per_floor":[14,14,27,37,37,37,63,75,111,123,152,193,222,234,246,353,365,389,415,23,122,140,172,172,197,197,197,197],"floor_reached":27,"playtime":4054,"items_purged":[],"score":287,"play_id":"6b8018cb-7b67-47ea-9022-0a53d9d7b915","local_time":"20201229180934","is_ascension_mode":true,"campfire_choices":[{"data":"Tempest","floor":6,"key":"SMITH"},{"data":"Buffer","floor":8,"key":"SMITH"},{"data":"Ball Lightning","floor":15,"key":"SMITH"},{"data":"Seek","floor":24,"key":"SMITH"}],"circlet_count":0,"master_deck":["Strike_B","Defend_B+1","Defend_B","Defend_B","Zap+1","Dualcast","Glacier+1","Ball Lightning","Tempest+1","Buffer+1","Capacitor","Ball Lightning+1","Seek+1","Coolheaded","Coolheaded+1","Chaos+1"],"relics":["Cracked Core","MawBank","Lantern","Blood Vial","Empty Cage","Toxic Egg 2","Bag of Preparation","Prayer Wheel","Juzu Bracelet","Ginger"],"acts_visited":["Exordium","TheCity"],"potions_floor_usage":[4,7,13,18,19,22,23,27],"damage_taken":[{"damage":4,"enemies":"Jaw Worm","floor":1,"turns":4},{"damage":0,"enemies":"Cultist","floor":3,"turns":3},{"damage":0,"enemies":"2 Louse","floor":4,"turns":2},{"damage":2,"enemies":"Lagavulin","floor":7,"turns":6},{"damage":0,"enemies":"2 Fungi Beasts","floor":11,"turns":2},{"damage":7,"enemies":"3 Sentries","floor":12,"turns":7},{"damage":0,"enemies":"3 Louse","floor":13,"turns":2},{"damage":17,"enemies":"The Guardian","floor":16,"turns":9},{"damage":0,"enemies":"Spheric Guardian","floor":18,"turns":3},{"damage":4,"enemies":"2 Thieves","floor":19,"turns":5},{"damage":0,"enemies":"Snecko","floor":22,"turns":5},{"damage":16,"enemies":"Book of Stabbing","floor":23,"turns":6},{"damage":52,"enemies":"Slavers","floor":25,"turns":7},{"damage":18,"enemies":"Gremlin Leader","floor":27,"turns":2}],"seed_played":"417595307782487480","potions_obtained":[{"floor":1,"key":"PotionOfCapacity"},{"floor":3,"key":"Fire Potion"},{"floor":7,"key":"Strength Potion"},{"floor":12,"key":"LiquidMemories"},{"floor":16,"key":"PowerPotion"},{"floor":18,"key":"SpeedPotion"},{"floor":19,"key":"ColorlessPotion"},{"floor":23,"key":"AttackPotion"}],"is_trial":false,"path_per_floor":["M","?","M","M","?","R","E","R","T","?","M","E","M","?","R","B",null,"M","M","$","?","M","E","R","E","T","E"],"character_chosen":"DEFECT","items_purchased":["Toxic Egg 2","Bag of Preparation"],"campfire_rested":0,"item_purchase_floors":[20,20],"current_hp_per_floor":[71,71,71,71,71,71,69,69,69,69,69,62,64,49,49,34,75,75,71,71,71,73,59,59,9,9,0,0],"gold":197,"neow_bonus":"REMOVE_TWO","is_daily":false,"chose_seed":false,"campfire_upgraded":4,"win_rate":0.0,"timestamp":1609283374,"path_taken":["M","?","?","M","?","R","E","R","T","?","M","E","M","?","R","BOSS","M","M","$","?","M","E","R","E","T","E"],"items_purchased_type":["Relic","Relic"],"build_version":"2020-12-22","purchased_purges":0,"victory":false,"max_hp_per_floor":[75,75,75,75,75,75,75,75,75,75,75,75,75,75,75,75,75,75,75,75,75,75,75,75,75,75,75,75],"card_choices":[{"not_picked":["Rebound","Consume"],"picked":"Glacier","floor":1},{"not_picked":["Hologram","FTL"],"picked":"Ball Lightning","floor":3},{"not_picked":["Redo","Gash"],"picked":"Tempest","floor":4},{"not_picked":["Rebound","BootSequence"],"picked":"Buffer","floor":7},{"not_picked":["Steam","Genetic Algorithm","Reprogram"],"picked":"SKIP","floor":11},{"not_picked":["FTL","Melter"],"picked":"Capacitor","floor":12},{"not_picked":["Sweeping Beam","Self Repair"],"picked":"Ball Lightning","floor":13},{"not_picked":["Hyperbeam","Thunder Strike"],"picked":"Seek","floor":16},{"not_picked":["Redo","Leap"],"picked":"Coolheaded","floor":18},{"not_picked":["Hologram","Compile Driver"],"picked":"Coolheaded+1","floor":19},{"not_picked":["Barrage","Ball Lightning+1"],"picked":"Chaos+1","floor":22},{"not_picked":["Hologram+1","Stack+1","Genetic Algorithm+1"],"picked":"SKIP","floor":23},{"not_picked":["Hologram+1","Auto Shields+1","Turbo+1"],"picked":"SKIP","floor":25}],"player_experience":185734,"relics_obtained":[{"floor":7,"key":"MawBank"},{"floor":9,"key":"Lantern"},{"floor":12,"key":"Blood Vial"},{"floor":23,"key":"Prayer Wheel"},{"floor":25,"key":"Juzu Bracelet"},{"floor":26,"key":"Ginger"}],"event_choices":[{"damage_healed":0,"gold_gain":0,"player_choice":"0 cards matched","damage_taken":0,"max_hp_gain":0,"max_hp_loss":0,"event_name":"Match and Keep!","floor":2,"gold_loss":0,"cards_obtained":[]},{"damage_healed":0,"gold_gain":0,"player_choice":"Grow","damage_taken":0,"max_hp_gain":0,"max_hp_loss":0,"event_name":"Living Wall","floor":5,"gold_loss":0,"cards_upgraded":["Zap"]},{"damage_healed":0,"gold_gain":0,"player_choice":"Ignored","damage_taken":0,"max_hp_gain":0,"max_hp_loss":0,"event_name":"Liars Game","floor":10,"gold_loss":0},{"damage_healed":0,"gold_gain":0,"player_choice":"Entered Light","damage_taken":15,"max_hp_gain":0,"max_hp_loss":0,"event_name":"Shining Light","floor":14,"gold_loss":0,"cards_upgraded":["Defend_B","Glacier"]},{"damage_healed":0,"gold_gain":99,"player_choice":"Stole From Cult","damage_taken":0,"max_hp_gain":0,"max_hp_loss":0,"event_name":"Nest","floor":21,"gold_loss":0}],"is_beta":false,"boss_relics":[{"not_picked":["Runic Dome","Cursed Key"],"picked":"Empty Cage"}],"items_purged_floors":[],"is_endless":false,"potions_floor_spawned":[1,3,7,12,16,18,19,23],"killed_by":"Gremlin Leader","ascension_level":2}}