{"host":"qxeepl7ydvsgmfdb","time":1609258657,"event":{"mods":["AchievementEnabler","BaseMod","Colored Powertips","Minty Spire (QoL Compilation)","Quick Restart","slay the spire mod where everything is the same but ironclad has a cowboy hat"],"gold_per_floor":[116,67,142,155,155,155,182,195,218,218,238,238,255,271,271,371,371,352,366,366,366,366],"floor_reached":21,"playtime":750,"items_purged":[],"score":268,"play_id":"63bbb0f6-d85e-4750-864b-22462c3824e9","local_time":"20201229111737","is_ascension_mode":true,"campfire_choices":[{"data":"Deadly Poison","floor":6,"key":"SMITH"},{"floor":15,"key":"REST"}],"circlet_count":0,"master_deck":["Strike_G","Strike_G","Strike_G","Strike_G","Strike_G","Defend_G+1","Defend_G","Defend_G","Defend_G","Defend_G+1","Survivor","Neutralize","Deadly Poison+1","Poisoned Stab","Deflect","Backstab+1","Deadly Poison","Regret","Quick Slash","Blade Dance","After Image","CurseOfTheBell","Cloak And Dagger","Cloak And Dagger+1"],"relics":["Ring of the Snake","NeowsBlessing","Boot","War Paint","Toy Ornithopter","Calling Bell","Ancient Tea Set","Eternal Feather","Calipers","GremlinMask"],"acts_visited":["Exordium","TheCity"],"potions_floor_usage":[16,19],"damage_taken":[{"damage":0,"enemies":"Jaw Worm","floor":1,"turns":1},{"damage":0,"enemies":"Small Slimes","floor":4,"turns":1},{"damage":0,"enemies":"Gremlin Nob","floor":7,"turns":1},{"damage":0,"enemies":"Cultist","floor":8,"turns":3},{"damage":9,"enemies":"3 Louse","floor":11,"turns":3},{"damage":0,"enemies":"2 Fungi Beasts","floor":13,"turns":3},{"damage":7,"enemies":"Lots of Slimes","floor":14,"turns":3},{"damage":13,"enemies":"Hexaghost","floor":16,"turns":9},{"damage":17,"enemies":"2 Thieves","floor":18,"turns":4},{"damage":24,"enemies":"Shell Parasite","floor":19,"turns":5},{"damage":0,"enemies":"Centurion and Healer","floor":21,"turns":1}],"seed_played":"-974184836384512034","potions_obtained":[{"floor":5,"key":"CunningPotion"},{"floor":5,"key":"Dexterity Potion"},{"floor":5,"key":"DuplicationPotion"},{"floor":16,"key":"Strength Potion"},{"floor":19,"key":"ColorlessPotion"}],"is_trial":false,"path_per_floor":["M","$","?","M","?","R","E","M","T","?","M","?","M","M","R","B",null,"M","M","?","M"],"character_chosen":"THE_SILENT","items_purchased":["Poisoned Stab"],"campfire_rested":1,"item_purchase_floors":[2],"current_hp_per_floor":[63,63,52,52,52,52,52,52,52,52,43,43,43,36,57,49,65,48,29,29,29,29],"gold":366,"neow_bonus":"THREE_ENEMY_KILL","is_daily":false,"chose_seed":false,"campfire_upgraded":1,"win_rate":0.0,"timestamp":1609258657,"path_taken":["M","$","?","M","?","R","E","?","T","?","M","?","?","M","R","BOSS","M","?","?","?"],"items_purchased_type":["Card"],"build_version":"2020-12-22","purchased_purges":0,"victory":false,"max_hp_per_floor":[70,70,70,70,70,70,70,70,70,70,70,70,70,70,70,70,70,70,70,70,70,70],"card_choices":[{"not_picked":["Dagger Spray","Accuracy"],"picked":"Deadly Poison","floor":1},{"not_picked":["Outmaneuver","Dash"],"picked":"Deflect","floor":4},{"not_picked":["Infinite Blades","Deadly Poison"],"picked":"Backstab","floor":7},{"not_picked":["Doppelganger","Poisoned Stab"],"picked":"Deadly Poison","floor":8},{"not_picked":["Outmaneuver","Accuracy","Concentrate"],"picked":"SKIP","floor":11},{"not_picked":["Escape Plan","Outmaneuver"],"picked":"Quick Slash","floor":13},{"not_picked":["Deflect","Slice"],"picked":"Blade Dance","floor":14},{"not_picked":["Burst","A Thousand Cuts"],"picked":"After Image","floor":16},{"not_picked":["Escape Plan","Dodge and Roll"],"picked":"Cloak And Dagger","floor":18},{"not_picked":["Choke","Quick Slash+1"],"picked":"Cloak And Dagger+1","floor":19}],"player_experience":298829,"relics_obtained":[{"floor":7,"key":"Boot"},{"floor":9,"key":"War Paint"},{"floor":17,"key":"Ancient Tea Set"},{"floor":17,"key":"Eternal Feather"},{"floor":17,"key":"Calipers"}],"event_choices":[{"damage_healed":0,"gold_gain":75,"player_choice":"Gather Gold","damage_taken":11,"max_hp_gain":0,"max_hp_loss":0,"event_name":"World of Goop","floor":3,"gold_loss":0},{"damage_healed":0,"gold_gain":0,"player_choice":"Got Potions","damage_taken":0,"max_hp_gain":0,"max_hp_loss":0,"event_name":"Lab","floor":5,"gold_loss":0},{"damage_healed":0,"gold_gain":0,"player_choice":"Box","damage_taken":0,"relics_obtained":["Toy Ornithopter"],"max_hp_gain":0,"max_hp_loss":0,"event_name":"Big Fish","floor":10,"gold_loss":0,"cards_obtained":["Regret"]},{"damage_healed":0,"gold_gain":0,"player_choice":"Upgraded","damage_taken":0,"max_hp_gain":0,"max_hp_loss":0,"event_name":"Upgrade Shrine","floor":12,"gold_loss":0,"cards_upgraded":["Backstab"]},{"damage_healed":0,"gold_gain":0,"player_choice":"Trade","damage_taken":0,"relics_obtained":["GremlinMask"],"max_hp_gain":0,"max_hp_loss":0,"event_name":"FaceTrader","floor":20,"gold_loss":0}],"is_beta":false,"boss_relics":[{"not_picked":["Philosopher\u0027s Stone","Snecko Eye"],"picked":"Calling Bell"}],"items_purged_floors":[],"is_endless":false,"potions_floor_spawned":[8,11,16,19],"killed_by":"Centurion and Healer","ascension_level":6}}