{"host":"2se5dq1do2gp0x9k","time":1609213177,"event":{"mods":["AchievementEnabler","BaseMod","Block Reminder","Colored Map","Colored Powertips","Minty Spire (QoL Compilation)","Relic Stats","StSLib","SuperFastMode"],"gold_per_floor":[114,264,275,287,1,1,1,17,40,40,55,99,99,134,134,134,134],"floor_reached":16,"playtime":406,"items_purged":["Doubt"],"score":220,"play_id":"8b5bae97-471b-41f7-8406-e8d3e0b4eaf7","local_time":"20201228193937","is_ascension_mode":true,"campfire_choices":[{"data":"Bash","floor":7,"key":"SMITH"},{"data":"Combust","floor":10,"key":"SMITH"},{"floor":13,"key":"REST"},{"floor":15,"key":"REST"}],"circlet_count":0,"master_deck":["AscendersBane","Strike_R","Strike_R","Strike_R","Strike_R","Strike_R","Defend_R","Defend_R+1","Defend_R","Defend_R","Bash+1","Cleave","Clothesline","Ghostly Armor","Armaments+1","Combust+1","Flame Barrier","Rupture"],"relics":["Burning Blood","Potion Belt","War Paint","Golden Idol","Boot","Anchor","Tiny Chest"],"acts_visited":["Exordium"],"potions_floor_usage":[11,12,16],"damage_taken":[{"damage":10,"enemies":"Small Slimes","floor":1,"turns":3},{"damage":16,"enemies":"Jaw Worm","floor":3,"turns":6},{"damage":11,"enemies":"Cultist","floor":4,"turns":5},{"damage":9,"enemies":"Looter","floor":8,"turns":4},{"damage":6,"enemies":"Lots of Slimes","floor":11,"turns":2},{"damage":42,"enemies":"Gremlin Nob","floor":12,"turns":5},{"damage":21,"enemies":"3 Sentries","floor":14,"turns":5},{"damage":37,"enemies":"The Guardian","floor":16,"turns":8}],"seed_played":"-5563585244280285621","potions_obtained":[{"floor":3,"key":"SteroidPotion"},{"floor":4,"key":"Weak Potion"},{"floor":11,"key":"FearPotion"},{"floor":12,"key":"Weak Potion"}],"is_trial":false,"path_per_floor":["M","?","M","M","$","?","R","M","T","R","M","E","R","E","R","B"],"character_chosen":"IRONCLAD","items_purchased":["Armaments","War Paint"],"campfire_rested":2,"item_purchase_floors":[5,5],"current_hp_per_floor":[64,64,54,49,49,49,49,46,46,46,46,10,30,15,35,0,0],"gold":134,"neow_bonus":"RANDOM_COMMON_RELIC","is_daily":false,"chose_seed":false,"campfire_upgraded":2,"win_rate":0.0,"timestamp":1609213177,"path_taken":["M","?","M","M","$","?","R","M","T","R","M","E","R","E","R","BOSS"],"items_purchased_type":["Card","Relic"],"build_version":"2020-12-22","purchased_purges":1,"victory":false,"max_hp_per_floor":[75,75,75,75,75,68,68,68,68,68,68,68,68,68,68,68,68],"relic_stats":{"counters":[8,38],"Golden Idol":22,"Tiny Chest":0,"War Paint":["Defend_R","Armaments"],"Boot":[0],"obtain_stats":[{"Potion Belt":0,"Anchor":12,"Golden Idol":6,"Tiny Chest":14,"War Paint":5,"Boot":9,"Burning Blood":0},{"Potion Belt":0,"Anchor":6,"Golden Idol":3,"Tiny Chest":7,"War Paint":3,"Boot":4,"Burning Blood":0},{"Potion Belt":0,"Anchor":25,"Golden Idol":14,"Tiny Chest":30,"War Paint":14,"Boot":18,"Burning Blood":0}],"Burning Blood":42},"card_choices":[{"not_picked":["Battle Trance","Ghostly Armor"],"picked":"Cleave","floor":1},{"not_picked":["Wild Strike","Twin Strike"],"picked":"Clothesline","floor":3},{"not_picked":["Heavy Blade","Intimidate"],"picked":"Ghostly Armor","floor":4},{"not_picked":["Flex","Whirlwind"],"picked":"Combust","floor":8},{"not_picked":["Heavy Blade","Seeing Red"],"picked":"Flame Barrier","floor":11},{"not_picked":["Cleave","True Grit"],"picked":"Rupture","floor":12},{"not_picked":["Carnage","Armaments","Rampage"],"picked":"SKIP","floor":14}],"player_experience":3645853,"relics_obtained":[{"floor":9,"key":"Boot"},{"floor":12,"key":"Anchor"},{"floor":14,"key":"Tiny Chest"}],"event_choices":[{"damage_healed":0,"gold_gain":150,"player_choice":"AGREE","damage_taken":0,"max_hp_gain":0,"max_hp_loss":0,"event_name":"Liars Game","floor":2,"gold_loss":0,"cards_obtained":["Doubt"]},{"damage_healed":0,"gold_gain":0,"player_choice":"Lose Max HP","damage_taken":0,"relics_obtained":["Golden Idol"],"max_hp_gain":0,"max_hp_loss":7,"event_name":"Golden Idol","floor":6,"gold_loss":0}],"is_beta":false,"boss_relics":[],"items_purged_floors":[5],"is_endless":false,"potions_floor_spawned":[3,4,11,12],"killed_by":"The Guardian","ascension_level":20}}