{"host":"07ljfmttuzqopd7f","time":1609223273,"event":{"mods":["2.2 Compatiblity","BaseMod","Bestiary","Block Reminder","Colored Map","Colored Powertips","Hermit","Minty Spire (QoL Compilation)","Quick Restart","Rare Cards Sparkle","Relic Stats","StSLib"],"gold_per_floor":[99,99,12,12,12,12,12,12,12,12,0,0,0,0,0,0,0,0,0,0,0,0,0,0,0,0,0,0,0,0,0,0,0,0,0,0,0,0,0],"floor_reached":38,"playtime":1452,"items_purged":[],"score":507,"play_id":"cb24f024-d408-4611-9822-d09ba5df7e55","local_time":"20201229012753","is_ascension_mode":true,"campfire_choices":[{"floor":8,"key":"REST"},{"floor":15,"key":"REST"},{"floor":23,"key":"REST"},{"floor":25,"key":"REST"},{"data":"Neutralize","floor":27,"key":"SMITH"},{"floor":32,"key":"REST"}],"circlet_count":0,"master_deck":["Strike_G","Strike_G","Defend_G","Defend_G","Defend_G","Defend_G","Defend_G","Survivor","Neutralize+1","Backflip","Noxious Fumes","Bane","Escape Plan","All Out Attack","Footwork","Footwork","Expertise","Dagger Spray","Night Terror","PiercingWail","Dash","Backflip","Glass Knife","Caltrops","Well Laid Plans+1"],"relics":["Ectoplasm","Blood Vial","Toy Ornithopter","Vajra","Empty Cage","Bronze Scales","Busted Crown"],"acts_visited":["Exordium","TheCity","TheBeyond"],"potions_floor_usage":[6,7,16,16,18,33,35,38],"damage_taken":[{"damage":2,"enemies":"Cultist","floor":1,"turns":4},{"damage":0,"enemies":"Small Slimes","floor":2,"turns":3},{"damage":0,"enemies":"Jaw Worm","floor":5,"turns":5},{"damage":38,"enemies":"Gremlin Nob","floor":6,"turns":5},{"damage":5,"enemies":"Red Slaver","floor":7,"turns":3},{"damage":16,"enemies":"Lagavulin","floor":10,"turns":9},{"damage":23,"enemies":"Exordium Thugs","floor":11,"turns":6},{"damage":0,"enemies":"2 Fungi Beasts","floor":12,"turns":4},{"damage":0,"enemies":"Looter","floor":13,"turns":2},{"damage":0,"enemies":"Red Slaver","floor":14,"turns":5},{"damage":16,"enemies":"Hexaghost","floor":16,"turns":10},{"damage":3,"enemies":"3 Byrds","floor":18,"turns":6},{"damage":29,"enemies":"Chosen","floor":21,"turns":6},{"damage":20,"enemies":"Centurion and Healer","floor":24,"turns":11},{"damage":0,"enemies":"Snake Plant","floor":29,"turns":5},{"damage":25,"enemies":"3 Cultists","floor":30,"turns":5},{"damage":67,"enemies":"Automaton","floor":33,"turns":19},{"damage":0,"enemies":"Orb Walker","floor":35,"turns":5},{"damage":28,"enemies":"3 Darklings","floor":37,"turns":6},{"damage":44,"enemies":"Transient","floor":38,"turns":4}],"seed_played":"-3084382823283151811","potions_obtained":[{"floor":2,"key":"LiquidMemories"},{"floor":6,"key":"ColorlessPotion"},{"floor":12,"key":"Energy Potion"},{"floor":13,"key":"SkillPotion"},{"floor":14,"key":"PowerPotion"},{"floor":24,"key":"SpeedPotion"},{"floor":33,"key":"Swift Potion"},{"floor":35,"key":"EssenceOfSteel"}],"is_trial":false,"path_per_floor":["M","M","$","$","M","E","M","R","T","E","M","M","M","M","R","B",null,"M","?","?","M","$","R","M","R","T","R","$","M","M","?","R","B",null,"M","?","M","M"],"character_chosen":"THE_SILENT","items_purchased":["Bane","Escape Plan"],"campfire_rested":5,"item_purchase_floors":[3,3],"current_hp_per_floor":[61,61,61,61,61,23,20,41,41,27,6,8,10,12,33,29,60,64,64,64,37,37,58,40,61,61,61,61,63,40,40,61,1,53,60,60,34,0,0],"gold":0,"neow_bonus":"BOSS_RELIC","is_daily":false,"chose_seed":false,"campfire_upgraded":1,"win_rate":0.0,"timestamp":1609223273,"path_taken":["M","M","?","$","M","E","M","R","T","E","M","M","M","M","R","BOSS","M","?","?","?","?","R","M","R","T","R","$","M","?","?","R","BOSS","M","?","M","?"],"items_purchased_type":["Card","Card"],"build_version":"2020-12-22","purchased_purges":0,"victory":false,"max_hp_per_floor":[70,70,70,70,70,70,70,70,70,70,70,70,70,70,70,70,70,70,70,70,70,70,70,70,70,70,70,70,70,70,70,70,70,70,70,70,70,70,70],"relic_stats":{"Blood Vial":32,"Busted Crown":4,"counters":[20,123],"Bronze Scales":[144],"Ectoplasm":642,"obtain_stats":[{"Blood Vial":6,"Busted Crown":34,"Bronze Scales":26,"Vajra":10,"Ectoplasm":0,"Empty Cage":17,"Toy Ornithopter":9,"Ring of the Snake":0},{"Blood Vial":4,"Busted Crown":17,"Bronze Scales":14,"Vajra":6,"Ectoplasm":0,"Empty Cage":11,"Toy Ornithopter":5,"Ring of the Snake":0},{"Blood Vial":17,"Busted Crown":108,"Bronze Scales":79,"Vajra":29,"Ectoplasm":0,"Empty Cage":56,"Toy Ornithopter":20,"Ring of the Snake":0}],"Toy Ornithopter":30},"card_choices":[{"not_picked":["Bane","Quick Slash"],"picked":"Backflip","floor":1},{"not_picked":["Skewer","Flying Knee"],"picked":"Noxious Fumes","floor":2},{"not_picked":["Backflip","Blade Dance"],"picked":"All Out Attack","floor":5},{"not_picked":["Backflip","Unload"],"picked":"Footwork","floor":6},{"not_picked":["Dodge and Roll","Slice","Flying Knee"],"picked":"SKIP","floor":7},{"not_picked":["Doppelganger","Choke"],"picked":"Footwork","floor":10},{"not_picked":["Underhanded Strike","Slice"],"picked":"Expertise","floor":11},{"not_picked":["Dodge and Roll","Escape Plan","Slice"],"picked":"SKIP","floor":12},{"not_picked":["All Out Attack","Flying Knee"],"picked":"Dagger Spray","floor":13},{"not_picked":["Masterful Stab","Quick Slash","Sucker Punch"],"picked":"SKIP","floor":14},{"not_picked":["Glass Knife","Phantasmal Killer"],"picked":"Night Terror","floor":16},{"not_picked":["Tactician+1","Flying Knee+1","Quick Slash+1"],"picked":"SKIP","floor":18},{"not_picked":["Footwork","Bane"],"picked":"PiercingWail","floor":21},{"not_picked":["Poisoned Stab","Flying Knee"],"picked":"Dash","floor":24},{"not_picked":["Prepared","Flying Knee","Dash"],"picked":"SKIP","floor":29},{"not_picked":["Cloak And Dagger","Slice"],"picked":"Backflip","floor":30},{"not_picked":["Bullet Time","Doppelganger"],"picked":"Glass Knife","floor":33},{"not_picked":[],"picked":"Caltrops","floor":35},{"not_picked":[],"picked":"Well Laid Plans+1","floor":37}],"player_experience":431614,"relics_obtained":[{"floor":6,"key":"Blood Vial"},{"floor":9,"key":"Toy Ornithopter"},{"floor":10,"key":"Vajra"},{"floor":26,"key":"Bronze Scales"}],"event_choices":[{"damage_healed":0,"gold_gain":0,"player_choice":"Ignored","damage_taken":0,"max_hp_gain":0,"max_hp_loss":0,"event_name":"Ghosts","floor":19,"gold_loss":0},{"damage_healed":0,"gold_gain":100,"player_choice":"Pray","damage_taken":0,"max_hp_gain":0,"max_hp_loss":0,"event_name":"Golden Shrine","floor":20,"gold_loss":0},{"cards_removed":["Strike_G"],"damage_healed":0,"gold_gain":0,"player_choice":"Elegance","damage_taken":0,"max_hp_gain":0,"max_hp_loss":0,"event_name":"Back to Basics","floor":31,"gold_loss":0},{"damage_healed":0,"gold_gain":0,"player_choice":"Ignored","damage_taken":0,"max_hp_gain":0,"max_hp_loss":0,"event_name":"Golden Shrine","floor":36,"gold_loss":0}],"is_beta":false,"boss_relics":[{"not_picked":["Snecko Eye","Velvet Choker"],"picked":"Empty Cage"},{"not_picked":["Cursed Key","Coffee Dripper"],"picked":"Busted Crown"}],"items_purged_floors":[],"is_endless":false,"potions_floor_spawned":[2,6,12,13,14,24,33,35],"killed_by":"Transient","ascension_level":6}}