{"host":"no0bdlpxzp7bzzks","time":1609212285,"event":{"mods":["BaseMod","Better Match","Block Reminder","Colored Map","Curses Come First","DeckTracker","Filter the Spire","Highlight Path","Key Reminder","Minty Spire (QoL Compilation)","Permanent Neow","Relic Sorter","Relic Stats","StSLib","The Saiyan"],"gold_per_floor":[90,40,53,73,87,114,114,146,171,183,183,200,226,237,237,335,335,348,348,358,358,358],"floor_reached":21,"playtime":9691,"items_purged":[],"score":238,"play_id":"916f9817-4c5f-46f1-9953-8657eb1ffae0","local_time":"20201228212445","is_ascension_mode":true,"campfire_choices":[{"floor":7.0,"key":"REST"},{"floor":11.0,"key":"REST"},{"floor":15.0,"key":"REST"}],"circlet_count":0,"master_deck":["Saiyan:SAIYA_Strike","Saiyan:SAIYA_Strike","Saiyan:SAIYA_Strike","Saiyan:SAIYA_Strike","Saiyan:SAIYA_Defend","Saiyan:SAIYA_Defend","Saiyan:SAIYA_Defend","Saiyan:EnergyBlast","Saiyan:KaioKen","Saiyan:RuthlessBlow","Saiyan:SenzuBean","Saiyan:Pacing","Saiyan:Quickening","Saiyan:KameHameHa","Saiyan:CCCapsule","Saiyan:Quickening","Saiyan:CCCapsule","Saiyan:ThirstForFight","Saiyan:PowerUp","Saiyan:Expend","Saiyan:Pacing","Saiyan:HyperTimeChamber","Saiyan:BurningSoul","Saiyan:Rekindle","Saiyan:PowerUp"],"relics":["SaiyanSoul","SaiyanHeart","Tiny Chest","Bronze Scales","Potion Belt","Dream Catcher","Omamori","Pen Nib","Smiling Mask","keyreminder:keyreminder","Anchor","Juzu Bracelet","Coffee Dripper"],"acts_visited":["Exordium","TheCity"],"potions_floor_usage":[20,21],"damage_taken":[{"damage":0.0,"enemies":"Small Slimes","floor":1.0,"turns":8.0},{"damage":13.0,"enemies":"2 Louse","floor":3.0,"turns":6.0},{"damage":5.0,"enemies":"Jaw Worm","floor":4.0,"turns":7.0},{"damage":3.0,"enemies":"Exordium Wildlife","floor":5.0,"turns":7.0},{"damage":13.0,"enemies":"Gremlin Nob","floor":6.0,"turns":4.0},{"damage":18.0,"enemies":"3 Sentries","floor":8.0,"turns":13.0},{"damage":11.0,"enemies":"Large Slime","floor":10.0,"turns":5.0},{"damage":6.0,"enemies":"Looter","floor":12.0,"turns":2.0},{"damage":13.0,"enemies":"Lagavulin","floor":13.0,"turns":8.0},{"damage":12.0,"enemies":"2 Fungi Beasts","floor":14.0,"turns":7.0},{"damage":19,"enemies":"Slime Boss","floor":16,"turns":12},{"damage":9,"enemies":"3 Byrds","floor":18,"turns":5},{"damage":30,"enemies":"2 Thieves","floor":20,"turns":5},{"damage":42,"enemies":"Snake Plant","floor":21,"turns":9}],"seed_played":"-5491495492926284037","potions_obtained":[{"floor":1.0,"key":"Weak Potion"},{"floor":3.0,"key":"EssenceOfSteel"},{"floor":6.0,"key":"LiquidMemories"},{"floor":12.0,"key":"DuplicationPotion"},{"floor":18,"key":"LiquidBronze"},{"floor":20,"key":"LiquidBronze"}],"is_trial":false,"path_per_floor":["M","?","M","M","M","E","R","E","T","M","R","M","E","M","R","B",null,"M","?","M","M"],"character_chosen":"SAIYAJIN","items_purchased":[],"campfire_rested":3,"item_purchase_floors":[],"current_hp_per_floor":[46,46,34,30,29,17,37,20,20,11,32,27,15,5,27,9,77,70,70,41,0,0],"gold":358,"neow_bonus":"THREE_RARE_CARDS","is_daily":false,"chose_seed":false,"campfire_upgraded":0,"win_rate":0.0,"timestamp":1609212285,"path_taken":["M","?","M","M","M","E","R","E","T","M","R","M","E","M","R","BOSS","M","?","M","M"],"items_purchased_type":[],"build_version":"2020-12-22","purchased_purges":0,"victory":false,"max_hp_per_floor":[64,64,65,66,68,69,69,70,70,72,72,73,74,76,76,77,77,79,79,80,81,81],"relic_stats":{"Dream Catcher":3,"counters":[14,98],"Bronze Scales":[180],"Tiny Chest":0,"Pen Nib":[6],"Juzu Bracelet":0,"Smiling Mask":0,"obtain_stats":[{"Potion Belt":4,"Pen Nib":8,"SaiyanHeart":0,"Omamori":6,"Juzu Bracelet":14,"Smiling Mask":8,"keyreminder:keyreminder":9,"Dream Catcher":5,"Anchor":13,"Bronze Scales":3,"SaiyanSoul":0,"Tiny Chest":1,"Coffee Dripper":17},{"Potion Belt":3,"Pen Nib":6,"SaiyanHeart":0,"Omamori":5,"Juzu Bracelet":10,"Smiling Mask":6,"keyreminder:keyreminder":6,"Dream Catcher":4,"Anchor":9,"Bronze Scales":2,"SaiyanSoul":0,"Tiny Chest":1,"Coffee Dripper":11},{"Potion Belt":21,"Pen Nib":45,"SaiyanHeart":0,"Omamori":32,"Juzu Bracelet":67,"Smiling Mask":45,"keyreminder:keyreminder":45,"Dream Catcher":28,"Anchor":60,"Bronze Scales":14,"SaiyanSoul":0,"Tiny Chest":8,"Coffee Dripper":79}]},"card_choices":[{"not_picked":["Saiyan:SuperSaiyanThree","Saiyan:MonkeyTail"],"picked":"Saiyan:SenzuBean","floor":0.0},{"not_picked":["Saiyan:Medicine","Saiyan:DoubleMasenko"],"picked":"Saiyan:Pacing","floor":1.0},{"not_picked":["Saiyan:PressOn","Saiyan:Scouter"],"picked":"Saiyan:Quickening","floor":3.0},{"not_picked":["Saiyan:RemoveWeights","Saiyan:Scouter"],"picked":"Saiyan:KameHameHa","floor":4.0},{"not_picked":["Saiyan:DragonFist","Saiyan:BackAttack"],"picked":"Saiyan:CCCapsule","floor":5.0},{"not_picked":["Saiyan:PressOn","Saiyan:BackAttack","Saiyan:Twize"],"picked":"SKIP","floor":6.0},{"not_picked":["Saiyan:PlotArmor","Saiyan:Teleport"],"picked":"Saiyan:Quickening","floor":7.0},{"not_picked":["Saiyan:ExpandingShockwave","Saiyan:Overexert"],"picked":"Saiyan:CCCapsule","floor":8.0},{"not_picked":["Saiyan:SaiyanHubris","Saiyan:Expend"],"picked":"Saiyan:ThirstForFight","floor":10.0},{"not_picked":["Saiyan:Planning","Saiyan:Furor"],"picked":"Saiyan:PowerUp","floor":11.0},{"not_picked":["Saiyan:RemoveWeights","Saiyan:BigBangAttack"],"picked":"Saiyan:Expend","floor":12.0},{"not_picked":["Saiyan:SpiritSword","Saiyan:ReverberatingForce"],"picked":"Saiyan:Pacing","floor":13.0},{"not_picked":["Saiyan:WarmUp","Saiyan:FingerParry"],"picked":"Saiyan:HyperTimeChamber","floor":14.0},{"not_picked":["Saiyan:Scouter","Saiyan:Endure"],"picked":"Saiyan:BurningSoul","floor":15.0},{"not_picked":["Saiyan:HyperTimeChamber","Saiyan:GenkiDama"],"picked":"Saiyan:Rekindle","floor":16},{"not_picked":["Saiyan:SaiyanHubris+1","Saiyan:BigBangAttack"],"picked":"Saiyan:PowerUp","floor":18},{"not_picked":["Saiyan:ThirstForFight","Saiyan:SpiritSword+1","Saiyan:Kienzan+1"],"picked":"SKIP","floor":20}],"player_experience":79295,"relics_obtained":[{"floor":1.0,"key":"Tiny Chest"},{"floor":3.0,"key":"Bronze Scales"},{"floor":4.0,"key":"Potion Belt"},{"floor":5.0,"key":"Dream Catcher"},{"floor":6.0,"key":"Omamori"},{"floor":8.0,"key":"Pen Nib"},{"floor":8.0,"key":"Smiling Mask"},{"floor":13.0,"key":"Anchor"},{"floor":14.0,"key":"Juzu Bracelet"}],"event_choices":[{"cards_removed":["Saiyan:SAIYA_Defend"],"damage_healed":0.0,"max_hp_gain":0.0,"max_hp_loss":0.0,"gold_gain":0.0,"event_name":"The Cleric","player_choice":"Card Removal","floor":2.0,"gold_loss":50.0,"damage_taken":0.0},{"damage_healed":0,"gold_gain":0,"player_choice":"Ignored","damage_taken":0,"max_hp_gain":0,"max_hp_loss":0,"event_name":"Ghosts","floor":19,"gold_loss":0}],"is_beta":false,"boss_relics":[{"not_picked":["Tiny House","Snecko Eye"],"picked":"Coffee Dripper"}],"items_purged_floors":[],"is_endless":false,"potions_floor_spawned":[1,3,6,12,18,20],"killed_by":"Snake Plant","ascension_level":1}}