{"host":"uflv0e3ja7hvnij7","time":1609208548,"event":{"mods":["BaseMod","Better Altar","Better Match","Better Note","Better Sensory Stone","Better Skull","Better Third Choice","Minty Spire (QoL Compilation)","Permanent Neow","StSLib"],"gold_per_floor":[113,131,143,218,393,393,23,23,46,46,65,65,65,81,81,81,81],"floor_reached":16,"playtime":588,"items_purged":["Doubt"],"score":117,"play_id":"9c2c7432-d9a8-4266-bab0-04587326de08","local_time":"20201228212228","is_ascension_mode":true,"campfire_choices":[{"data":"Panacea","floor":6,"key":"SMITH"},{"data":"Infernal Blade","floor":10,"key":"SMITH"},{"data":"Berserk","floor":12,"key":"SMITH"},{"data":"Bash","floor":15,"key":"SMITH"}],"circlet_count":0,"master_deck":["Strike_R","Strike_R","Strike_R","Strike_R","Strike_R","Defend_R","Defend_R","Defend_R","Defend_R","Bash+1","Panacea+1","Shockwave","Flame Barrier","Infernal Blade+1","Berserk+1"],"relics":["Burning Blood","Strange Spoon","Tiny Chest","Anchor","Ancient Tea Set"],"acts_visited":["Exordium"],"potions_floor_usage":[],"damage_taken":[{"damage":1,"enemies":"Small Slimes","floor":1,"turns":4},{"damage":7,"enemies":"Jaw Worm","floor":2,"turns":4},{"damage":6,"enemies":"Cultist","floor":3,"turns":4},{"damage":5,"enemies":"3 Louse","floor":11,"turns":3},{"damage":12,"enemies":"Large Slime","floor":14,"turns":7},{"damage":6,"enemies":"Slime Boss","floor":16,"turns":4}],"seed_played":"7162758955175428325","potions_obtained":[{"floor":1,"key":"FairyPotion"},{"floor":3,"key":"ColorlessPotion"},{"floor":14,"key":"Swift Potion"}],"is_trial":false,"path_per_floor":["M","M","M","?","?","R","$","?","T","R","M","R","?","M","R","B"],"character_chosen":"IRONCLAD","items_purchased":["Strange Spoon","Tiny Chest"],"campfire_rested":0,"item_purchase_floors":[7,7],"current_hp_per_floor":[77,76,76,65,65,65,65,70,70,70,71,71,71,65,65,59,59],"gold":81,"neow_bonus":"RANDOM_COLORLESS","is_daily":false,"chose_seed":false,"campfire_upgraded":4,"win_rate":0.0,"timestamp":1609208548,"path_taken":["M","M","M","?","?","R","?","?","T","R","M","R","?","M","R","BOSS"],"items_purchased_type":["Relic","Relic"],"build_version":"2020-12-22","purchased_purges":1,"victory":false,"max_hp_per_floor":[80,80,80,80,80,80,80,85,85,85,85,85,85,85,85,85,85],"card_choices":[{"not_picked":["Dramatic Entrance","Mind Blast"],"picked":"Panacea","floor":0},{"not_picked":["Pummel","Intimidate"],"picked":"Shockwave","floor":1},{"not_picked":["Perfected Strike","Twin Strike"],"picked":"Flame Barrier","floor":2},{"not_picked":["Flex","Iron Wave"],"picked":"Infernal Blade","floor":3},{"not_picked":["Wild Strike","Sword Boomerang"],"picked":"Berserk","floor":11},{"not_picked":["Thunderclap","Sword Boomerang","Headbutt"],"picked":"SKIP","floor":14}],"player_experience":432223,"relics_obtained":[{"floor":9,"key":"Anchor"}],"event_choices":[{"damage_healed":0,"gold_gain":75,"player_choice":"Gold","damage_taken":11,"max_hp_gain":0,"max_hp_loss":0,"event_name":"betterThird:BetterGoop","floor":4,"gold_loss":0},{"damage_healed":0,"gold_gain":175,"player_choice":"AGREE","damage_taken":218,"max_hp_gain":0,"max_hp_loss":0,"event_name":"betterThird:BetterSerpent","floor":5,"gold_loss":0},{"damage_healed":0,"gold_gain":0,"player_choice":"Donut","damage_taken":0,"max_hp_gain":5,"max_hp_loss":0,"event_name":"Big Fish","floor":8,"gold_loss":0},{"damage_healed":0,"gold_gain":0,"player_choice":"Gave Potion","damage_taken":0,"relics_obtained":["Ancient Tea Set"],"max_hp_gain":0,"max_hp_loss":0,"event_name":"WeMeetAgain","floor":13,"gold_loss":0}],"is_beta":false,"boss_relics":[],"items_purged_floors":[7],"is_endless":false,"potions_floor_spawned":[1,3,14],"killed_by":"Slime Boss","ascension_level":6}}