{"host":"x1qj4d8ympd5jdqh","time":1609231454,"event":{"mods":["AchievementEnabler","AlwaysNeverKeys","BaseMod","Colored Map","Custom Start","DeckTracker","Highlight Path","Minty Spire (QoL Compilation)","StSLib","SuperFastMode"],"gold_per_floor":[211,221,240,165,175,175,195,195,249,174,194,208,108,138,138,213,213,225,243,255,20,20,20,20],"floor_reached":23,"playtime":771,"items_purged":["Strike_G","Strike_G","Defend_G"],"score":390,"play_id":"b44f0634-56e4-4b73-882a-025840ef48d7","local_time":"20201229174414","is_ascension_mode":true,"campfire_choices":[{"data":"Eviscerate","floor":6.0,"key":"SMITH"},{"data":"Dash","floor":8.0,"key":"SMITH"},{"data":"Dagger Spray","floor":15,"key":"SMITH"}],"circlet_count":0,"master_deck":["AscendersBane","Strike_G","Strike_G","Defend_G","Defend_G","Defend_G","Defend_G","Survivor","Neutralize","Dash+1","Dagger Throw","Eviscerate+1","Accuracy","Dagger Spray+1","Glass Knife","CurseOfTheBell","Escape Plan","Cloak And Dagger"],"relics":["Ring of the Snake","Strawberry","Gremlin Horn","Calling Bell","Juzu Bracelet","Shuriken","Thread and Needle"],"acts_visited":["Exordium","TheCity"],"potions_floor_usage":[14,14,14,16,16,20],"damage_taken":[{"damage":2.0,"enemies":"Jaw Worm","floor":1.0,"turns":7.0},{"damage":0.0,"enemies":"Cultist","floor":2.0,"turns":4.0},{"damage":12.0,"enemies":"Small Slimes","floor":3.0,"turns":5.0},{"damage":7.0,"enemies":"2 Fungi Beasts","floor":5.0,"turns":5.0},{"damage":0.0,"enemies":"Looter","floor":7.0,"turns":3.0},{"damage":9.0,"enemies":"Blue Slaver","floor":11.0,"turns":5.0},{"damage":1.0,"enemies":"3 Louse","floor":12.0,"turns":5.0},{"damage":20,"enemies":"Lagavulin","floor":14,"turns":7},{"damage":26,"enemies":"Slime Boss","floor":16,"turns":9},{"damage":0,"enemies":"Shell Parasite","floor":18,"turns":6},{"damage":2,"enemies":"3 Byrds","floor":19,"turns":4},{"damage":17,"enemies":"Snake Plant","floor":20,"turns":7},{"damage":0,"enemies":"Slavers","floor":23,"turns":1}],"seed_played":"8225138055749698694","potions_obtained":[{"floor":2.0,"key":"SteroidPotion"},{"floor":3.0,"key":"Dexterity Potion"},{"floor":11.0,"key":"EntropicBrew"},{"floor":14,"key":"SteroidPotion"},{"floor":19,"key":"Weak Potion"}],"is_trial":false,"path_per_floor":["M","M","M","?","M","R","M","R","T","$","M","M","$","E","R","B",null,"M","M","M","$","?","E"],"character_chosen":"THE_SILENT","items_purchased":["Cloak And Dagger","Fire Potion"],"campfire_rested":0,"item_purchase_floors":[21,21],"current_hp_per_floor":[57,57,45,45,38,38,38,38,45,45,36,35,35,29,29,3,56,56,54,37,37,37,37,37],"gold":20,"neow_bonus":"HUNDRED_GOLD","is_daily":false,"chose_seed":false,"campfire_upgraded":3,"win_rate":0.0,"timestamp":1609231454,"path_taken":["M","M","M","?","M","R","M","R","T","$","M","M","$","E","R","BOSS","M","M","M","$","?","E"],"items_purchased_type":["Card","Potion"],"build_version":"2020-12-22","purchased_purges":3,"victory":false,"max_hp_per_floor":[66,66,66,66,66,66,66,66,73,73,73,73,73,73,73,73,73,73,73,73,73,73,73,73],"card_choices":[{"not_picked":["Deadly Poison","Flying Knee"],"picked":"Dash","floor":1.0},{"not_picked":["Flying Knee","Deadly Poison"],"picked":"Dagger Throw","floor":2.0},{"not_picked":["Dodge and Roll","Backflip","Deadly Poison"],"picked":"SKIP","floor":3.0},{"not_picked":["Deadly Poison","Backflip"],"picked":"Eviscerate","floor":5.0},{"not_picked":["Bane","Poisoned Stab"],"picked":"Accuracy","floor":7.0},{"not_picked":["Acrobatics","Slice","Choke"],"picked":"SKIP","floor":11.0},{"not_picked":["Sucker Punch","Infinite Blades","Deadly Poison"],"picked":"SKIP","floor":12.0},{"not_picked":["Choke","Caltrops"],"picked":"Dagger Spray","floor":14},{"not_picked":["Wraith Form v2","A Thousand Cuts"],"picked":"Glass Knife","floor":16},{"not_picked":["Accuracy","Heel Hook","Poisoned Stab"],"picked":"SKIP","floor":18},{"not_picked":["Quick Slash+1","Deadly Poison"],"picked":"Escape Plan","floor":19},{"not_picked":["Acrobatics","Deadly Poison","Quick Slash+1"],"picked":"SKIP","floor":20}],"player_experience":1286403,"relics_obtained":[{"floor":9.0,"key":"Strawberry"},{"floor":14,"key":"Gremlin Horn"},{"floor":17,"key":"Juzu Bracelet"},{"floor":17,"key":"Shuriken"},{"floor":17,"key":"Thread and Needle"}],"event_choices":[{"cards_removed":["Strike_G"],"damage_healed":0.0,"max_hp_gain":0.0,"max_hp_loss":0.0,"gold_gain":0.0,"event_name":"The Cleric","player_choice":"Card Removal","floor":4.0,"gold_loss":75.0,"damage_taken":0.0}],"is_beta":false,"boss_relics":[{"not_picked":["Velvet Choker","Runic Dome"],"picked":"Calling Bell"}],"items_purged_floors":[10,13,21],"is_endless":false,"potions_floor_spawned":[2,3,11,14,19],"killed_by":"Slavers","ascension_level":20}}