{"host":"lpcxcvdszk9zyesf","time":1609257449,"event":{"mods":["BaseMod","Better Third Choice","BetterRewards","Minty Spire (QoL Compilation)","Rare Cards Sparkle","Relic Stats","Say the Spire","Spicy Shops","StSLib"],"gold_per_floor":[112,112,112,0,11,46,46,81,81,111,111,122,135,145,145,247,247,261,261,276,87,137,137,187,201,201,266,266,284,295,255,255,355,355,367,428,478,135,0,28,78,78,78,142,142,157,168,178,178,178,178],"floor_reached":50,"playtime":1998,"items_purged":["Strike_R","Strike_R"],"score":1041,"play_id":"37f44b09-601c-4209-8e0f-41e0ea714cff","local_time":"20201229235729","is_ascension_mode":true,"campfire_choices":[{"floor":7.0,"key":"REST"},{"floor":11.0,"key":"REST"},{"data":"The Bomb","floor":15.0,"key":"SMITH"},{"data":"Double Tap","floor":23.0,"key":"SMITH"},{"floor":28.0,"key":"REST"},{"data":"Whirlwind","floor":32.0,"key":"SMITH"},{"floor":42.0,"key":"REST"},{"floor":45.0,"key":"REST"},{"floor":49.0,"key":"REST"}],"circlet_count":0,"master_deck":["AscendersBane","Strike_R","Strike_R","Defend_R","Defend_R","Defend_R","Defend_R","Bash","Limit Break+1","The Bomb+1","Evolve","Spot Weakness","Shrug It Off","Burning Pact","Feed","Disarm","Whirlwind+1","Intimidate","Double Tap+1","Rampage+1","Blood for Blood+1","Necronomicurse","Bloodletting","Rupture","Headbutt+1","Juggernaut","Seeing Red+1","Metallicize+1","Madness","Madness","Madness","Anger+1","Disarm+1","Sword Boomerang+1","Parasite"],"relics":["Burning Blood","TungstenRod","HandDrill","Kunai","Anchor","Pantograph","Bag of Preparation","Philosopher\u0027s Stone","SsserpentHead","Potion Belt","CaptainsWheel","Necronomicon","HornCleat","Mark of Pain","Strawberry","Red Mask","Gremlin Horn","Bottled Flame"],"acts_visited":["Exordium","TheCity","TheBeyond"],"potions_floor_usage":[50,50,50],"damage_taken":[{"damage":11.0,"enemies":"Small Slimes","floor":1.0,"turns":3.0},{"damage":7.0,"enemies":"2 Louse","floor":5.0,"turns":5.0},{"damage":28.0,"enemies":"Gremlin Nob","floor":6.0,"turns":4.0},{"damage":12.0,"enemies":"Lagavulin","floor":8.0,"turns":6.0},{"damage":6.0,"enemies":"3 Sentries","floor":10.0,"turns":3.0},{"damage":5.0,"enemies":"Cultist","floor":12.0,"turns":4.0},{"damage":12.0,"enemies":"2 Fungi Beasts","floor":13.0,"turns":5.0},{"damage":3.0,"enemies":"Exordium Thugs","floor":14.0,"turns":3.0},{"damage":46.0,"enemies":"Slime Boss","floor":16.0,"turns":7.0},{"damage":22.0,"enemies":"2 Thieves","floor":18.0,"turns":4.0},{"damage":12.0,"enemies":"3 Byrds","floor":20.0,"turns":4.0},{"damage":21.0,"enemies":"Sentry and Sphere","floor":25.0,"turns":5.0},{"damage":2.0,"enemies":"3 Cultists","floor":27.0,"turns":2.0},{"damage":0.0,"enemies":"Chosen and Byrds","floor":29.0,"turns":3.0},{"damage":16.0,"enemies":"Snake Plant","floor":30.0,"turns":4.0},{"damage":56.0,"enemies":"Collector","floor":33.0,"turns":6.0},{"damage":17.0,"enemies":"3 Shapes","floor":35.0,"turns":3.0},{"damage":4.0,"enemies":"Orb Walker","floor":36.0,"turns":2.0},{"damage":44.0,"enemies":"Reptomancer","floor":40.0,"turns":6.0},{"damage":16.0,"enemies":"4 Shapes","floor":44.0,"turns":4.0},{"damage":8.0,"enemies":"Sphere and 2 Shapes","floor":46.0,"turns":5.0},{"damage":21.0,"enemies":"Spire Growth","floor":47.0,"turns":4.0},{"damage":13.0,"enemies":"Writhing Mass","floor":48.0,"turns":6.0},{"damage":98,"enemies":"Awakened One","floor":50,"turns":8}],"seed_played":"8284565725697520449","potions_obtained":[{"floor":6.0,"key":"DistilledChaos"},{"floor":10.0,"key":"Energy Potion"},{"floor":13.0,"key":"Weak Potion"},{"floor":20.0,"key":"LiquidMemories"},{"floor":25.0,"key":"Strength Potion"},{"floor":29.0,"key":"Ancient Potion"},{"floor":33.0,"key":"FearPotion"},{"floor":35.0,"key":"SkillPotion"},{"floor":47.0,"key":"Dexterity Potion"}],"is_trial":false,"path_per_floor":["M","?","?","$","M","E","R","E","T","E","R","M","M","M","R","B",null,"M","?","M","$","?","R","?","M","T","M","R","M","M","?","R","B",null,"M","M","?","$","?","E","T","R","T","M","R","M","M","M","R","B"],"character_chosen":"IRONCLAD","items_purchased":["Limit Break","The Bomb","TungstenRod","HandDrill","Evolve","Potion Belt","CaptainsWheel","Strawberry","Madness"],"campfire_rested":6,"item_purchase_floors":[0,0,0,0,4,21,21,38,38],"current_hp_per_floor":[67,61,61,61,60,38,62,56,56,56,80,80,74,80,80,43,73,60,60,54,54,82,82,70,55,55,59,84,86,76,76,76,36,74,63,65,55,62,62,24,24,51,51,41,68,66,51,47,75,0,0],"gold":178,"neow_bonus":"","is_daily":false,"chose_seed":false,"campfire_upgraded":3,"win_rate":0.0,"timestamp":1609257449,"path_taken":["M","?","?","$","M","E","R","E","T","E","R","M","?","M","R","BOSS","M","?","M","?","?","R","?","M","T","?","R","M","M","?","R","BOSS","M","?","?","$","?","E","?","R","T","?","R","M","M","M","R","BOSS"],"items_purchased_type":["Card","Card","Relic","Relic","Card","Relic","Relic","Relic","Card"],"build_version":"2020-12-22","purchased_purges":2,"victory":false,"max_hp_per_floor":[80,80,80,80,80,80,80,80,80,80,80,80,80,83,83,83,83,86,86,86,86,86,86,86,86,86,86,86,86,86,86,86,86,86,86,86,86,93,93,93,93,93,93,93,93,93,93,96,96,96,96],"relic_stats":{"SsserpentHead":500,"Gremlin Horn":[7,7],"counters":[45,200],"Pantograph":34,"HandDrill":[32],"Bag of Preparation":[38],"Necronomicon":[28],"Kunai":[21],"obtain_stats":[{"Regal Pillow":11,"Gremlin Horn":40,"Bag of Preparation":10,"Smiling Mask":7,"Burning Blood":0,"SsserpentHead":19,"Centennial Puzzle":29,"HornCleat":26,"Pantograph":10,"Strawberry":38,"Philosopher\u0027s Stone":17,"Fusion Hammer":17,"Red Mask":21,"HandDrill":0,"Necronomicon":24,"Kunai":6,"Runic Cube":17,"Potion Belt":21,"NeowsBlessing":0,"Golden Idol":3,"Thread and Needle":3,"PreservedInsect":0,"War Paint":19,"Question Card":9,"Akabeko":9,"Anchor":8,"CaptainsWheel":21,"Bottled Flame":41,"Mark of Pain":34,"TungstenRod":0},{"Regal Pillow":3,"Gremlin Horn":40,"Bag of Preparation":26,"Smiling Mask":3,"Burning Blood":0,"SsserpentHead":31,"Centennial Puzzle":20,"HornCleat":33,"Pantograph":3,"Strawberry":39,"Philosopher\u0027s Stone":30,"Fusion Hammer":5,"Red Mask":16,"HandDrill":21,"Necronomicon":32,"Kunai":24,"Runic Cube":14,"Potion Belt":32,"NeowsBlessing":0,"Golden Idol":1,"Thread and Needle":8,"PreservedInsect":7,"War Paint":15,"Question Card":3,"Akabeko":11,"Anchor":25,"CaptainsWheel":32,"Bottled Flame":40,"Mark of Pain":37,"TungstenRod":21},{"Regal Pillow":3,"Gremlin Horn":173,"Bag of Preparation":115,"Smiling Mask":3,"Burning Blood":0,"SsserpentHead":138,"Centennial Puzzle":91,"HornCleat":147,"Pantograph":3,"Strawberry":167,"Philosopher\u0027s Stone":134,"Fusion Hammer":24,"Red Mask":72,"HandDrill":94,"Necronomicon":142,"Kunai":106,"Runic Cube":66,"Potion Belt":142,"NeowsBlessing":0,"Golden Idol":1,"Thread and Needle":37,"PreservedInsect":33,"War Paint":68,"Question Card":3,"Akabeko":50,"Anchor":112,"CaptainsWheel":142,"Bottled Flame":173,"Mark of Pain":162,"TungstenRod":94}],"Burning Blood":245,"TungstenRod":81},"card_choices":[{"not_picked":["Combust","Havoc","Clothesline"],"picked":"SKIP","floor":1.0},{"not_picked":["Seeing Red","Rupture"],"picked":"Spot Weakness","floor":5.0},{"not_picked":["True Grit","Sword Boomerang"],"picked":"Shrug It Off","floor":6.0},{"not_picked":["Thunderclap","Anger"],"picked":"Burning Pact","floor":8.0},{"not_picked":["True Grit","Reckless Charge"],"picked":"Feed","floor":10.0},{"not_picked":["Body Slam","Cleave"],"picked":"Disarm","floor":12.0},{"not_picked":["Spot Weakness","Wild Strike"],"picked":"Whirlwind","floor":13.0},{"not_picked":["Rupture","Feel No Pain"],"picked":"Intimidate","floor":14.0},{"not_picked":["Feed","Limit Break"],"picked":"Double Tap","floor":16.0},{"not_picked":["Flex","Armaments"],"picked":"Rampage+1","floor":18.0},{"not_picked":["Havoc","True Grit"],"picked":"Blood for Blood","floor":20.0},{"not_picked":["Cleave","Rampage"],"picked":"Bloodletting","floor":25.0},{"not_picked":["Clothesline","Headbutt","Wild Strike+1"],"picked":"SKIP","floor":27.0},{"not_picked":["Clash","Carnage"],"picked":"Rupture","floor":29.0},{"not_picked":["Entrench+1","Sword Boomerang"],"picked":"Headbutt+1","floor":30.0},{"not_picked":["Immolate","Barricade"],"picked":"Juggernaut","floor":33.0},{"not_picked":["Sentinel","Second Wind"],"picked":"Seeing Red+1","floor":35.0},{"not_picked":["Warcry+1","Headbutt"],"picked":"Metallicize+1","floor":36.0},{"not_picked":["Evolve","Whirlwind+1"],"picked":"Anger+1","floor":40.0},{"not_picked":["Thunderclap","Pommel Strike","Shrug It Off+1"],"picked":"SKIP","floor":44.0},{"not_picked":["Iron Wave+1","Dropkick"],"picked":"Disarm+1","floor":46.0},{"not_picked":["Clothesline","Warcry+1"],"picked":"Sword Boomerang+1","floor":47.0},{"not_picked":["Sword Boomerang+1","Pommel Strike","Clash"],"picked":"SKIP","floor":48.0}],"player_experience":279088,"relics_obtained":[{"floor":6.0,"key":"Kunai"},{"floor":8.0,"key":"Anchor"},{"floor":9.0,"key":"Pantograph"},{"floor":10.0,"key":"Bag of Preparation"},{"floor":24.0,"key":"Necronomicon"},{"floor":26.0,"key":"HornCleat"},{"floor":40.0,"key":"Gremlin Horn"},{"floor":41.0,"key":"Bottled Flame"}],"event_choices":[{"cards_removed":["Normality"],"damage_healed":0.0,"max_hp_gain":0.0,"max_hp_loss":0.0,"gold_gain":0.0,"event_name":"Golden Wing","player_choice":"Card Removal","floor":2.0,"gold_loss":0.0,"damage_taken":7.0},{"damage_healed":0.0,"max_hp_gain":0.0,"max_hp_loss":0.0,"gold_gain":0.0,"event_name":"Accursed Blacksmith","player_choice":"Forge","floor":3.0,"gold_loss":0.0,"damage_taken":0.0,"cards_upgraded":["Limit Break"]},{"damage_healed":0.0,"max_hp_gain":0.0,"max_hp_loss":0.0,"gold_gain":0.0,"event_name":"FaceTrader","player_choice":"Trade","floor":19.0,"gold_loss":0.0,"damage_taken":0.0,"relics_obtained":["SsserpentHead"]},{"damage_healed":28.0,"max_hp_gain":0.0,"max_hp_loss":0.0,"gold_gain":0.0,"event_name":"The Library","player_choice":"Heal","floor":22.0,"gold_loss":0.0,"damage_taken":0.0},{"damage_healed":0.0,"max_hp_gain":0.0,"max_hp_loss":0.0,"gold_gain":0.0,"event_name":"Cursed Tome","player_choice":"Obtained Book","floor":24.0,"gold_loss":0.0,"damage_taken":16.0},{"cards_removed":["Strike_R"],"damage_healed":0.0,"max_hp_gain":0.0,"max_hp_loss":0.0,"gold_gain":0.0,"event_name":"Designer","player_choice":"Upgrade and Remove","floor":31.0,"gold_loss":90.0,"damage_taken":0.0,"cards_upgraded":["Blood for Blood"]},{"damage_healed":0.0,"max_hp_gain":0.0,"max_hp_loss":0.0,"gold_gain":0.0,"event_name":"Winding Halls","player_choice":"Embrace Madness","floor":37.0,"gold_loss":0.0,"damage_taken":11.0,"cards_obtained":["Madness","Madness"]},{"damage_healed":0.0,"max_hp_gain":0.0,"max_hp_loss":0.0,"gold_gain":0.0,"event_name":"Tomb of Lord Red Mask","player_choice":"Paid","floor":39.0,"gold_loss":185.0,"damage_taken":0.0,"relics_obtained":["Red Mask"]}],"is_beta":false,"boss_relics":[{"not_picked":["Cursed Key","Fusion Hammer"],"picked":"Philosopher\u0027s Stone"},{"not_picked":["Sozu","SacredBark"],"picked":"Mark of Pain"}],"items_purged_floors":[4,38],"is_endless":false,"potions_floor_spawned":[6,10,13,20,25,29,33,35,36,40,47],"killed_by":"Awakened One","ascension_level":10}}