{"host":"dcj2yvrgcvh5dl2s","time":1609219126,"event":{"mods":["BaseMod","Better Note","Block Reminder","Colored Powertips","DeckTracker","Minty Spire (QoL Compilation)","Quick Restart","Rare Cards Sparkle","Relic Stats","StSLib"],"gold_per_floor":[119,119,44,44,44,44,44,44],"floor_reached":7,"playtime":339,"items_purged":["Regret"],"score":70,"play_id":"f97a2035-e558-42f0-8145-f471fd8f10ab","local_time":"20201229151846","is_ascension_mode":true,"campfire_choices":[{"floor":6,"key":"REST"}],"circlet_count":0,"master_deck":["AscendersBane","Strike_R","Strike_R","Strike_R","Strike_R","Strike_R","Defend_R","Defend_R","Defend_R","Defend_R","Bash","Reaper","Body Slam"],"relics":["Burning Blood","Juzu Bracelet","Golden Idol"],"acts_visited":["Exordium"],"potions_floor_usage":[],"damage_taken":[{"damage":27,"enemies":"Jaw Worm","floor":1,"turns":4},{"damage":45,"enemies":"3 Sentries","floor":7,"turns":6}],"seed_played":"-1806302938018523488","potions_obtained":[{"floor":1,"key":"SteroidPotion"}],"is_trial":false,"path_per_floor":["M","?","$","?","?","R","E"],"character_chosen":"IRONCLAD","items_purchased":[],"campfire_rested":1,"item_purchase_floors":[],"current_hp_per_floor":[47,12,12,12,12,32,0,0],"gold":44,"neow_bonus":"THREE_RARE_CARDS","is_daily":false,"chose_seed":false,"campfire_upgraded":0,"win_rate":0.0,"timestamp":1609219126,"path_taken":["M","?","$","?","?","R","E"],"items_purchased_type":[],"build_version":"2020-12-22","purchased_purges":1,"victory":false,"max_hp_per_floor":[75,75,75,68,68,68,68,68],"relic_stats":{"counters":[2,10],"Golden Idol":0,"Juzu Bracelet":0,"obtain_stats":[{"Golden Idol":4,"Juzu Bracelet":2,"Burning Blood":0},{"Golden Idol":1,"Juzu Bracelet":1,"Burning Blood":0},{"Golden Idol":4,"Juzu Bracelet":4,"Burning Blood":0}],"Burning Blood":6},"card_choices":[{"not_picked":["Berserk","Exhume"],"picked":"Reaper","floor":0},{"not_picked":["Havoc","Dropkick"],"picked":"Body Slam","floor":1}],"player_experience":2099520,"relics_obtained":[],"event_choices":[{"damage_healed":0,"gold_gain":0,"player_choice":"Success","damage_taken":35,"relics_obtained":["Juzu Bracelet"],"max_hp_gain":0,"max_hp_loss":0,"event_name":"Scrap Ooze","floor":2,"gold_loss":0},{"damage_healed":0,"gold_gain":0,"player_choice":"Lose Max HP","damage_taken":0,"relics_obtained":["Golden Idol"],"max_hp_gain":0,"max_hp_loss":7,"event_name":"Golden Idol","floor":4,"gold_loss":0},{"damage_healed":0,"gold_gain":0,"player_choice":"Ignored","damage_taken":0,"max_hp_gain":0,"max_hp_loss":0,"event_name":"Liars Game","floor":5,"gold_loss":0}],"is_beta":false,"boss_relics":[],"items_purged_floors":[3],"is_endless":false,"potions_floor_spawned":[1],"killed_by":"3 Sentries","ascension_level":18}}