{"host":"gttgmv2wah99hzdm","time":1609213532,"event":{"mods":["AchievementEnabler","BaseMod","Bestiary","Block Reminder","Filter the Spire","Minty Spire (QoL Compilation)","Permanent Neow","Random Character Button","Relic Stats","ojb\u0027s Better Paths Mod","ojb\u0027s Info Mod"],"gold_per_floor":[109,121,131,131,131,131,141,141,222,255,103,129,29,57,57,135,135,155,173,173,173,88,88,116,116,116,143,155,155,188,200,200,277,277,297,14,64,79,89,89,89,115,115,146,146,164,20,20,20,20,20,20,20,20,51,51],"floor_reached":57,"playtime":6946,"items_purged":["Decay","Strike_P","Defend_P","Parasite"],"score":3168,"play_id":"de4358f0-f447-43c9-a12f-2fc3cf709f91","local_time":"20201228214532","is_ascension_mode":true,"campfire_choices":[{"data":"TalkToTheHand","floor":6.0,"key":"SMITH"},{"data":"EmptyFist","floor":8.0,"key":"SMITH"},{"data":"CrushJoints","floor":15.0,"key":"SMITH"},{"data":"Tantrum","floor":23.0,"key":"SMITH"},{"data":"FlurryOfBlows","floor":25.0,"key":"SMITH"},{"data":"SashWhip","floor":32.0,"key":"SMITH"},{"data":"MentalFortress","floor":40.0,"key":"SMITH"},{"data":"FlurryOfBlows","floor":45.0,"key":"SMITH"},{"floor":49.0,"key":"RECALL"},{"data":"Eruption","floor":53,"key":"SMITH"}],"circlet_count":0,"master_deck":["AscendersBane","Strike_P","Strike_P","Defend_P+1","Defend_P","Eruption+1","Vigilance+1","TalkToTheHand+1","Tantrum+1","BowlingBash+1","CrushJoints+1","EmptyFist+1","ClearTheMind+1","Vault+1","Blasphemy+1","Protect+1","Vault+1","FlurryOfBlows+1","FlurryOfBlows+1","WaveOfTheHand+1","Vault+1","Meditate+1","InnerPeace+1","SashWhip+1","Adaptation","EmptyMind+1","Scrawl+1","Sanctity+1","MentalFortress+1","CutThroughFate+1","ThirdEye+1","EmptyMind+1"],"relics":["Coffee Dripper","Toxic Egg 2","War Paint","Damaru","The Courier","VioletLotus","Pear","Juzu Bracelet","Bottled Lightning","Eternal Feather","TeardropLocket","TungstenRod","Cursed Key","Membership Card","Oddly Smooth Stone","Toy Ornithopter","Whetstone","Frozen Eye","Incense Burner"],"acts_visited":["Exordium","TheCity","TheBeyond","TheEnding"],"potions_floor_usage":[56],"damage_taken":[{"damage":0.0,"enemies":"Cultist","floor":1.0,"turns":2.0},{"damage":2.0,"enemies":"Jaw Worm","floor":2.0,"turns":2.0},{"damage":0.0,"enemies":"2 Louse","floor":3.0,"turns":1.0},{"damage":0.0,"enemies":"Blue Slaver","floor":7.0,"turns":3.0},{"damage":0.0,"enemies":"Lagavulin","floor":10.0,"turns":4.0},{"damage":0.0,"enemies":"Gremlin Nob","floor":12.0,"turns":2.0},{"damage":3.0,"enemies":"Lagavulin","floor":14.0,"turns":5.0},{"damage":5.0,"enemies":"The Guardian","floor":16.0,"turns":8.0},{"damage":0.0,"enemies":"Spheric Guardian","floor":18.0,"turns":4.0},{"damage":0.0,"enemies":"Chosen","floor":19.0,"turns":2.0},{"damage":18.0,"enemies":"Book of Stabbing","floor":24.0,"turns":5.0},{"damage":0.0,"enemies":"Slavers","floor":27.0,"turns":6.0},{"damage":5.0,"enemies":"Snake Plant","floor":28.0,"turns":5.0},{"damage":0.0,"enemies":"Gremlin Leader","floor":30.0,"turns":4.0},{"damage":0.0,"enemies":"Centurion and Healer","floor":31.0,"turns":4.0},{"damage":0.0,"enemies":"Champ","floor":33.0,"turns":8.0},{"damage":0.0,"enemies":"Orb Walker","floor":35.0,"turns":2.0},{"damage":0.0,"enemies":"3 Shapes","floor":38.0,"turns":8.0},{"damage":0.0,"enemies":"Writhing Mass","floor":39.0,"turns":10.0},{"damage":0.0,"enemies":"Reptomancer","floor":42.0,"turns":7.0},{"damage":28.0,"enemies":"Nemesis","floor":44.0,"turns":8.0},{"damage":1.0,"enemies":"3 Darklings","floor":46.0,"turns":4.0},{"damage":0.0,"enemies":"Awakened One","floor":50.0,"turns":9.0},{"damage":2,"enemies":"Donu and Deca","floor":51,"turns":10},{"damage":24,"enemies":"Shield and Spear","floor":55,"turns":6},{"damage":54,"enemies":"The Heart","floor":56,"turns":12}],"seed_played":"-7462468020831383721","potions_obtained":[{"floor":1.0,"key":"BottledMiracle"},{"floor":2.0,"key":"Ambrosia"},{"floor":27.0,"key":"LiquidMemories"},{"floor":35.0,"key":"Regen Potion"}],"is_trial":false,"path_per_floor":["M","M","M","?","?","R","M","R","T","E","$","E","$","E","R","B",null,"M","M","?","?","?","R","E","R","T","E","M","T","E","M","R","B",null,"M","$","?","M","M","R","?","E","T","E","R","M","$","?","R","B","B",null,"R","$","E","B",null],"character_chosen":"WATCHER","items_purchased":["Vault+1","Membership Card","MentalFortress","Oddly Smooth Stone","Frozen Eye"],"campfire_rested":0,"item_purchase_floors":[11,36,36,36,47],"current_hp_per_floor":[61,59,59,64,64,64,64,64,64,64,64,64,64,61,61,56,69,69,69,69,69,79,79,61,61,61,61,56,56,56,56,71,71,80,80,80,80,80,80,83,74,74,74,46,64,63,63,63,76,76,74,76,76,76,52,18],"gold":51,"neow_bonus":"BOSS_RELIC","is_daily":false,"chose_seed":false,"campfire_upgraded":9,"win_rate":0.0,"timestamp":1609213532,"path_taken":["M","M","M","?","?","R","?","R","T","E","?","E","$","E","R","BOSS","M","M","?","?","?","R","E","R","T","E","M","?","E","M","R","BOSS","M","?","?","M","M","R","?","E","T","E","R","M","$","?","R","BOSS","BOSS","R","$","E","BOSS"],"items_purchased_type":["Card","Relic","Card","Relic","Relic"],"build_version":"2020-12-22","purchased_purges":4,"victory":true,"max_hp_per_floor":[68,68,68,73,73,73,73,73,73,73,73,73,73,73,73,73,73,73,73,73,73,83,83,83,83,83,83,83,83,83,83,83,83,83,83,83,83,83,83,83,83,83,83,83,83,83,80,76,76,76,76,76,76,76,76,76],"relic_stats":{"counters":[26,141],"Eternal Feather":49,"VioletLotus":[65],"Juzu Bracelet":1,"Whetstone":["BowlingBash","CutThroughFate"],"War Paint":["Vigilance","Defend_P"],"Cursed Key":1,"obtain_stats":[{"Pear":22,"Damaru":12,"Oddly Smooth Stone":36,"Eternal Feather":27,"The Courier":14,"Juzu Bracelet":24,"Incense Burner":55,"TeardropLocket":29,"Whetstone":44,"War Paint":10,"Cursed Key":34,"Frozen Eye":47,"VioletLotus":17,"Coffee Dripper":0,"Bottled Lightning":26,"Membership Card":36,"PureWater":0,"Toxic Egg 2":9,"TungstenRod":30,"Toy Ornithopter":42},{"Pear":10,"Damaru":6,"Oddly Smooth Stone":17,"Eternal Feather":12,"The Courier":7,"Juzu Bracelet":11,"Incense Burner":25,"TeardropLocket":13,"Whetstone":21,"War Paint":5,"Cursed Key":16,"Frozen Eye":22,"VioletLotus":8,"Coffee Dripper":0,"Bottled Lightning":11,"Membership Card":17,"PureWater":0,"Toxic Egg 2":4,"TungstenRod":14,"Toy Ornithopter":20},{"Pear":33,"Damaru":14,"Oddly Smooth Stone":67,"Eternal Feather":44,"The Courier":19,"Juzu Bracelet":38,"Incense Burner":129,"TeardropLocket":49,"Whetstone":100,"War Paint":12,"Cursed Key":65,"Frozen Eye":104,"VioletLotus":27,"Coffee Dripper":0,"Bottled Lightning":38,"Membership Card":67,"PureWater":0,"Toxic Egg 2":8,"TungstenRod":53,"Toy Ornithopter":92}],"TungstenRod":22,"Toy Ornithopter":5},"card_choices":[{"not_picked":["Pray","FollowUp"],"picked":"TalkToTheHand","floor":1.0},{"not_picked":["ThirdEye","Conclude"],"picked":"Tantrum","floor":2.0},{"not_picked":["EmptyBody","Consecrate"],"picked":"BowlingBash","floor":3.0},{"not_picked":["SpiritShield","SashWhip"],"picked":"EmptyFist","floor":7.0},{"not_picked":["CutThroughFate","Pray+1"],"picked":"ClearTheMind+1","floor":10.0},{"not_picked":["FlyingSleeves","EmptyBody+1"],"picked":"Blasphemy+1","floor":12.0},{"not_picked":["FollowUp","SashWhip"],"picked":"Protect+1","floor":14.0},{"not_picked":["LessonLearned","SpiritShield+1"],"picked":"Vault+1","floor":16.0},{"not_picked":["Swivel+1","CarveReality"],"picked":"FlurryOfBlows","floor":18.0},{"not_picked":["ThirdEye+1","JustLucky"],"picked":"FlurryOfBlows","floor":19.0},{"not_picked":["BowlingBash","Vengeance+1"],"picked":"InnerPeace+1","floor":24.0},{"not_picked":["EmptyFist","FlyingSleeves"],"picked":"SashWhip","floor":27.0},{"not_picked":["SashWhip","Indignation+1"],"picked":"Adaptation","floor":28.0},{"not_picked":["WaveOfTheHand+1","DeusExMachina+1"],"picked":"EmptyMind+1","floor":30.0},{"not_picked":["SandsOfTime","Crescendo+1","Protect+1"],"picked":"SKIP","floor":31.0},{"not_picked":["Wish+1","Establishment"],"picked":"Scrawl+1","floor":33.0},{"not_picked":["SashWhip+1","Collect+1"],"picked":"Sanctity+1","floor":35.0},{"not_picked":["Sanctity+1","FollowUp"],"picked":"CutThroughFate","floor":38.0},{"not_picked":["Tantrum","Pray+1"],"picked":"ThirdEye+1","floor":39.0},{"not_picked":["FlyingSleeves","MasterReality"],"picked":"EmptyMind+1","floor":42.0},{"not_picked":["Protect+1","ThirdEye+1","EmptyBody+1"],"picked":"SKIP","floor":44.0},{"not_picked":["WreathOfFlame+1","PathToVictory+1","Nirvana"],"picked":"SKIP","floor":46.0},{"not_picked":["PathToVictory+1","Consecrate+1","EmptyBody+1"],"picked":"SKIP","floor":55}],"player_experience":1036558,"relics_obtained":[{"floor":9.0,"key":"Toxic Egg 2"},{"floor":10.0,"key":"War Paint"},{"floor":12.0,"key":"Damaru"},{"floor":14.0,"key":"The Courier"},{"floor":24.0,"key":"Juzu Bracelet"},{"floor":26.0,"key":"Bottled Lightning"},{"floor":27.0,"key":"Eternal Feather"},{"floor":29.0,"key":"TeardropLocket"},{"floor":30.0,"key":"TungstenRod"},{"floor":42.0,"key":"Toy Ornithopter"},{"floor":44.0,"key":"Whetstone"},{"floor":55,"key":"Incense Burner"}],"event_choices":[{"damage_healed":0.0,"max_hp_gain":5.0,"max_hp_loss":0.0,"gold_gain":0.0,"event_name":"Big Fish","player_choice":"Donut","floor":4.0,"gold_loss":0.0,"damage_taken":0.0},{"damage_healed":0.0,"max_hp_gain":0.0,"max_hp_loss":0.0,"gold_gain":0.0,"event_name":"Match and Keep!","player_choice":"2 cards matched","floor":5.0,"gold_loss":0.0,"damage_taken":0.0,"cards_obtained":["Decay","CrushJoints"]},{"damage_healed":0.0,"max_hp_gain":0.0,"max_hp_loss":0.0,"gold_gain":0.0,"cards_transformed":["Strike_P","Defend_P"],"event_name":"Drug Dealer","player_choice":"Became Test Subject","floor":20.0,"gold_loss":0.0,"damage_taken":0.0,"cards_obtained":["WaveOfTheHand","Vault"]},{"damage_healed":0.0,"max_hp_gain":0.0,"max_hp_loss":0.0,"gold_gain":0.0,"event_name":"The Library","player_choice":"Read","floor":21.0,"gold_loss":0.0,"damage_taken":0.0,"cards_obtained":["Meditate"]},{"damage_healed":0.0,"max_hp_gain":0.0,"max_hp_loss":0.0,"gold_gain":0.0,"event_name":"Addict","player_choice":"Obtained Relic","floor":22.0,"gold_loss":85.0,"damage_taken":0.0,"relics_obtained":["Pear"]},{"damage_healed":0.0,"max_hp_gain":0.0,"max_hp_loss":0.0,"gold_gain":50.0,"event_name":"Golden Shrine","player_choice":"Pray","floor":37.0,"gold_loss":0.0,"damage_taken":0.0},{"damage_healed":0.0,"max_hp_gain":0.0,"max_hp_loss":0.0,"gold_gain":0.0,"event_name":"SensoryStone","player_choice":"Memory 3","floor":41.0,"gold_loss":0.0,"damage_taken":10.0},{"damage_healed":0.0,"max_hp_gain":0.0,"max_hp_loss":4.0,"gold_gain":0.0,"event_name":"Winding Halls","player_choice":"Max HP","floor":48.0,"gold_loss":0.0,"damage_taken":0.0}],"is_beta":false,"boss_relics":[{"not_picked":["Runic Dome","Empty Cage"],"picked":"VioletLotus"},{"not_picked":["Velvet Choker","Black Star"],"picked":"Cursed Key"}],"items_purged_floors":[11,13,36,47],"is_endless":false,"potions_floor_spawned":[1,2,14,18,19,27,28,30,35,42],"ascension_level":20}}