{"host":"56ghxnzsglgdq727","time":1609213180,"event":{"mods":["AchievementEnabler","BaseMod","Minty Spire (QoL Compilation)"],"gold_per_floor":[110,110,127,145,145,145,172,188,212,212,212,66,97,113,113,216,216,233,148,173,187,202,202,228,228,254,287,212,231,231,246,246,342,342,360,110,156,167,178,206,81,81,107,107,157,157,168,168,168],"floor_reached":48,"playtime":1655,"items_purged":["Eruption","Vigilance","Prostrate"],"score":558,"play_id":"bfb4e9da-87e0-4d15-b3db-4df11fa99111","local_time":"20201228223940","is_ascension_mode":false,"campfire_choices":[{"floor":6.0,"key":"REST"},{"floor":10.0,"key":"REST"},{"floor":15.0,"key":"REST"},{"data":"BattleHymn","floor":23.0,"key":"SMITH"},{"floor":25.0,"key":"REST"},{"floor":32.0,"key":"REST"},{"floor":42.0,"key":"REST"}],"circlet_count":0,"master_deck":["Strike_P","Strike_P","Strike_P+1","Defend_P","Defend_P","Defend_P","Defend_P+1","Devotion+1","Prostrate+1","Blasphemy","Pray","Conclude","Devotion+1","LessonLearned","Ragnarok","BowlingBash+1","BattleHymn+1","FlyingSleeves+1","Consecrate","Pray+1","Devotion+1","DevaForm"],"relics":["PureWater","Orichalcum","Happy Flower","War Paint","Mummified Hand","Philosopher\u0027s Stone","Matryoshka","PreservedInsect","Lantern","Bag of Preparation","Centennial Puzzle","Potion Belt","Tiny Chest","Busted Crown","Damaru","Vajra","Toy Ornithopter","MealTicket","Pocketwatch"],"acts_visited":[],"potions_floor_usage":[45],"damage_taken":[{"damage":14.0,"enemies":"2 Louse","floor":1.0,"turns":4.0},{"damage":8.0,"enemies":"Cultist","floor":3.0,"turns":3.0},{"damage":0.0,"enemies":"Small Slimes","floor":4.0,"turns":3.0},{"damage":22.0,"enemies":"Gremlin Nob","floor":7.0,"turns":5.0},{"damage":2.0,"enemies":"2 Fungi Beasts","floor":8.0,"turns":3.0},{"damage":9.0,"enemies":"3 Sentries","floor":13.0,"turns":4.0},{"damage":17.0,"enemies":"Blue Slaver","floor":14.0,"turns":5.0},{"damage":36.0,"enemies":"The Guardian","floor":16.0,"turns":7.0},{"damage":8.0,"enemies":"Shell Parasite","floor":18.0,"turns":3.0},{"damage":2.0,"enemies":"Chosen","floor":21.0,"turns":4.0},{"damage":22.0,"enemies":"Centurion and Healer","floor":22.0,"turns":3.0},{"damage":25.0,"enemies":"Slavers","floor":24.0,"turns":3.0},{"damage":0.0,"enemies":"Gremlin Leader","floor":27.0,"turns":2.0},{"damage":0.0,"enemies":"Snecko","floor":29.0,"turns":3.0},{"damage":0.0,"enemies":"Snake Plant","floor":31.0,"turns":2.0},{"damage":12.0,"enemies":"Automaton","floor":33.0,"turns":4.0},{"damage":23.0,"enemies":"3 Shapes","floor":35.0,"turns":3.0},{"damage":6.0,"enemies":"Orb Walker","floor":38.0,"turns":2.0},{"damage":7.0,"enemies":"Sphere and 2 Shapes","floor":39.0,"turns":2.0},{"damage":15.0,"enemies":"Reptomancer","floor":40.0,"turns":2.0},{"damage":32,"enemies":"Mind Bloom Boss Battle","floor":45,"turns":3},{"damage":20,"enemies":"Jaw Worm Horde","floor":47,"turns":2},{"damage":13,"enemies":"Transient","floor":48,"turns":1}],"seed_played":"-3432529137304033310","potions_obtained":[{"floor":2.0,"key":"SneckoOil"},{"floor":2.0,"key":"Regen Potion"},{"floor":2.0,"key":"SkillPotion"},{"floor":4.0,"key":"BlessingOfTheForge"},{"floor":13.0,"key":"CultistPotion"},{"floor":14.0,"key":"StancePotion"},{"floor":16.0,"key":"LiquidMemories"},{"floor":21.0,"key":"SteroidPotion"},{"floor":24.0,"key":"Dexterity Potion"},{"floor":27.0,"key":"BottledMiracle"},{"floor":31.0,"key":"DuplicationPotion"},{"floor":38.0,"key":"Ambrosia"}],"is_trial":false,"path_per_floor":["M","?","M","M","?","R","E","M","T","R","?","$","E","M","R","B",null,"M","?","T","M","M","R","E","R","T","E","$","M","?","M","R","B",null,"M","$","T","M","M","E","$","R","T","$","?","?","M","M"],"character_chosen":"WATCHER","items_purchased":["Devotion","Damaru"],"campfire_rested":6,"item_purchase_floors":[12,36],"current_hp_per_floor":[58,58,50,50,25,46,38,36,36,57,57,57,48,31,52,16,72,64,64,64,62,40,40,15,36,36,36,36,36,36,36,57,45,72,49,49,49,43,36,21,21,42,42,57,30,30,10,0,0],"gold":168,"neow_bonus":"ONE_RANDOM_RARE_CARD","is_daily":false,"chose_seed":false,"campfire_upgraded":1,"win_rate":0.0,"timestamp":1609213180,"path_taken":["M","?","?","M","?","R","E","M","T","R","?","?","E","M","R","BOSS","M","?","?","M","?","R","E","R","T","E","?","?","?","M","R","BOSS","M","$","?","M","?","E","$","R","T","$","?","?","M","M"],"items_purchased_type":["Card","Relic"],"build_version":"2020-12-22","purchased_purges":3,"victory":false,"max_hp_per_floor":[72,72,72,72,72,72,72,72,72,72,72,72,72,72,72,72,72,72,72,72,72,72,72,72,72,72,72,72,72,72,72,72,72,72,72,72,72,72,72,72,72,72,72,72,72,72,72,72,72],"card_choices":[{"not_picked":["EmptyMind","Consecrate"],"picked":"Prostrate","floor":1.0},{"not_picked":["FlurryOfBlows","Halt"],"picked":"Prostrate","floor":3.0},{"not_picked":["Crescendo","Nirvana"],"picked":"Blasphemy","floor":4.0},{"not_picked":["Protect","InnerPeace"],"picked":"Pray","floor":7.0},{"not_picked":["ClearTheMind","Halt"],"picked":"Conclude","floor":8.0},{"not_picked":["FearNoEvil","Crescendo"],"picked":"LessonLearned","floor":13.0},{"not_picked":["FollowUp","WaveOfTheHand","JustLucky"],"picked":"SKIP","floor":14.0},{"not_picked":["MasterReality","Devotion"],"picked":"Ragnarok","floor":16.0},{"not_picked":["Worship","PathToVictory"],"picked":"BowlingBash+1","floor":18.0},{"not_picked":["EmptyBody","Collect+1"],"picked":"BattleHymn","floor":21.0},{"not_picked":["CutThroughFate+1","Halt"],"picked":"FlyingSleeves","floor":22.0},{"not_picked":["Halt","SashWhip+1"],"picked":"Consecrate","floor":24.0},{"not_picked":["EmptyFist","FollowUp","Conclude+1"],"picked":"SKIP","floor":27.0},{"not_picked":["JustLucky+1","Judgement","CutThroughFate"],"picked":"SKIP","floor":29.0},{"not_picked":["EmptyFist+1","PathToVictory"],"picked":"Devotion","floor":31.0},{"not_picked":["Vault","Ragnarok"],"picked":"DevaForm","floor":33.0},{"not_picked":["Sanctity+1"],"picked":"SKIP","floor":35.0},{"not_picked":["Halt"],"picked":"SKIP","floor":38.0},{"not_picked":["FlurryOfBlows+1"],"picked":"SKIP","floor":39.0},{"not_picked":["Halt+1"],"picked":"SKIP","floor":40.0},{"not_picked":["Protect"],"picked":"SKIP","floor":47}],"player_experience":40146,"relics_obtained":[{"floor":7.0,"key":"Happy Flower"},{"floor":9.0,"key":"War Paint"},{"floor":13.0,"key":"Mummified Hand"},{"floor":20.0,"key":"PreservedInsect"},{"floor":20.0,"key":"Lantern"},{"floor":24.0,"key":"Bag of Preparation"},{"floor":26.0,"key":"Centennial Puzzle"},{"floor":26.0,"key":"Potion Belt"},{"floor":27.0,"key":"Tiny Chest"},{"floor":37.0,"key":"Vajra"},{"floor":40.0,"key":"Toy Ornithopter"},{"floor":43.0,"key":"MealTicket"},{"floor":45,"key":"Pocketwatch"}],"event_choices":[{"damage_healed":0.0,"max_hp_gain":0.0,"max_hp_loss":0.0,"gold_gain":0.0,"event_name":"Lab","player_choice":"Got Potions","floor":2.0,"gold_loss":0.0,"damage_taken":0.0},{"damage_healed":0.0,"max_hp_gain":0.0,"max_hp_loss":0.0,"gold_gain":0.0,"event_name":"Scrap Ooze","player_choice":"Success","floor":5.0,"gold_loss":0.0,"damage_taken":25.0,"relics_obtained":["Orichalcum"]},{"damage_healed":0.0,"max_hp_gain":0.0,"max_hp_loss":0.0,"gold_gain":0.0,"event_name":"Living Wall","player_choice":"Grow","floor":11.0,"gold_loss":0.0,"damage_taken":0.0,"cards_upgraded":["Devotion"]},{"damage_healed":0.0,"max_hp_gain":0.0,"max_hp_loss":0.0,"gold_gain":0.0,"event_name":"Addict","player_choice":"Obtained Relic","floor":19.0,"gold_loss":85.0,"damage_taken":0.0,"relics_obtained":["Matryoshka"]},{"damage_healed":0.0,"max_hp_gain":0.0,"max_hp_loss":0.0,"gold_gain":0.0,"cards_transformed":["Strike_P"],"event_name":"Transmorgrifier","player_choice":"Transformed","floor":30.0,"gold_loss":0.0,"damage_taken":0.0,"cards_obtained":["Pray"]},{"damage_healed":0,"gold_gain":0,"player_choice":"Fight","damage_taken":0,"max_hp_gain":0,"max_hp_loss":0,"event_name":"MindBloom","floor":45,"gold_loss":0},{"damage_healed":0,"gold_gain":0,"player_choice":"Ignored","damage_taken":0,"max_hp_gain":0,"max_hp_loss":0,"event_name":"Mysterious Sphere","floor":46,"gold_loss":0}],"is_beta":false,"boss_relics":[{"not_picked":["Velvet Choker","SacredBark"],"picked":"Philosopher\u0027s Stone"},{"not_picked":["Calling Bell","Runic Pyramid"],"picked":"Busted Crown"}],"items_purged_floors":[28,36,41],"is_endless":false,"potions_floor_spawned":[4,13,14,16,21,24,27,31,38],"killed_by":"Transient","ascension_level":0}}