{"host":"by3dnjj711vo194a","time":1609260978,"event":{"mods":["2.2 Compatiblity","AchievementEnabler","BaseMod","Colored Map","DeckTracker","KOR Keyword Fix","Keyboard Shortcuts","Minty Spire (QoL Compilation)","Permanent Neow","Quick Restart","StSLib","SuperFastMode","everything is the same but u backflip on backflip"],"gold_per_floor":[116,128,139,139,151,151,76,90,90,107,124,124,124],"floor_reached":12,"playtime":430,"items_purged":["Strike_R"],"score":96,"play_id":"155d0bbe-66c2-4702-aeb3-aa0aa98b9c35","local_time":"20201230015618","is_ascension_mode":true,"campfire_choices":[{"data":"Bash","floor":6.0,"key":"SMITH"}],"circlet_count":0,"master_deck":["Strike_R","Strike_R","Strike_R","Defend_R","Defend_R","Defend_R","Defend_R","Bash+1","Battle Trance","Shockwave","Clothesline","Dropkick","Shrug It Off","Feed"],"relics":["Burning Blood","Blood Vial","Turnip"],"acts_visited":["Exordium"],"potions_floor_usage":[12],"damage_taken":[{"damage":11.0,"enemies":"Cultist","floor":1.0,"turns":4.0},{"damage":10.0,"enemies":"Small Slimes","floor":2.0,"turns":3.0},{"damage":26.0,"enemies":"Jaw Worm","floor":3.0,"turns":5.0},{"damage":16.0,"enemies":"Blue Slaver","floor":5.0,"turns":4.0},{"damage":29.0,"enemies":"Large Slime","floor":8.0,"turns":7.0},{"damage":21.0,"enemies":"Gremlin Gang","floor":10.0,"turns":6.0},{"damage":3.0,"enemies":"Looter","floor":11.0,"turns":3.0},{"damage":10,"enemies":"Lagavulin","floor":12,"turns":5}],"seed_played":"-2177953801782347212","potions_obtained":[{"floor":2.0,"key":"Dexterity Potion"},{"floor":8.0,"key":"FearPotion"},{"floor":11.0,"key":"SteroidPotion"}],"is_trial":false,"path_per_floor":["M","M","M","?","M","R","$","M","T","M","M","E"],"character_chosen":"IRONCLAD","items_purchased":[],"campfire_rested":0,"item_purchase_floors":[],"current_hp_per_floor":[69,67,49,49,41,41,41,20,20,7,12,4,4],"gold":124,"neow_bonus":"RANDOM_COMMON_RELIC","is_daily":false,"chose_seed":false,"campfire_upgraded":1,"win_rate":0.0,"timestamp":1609260978,"path_taken":["M","?","M","?","M","R","$","M","T","M","?","E"],"items_purchased_type":[],"build_version":"2020-12-22","purchased_purges":1,"victory":false,"max_hp_per_floor":[80,80,80,80,80,80,80,80,80,80,80,80,80],"card_choices":[{"not_picked":["Cleave","Sever Soul"],"picked":"Battle Trance","floor":1.0},{"not_picked":["Burning Pact","Wild Strike"],"picked":"Shockwave","floor":2.0},{"not_picked":["Headbutt","Armaments"],"picked":"Clothesline","floor":3.0},{"not_picked":["Armaments","Entrench"],"picked":"Dropkick","floor":5.0},{"not_picked":["Anger","Battle Trance","Headbutt"],"picked":"SKIP","floor":8.0},{"not_picked":["Ghostly Armor","Bloodletting"],"picked":"Shrug It Off","floor":10.0},{"not_picked":["Body Slam","Reckless Charge"],"picked":"Feed","floor":11.0}],"player_experience":143219,"relics_obtained":[{"floor":9.0,"key":"Turnip"}],"event_choices":[{"cards_removed":["Strike_R"],"damage_healed":0.0,"max_hp_gain":0.0,"max_hp_loss":0.0,"gold_gain":0.0,"event_name":"Purifier","player_choice":"Purged","floor":4.0,"gold_loss":0.0,"damage_taken":0.0}],"is_beta":false,"boss_relics":[],"items_purged_floors":[7],"is_endless":false,"potions_floor_spawned":[2,8,11],"killed_by":"Lagavulin","ascension_level":6}}