{"host":"a6jc8uoa78jpqx9a","time":1609214694,"event":{"mods":["BaseMod","Duelist Mod","GifTheSpireLib","Hermit","Hubris","Infinite Spire","Mimic Mod","Minty Spire (QoL Compilation)","Replay The Spire","StSLib","The Animator","The Bug Knight","The Construct","The Cursed","The Mystic","The Servant 0.9.4"],"gold_per_floor":[111,71,71,86,105,105,105],"floor_reached":6,"playtime":386,"items_purged":[],"score":36,"play_id":"4c57453d-63d7-442d-b8a5-7c3dd7787798","local_time":"20201228230454","is_ascension_mode":false,"campfire_choices":[],"circlet_count":0,"master_deck":["mysticmod:Strike_Mystic","mysticmod:Strike_Mystic","mysticmod:Strike_Mystic","mysticmod:Strike_Mystic","mysticmod:Defend_Mystic","mysticmod:Defend_Mystic","mysticmod:Defend_Mystic","mysticmod:Defend_Mystic","mysticmod:ArcaneDodge","mysticmod:ShockingGrasp","mysticmod:Snowball","mysticmod:EbbAndFlow","mysticmod:CorrosiveTouch"],"relics":["mysticmod:SpellBook"],"acts_visited":["Exordium"],"potions_floor_usage":[],"damage_taken":[{"damage":7,"enemies":"2 Louse","floor":1,"turns":4},{"damage":0,"enemies":"Cultist","floor":4,"turns":3},{"damage":8,"enemies":"Small Slimes","floor":5,"turns":3},{"damage":17,"enemies":"3 Sentries","floor":6,"turns":4}],"seed_played":"-5691223127717326416","potions_obtained":[{"floor":2,"key":"SmokeBomb"},{"floor":2,"key":"BlessingOfTheForge"},{"floor":2,"key":"PowerPotion"},{"floor":5,"key":"Ancient Potion"}],"is_trial":false,"path_per_floor":["M","?","$","M","M","E"],"character_chosen":"MYSTIC_CLASS","items_purchased":[],"campfire_rested":0,"item_purchase_floors":[],"current_hp_per_floor":[77,77,77,77,69,52,52],"gold":105,"neow_bonus":"TEN_PERCENT_HP_BONUS","is_daily":false,"chose_seed":false,"campfire_upgraded":0,"win_rate":0.0,"timestamp":1609214694,"path_taken":["M","?","?","M","M","E"],"items_purchased_type":[],"build_version":"2020-12-22","purchased_purges":0,"victory":false,"max_hp_per_floor":[84,84,84,84,84,84,84],"card_choices":[{"not_picked":["mysticmod:EnergizedRift","mysticmod:FiveFootStep"],"picked":"mysticmod:Snowball","floor":1},{"not_picked":["mysticmod:Disengage","mysticmod:CorrosiveTouch"],"picked":"mysticmod:EbbAndFlow","floor":4},{"not_picked":["mysticmod:TomeOfSpells","mysticmod:SuddenClarity"],"picked":"mysticmod:CorrosiveTouch","floor":5}],"player_experience":30268,"relics_obtained":[],"event_choices":[{"damage_healed":0,"gold_gain":0,"player_choice":"Bought 3 Potions","damage_taken":0,"max_hp_gain":0,"max_hp_loss":0,"event_name":"The Woman in Blue","floor":2,"gold_loss":0}],"is_beta":false,"boss_relics":[],"items_purged_floors":[],"is_endless":false,"potions_floor_spawned":[5],"killed_by":"3 Sentries","ascension_level":0}}