{"host":"gttg7xypc09z3viz","time":1609243579,"event":{"mods":["BaseMod","Duelist Mod","Marisa£®ÏF”Í°°ƒß¿Ì…≥£©","Minty Spire (QoL Compilation)","Quick Restart","Remilia£®¿Ÿ√◊¿Ú—«£©","Shop Mod","StSLib","SuperFastMode","The Animator","Youmu£®ªÍ∆«—˝√Œ£©","noobMod"],"gold_per_floor":[114,34,53,53,53,53,81,81,81,115,129,37,37,54,54,131,131,147,159,179,199,114,149,161,195,195,222,241,257,257,3,3,81,81,96,112,129,139,186,217,217,252,323,355,402,402,402,428,428,428],"floor_reached":51,"playtime":1346,"items_purged":["Strike_B"],"score":1693,"play_id":"af398bc4-ff3b-4bf3-8772-38aa631a0b50","local_time":"20201229200619","is_ascension_mode":true,"campfire_choices":[{"data":"Storm","floor":6.0,"key":"SMITH"},{"data":"Zap","floor":8.0,"key":"SMITH"},{"data":"Echo Form","floor":13.0,"key":"SMITH"},{"data":"Capacitor","floor":15.0,"key":"SMITH"},{"data":"Defragment","floor":32.0,"key":"SMITH"},{"data":"Echo Form","floor":41.0,"key":"SMITH"},{"data":"Creative AI","floor":47.0,"key":"SMITH"},{"data":"Rainbow","floor":49,"key":"SMITH"}],"circlet_count":0,"master_deck":["AscendersBane","Strike_B","Defend_B","Defend_B","Defend_B","Defend_B+1","Zap+1","Dualcast","Capacitor+1","Defragment+1","Storm+1","Self Repair","Force Field","Echo Form+1","Loop","Turbo","Buffer","Rainbow+1","Loop","Streamline","Turbo","Defragment+1","Rainbow","Echo Form+1","Storm+1","Heatsinks","Creative AI+1","Turbo+1","Defragment+1","Double Energy"],"relics":["Cracked Core","ice","NeowsBlessing","Toy Ornithopter","Symbiotic Virus","Shuriken","Inserter","Orichalcum","Eternal Feather","Strawberry","Matryoshka","Pear","Sozu","CatCart","Omamori","Bird Faced Urn","Vajra","White Beast Statue","Sundial","Unceasing Top","Centennial Puzzle"],"acts_visited":["Exordium","TheCity","TheBeyond"],"potions_floor_usage":[],"damage_taken":[{"damage":0.0,"enemies":"Cultist","floor":1.0,"turns":1.0},{"damage":0.0,"enemies":"Small Slimes","floor":3.0,"turns":1.0},{"damage":0.0,"enemies":"3 Sentries","floor":7.0,"turns":1.0},{"damage":12.0,"enemies":"Lagavulin","floor":10.0,"turns":3.0},{"damage":2.0,"enemies":"Jaw Worm","floor":11.0,"turns":4.0},{"damage":45.0,"enemies":"Gremlin Gang","floor":14.0,"turns":3.0},{"damage":32.0,"enemies":"The Guardian","floor":16.0,"turns":7.0},{"damage":12.0,"enemies":"Shell Parasite","floor":18.0,"turns":3.0},{"damage":23.0,"enemies":"3 Byrds","floor":19.0,"turns":4.0},{"damage":36.0,"enemies":"Sentry and Sphere","floor":20.0,"turns":6.0},{"damage":0.0,"enemies":"Cultist and Chosen","floor":21.0,"turns":4.0},{"damage":0.0,"enemies":"theDuelist:KaibaA2","floor":23.0,"turns":4.0},{"damage":6.0,"enemies":"Chosen and Byrds","floor":24.0,"turns":4.0},{"damage":47.0,"enemies":"Slavers","floor":25.0,"turns":4.0},{"damage":7.0,"enemies":"Gremlin Leader","floor":27.0,"turns":4.0},{"damage":8.0,"enemies":"Sentry and Sphere","floor":28.0,"turns":3.0},{"damage":0.0,"enemies":"Cultist and Chosen","floor":29.0,"turns":4.0},{"damage":0.0,"enemies":"Champ","floor":33.0,"turns":6.0},{"damage":13.0,"enemies":"Orb Walker","floor":35.0,"turns":3.0},{"damage":16.0,"enemies":"3 Darklings","floor":36.0,"turns":4.0},{"damage":0.0,"enemies":"Spire Growth","floor":37.0,"turns":4.0},{"damage":0.0,"enemies":"Transient","floor":38.0,"turns":5.0},{"damage":18.0,"enemies":"Orin","floor":39.0,"turns":5.0},{"damage":14.0,"enemies":"Giant Head","floor":40.0,"turns":6.0},{"damage":55.0,"enemies":"Nemesis","floor":42.0,"turns":5.0},{"damage":0.0,"enemies":"Giant Head","floor":44.0,"turns":6.0},{"damage":77.0,"enemies":"2 Orb Walkers","floor":45.0,"turns":5.0},{"damage":50,"enemies":"Reptomancer","floor":48,"turns":4},{"damage":100,"enemies":"Time Eater","floor":50,"turns":6}],"seed_played":"7949136635676144104","potions_obtained":[{"floor":10.0,"key":"BlessingOfTheForge"},{"floor":14.0,"key":"PotionOfCapacity"},{"floor":16.0,"key":"ColorlessPotion"},{"floor":19.0,"key":"SmokeBomb"},{"floor":29.0,"key":"Energy Potion"}],"is_trial":false,"path_per_floor":["M","$","M","?","$","R","E","R","T","E","M","$","R","M","R","B",null,"M","M","M","M","?","E","M","E","T","E","M","M","?","$","R","B",null,"M","M","M","M","?","E","R","E","T","E","?","?","R","E","R","B",null],"character_chosen":"DEFECT","items_purchased":["Defragment","Loop","Turbo","Defragment","Rainbow"],"campfire_rested":0,"item_purchase_floors":[2,12,12,31,31],"current_hp_per_floor":[64,64,64,43,43,43,43,43,43,38,43,43,43,72,72,47,70,58,47,111,115,115,118,119,86,86,103,102,109,109,109,121,128,154,148,139,139,153,154,154,169,126,126,165,115,115,130,105,123,51],"gold":428,"neow_bonus":"THREE_ENEMY_KILL","is_daily":false,"chose_seed":false,"campfire_upgraded":8,"win_rate":0.0,"timestamp":1609243579,"path_taken":["M","?","M","?","?","R","E","R","T","E","?","$","R","M","R","BOSS","M","M","M","M","?","E","M","E","T","E","M","M","?","?","R","BOSS","M","M","M","M","?","E","R","E","T","E","?","?","R","E","R","BOSS"],"items_purchased_type":["Card","Card","Card","Card","Card"],"build_version":"2020-12-22","purchased_purges":1,"victory":true,"max_hp_per_floor":[71,71,71,71,71,71,71,71,71,71,71,71,71,72,72,78,78,81,105,111,115,115,118,126,140,140,154,156,161,161,161,161,163,163,165,170,174,179,179,179,179,179,179,179,179,179,179,179,179,179],"card_choices":[{"not_picked":["Turbo","Coolheaded"],"picked":"Capacitor","floor":1.0},{"not_picked":["Turbo","Hologram"],"picked":"Storm","floor":3.0},{"not_picked":["Fusion","Gash"],"picked":"Self Repair","floor":7.0},{"not_picked":["Lockon","Leap"],"picked":"Force Field","floor":10.0},{"not_picked":["Stack","Heatsinks"],"picked":"Echo Form","floor":11.0},{"not_picked":["Stack","Genetic Algorithm","Aggregate"],"picked":"SKIP","floor":14.0},{"not_picked":["Biased Cognition","Reboot"],"picked":"Buffer","floor":16.0},{"not_picked":["Rebound","Scrape","Go for the Eyes"],"picked":"SKIP","floor":18.0},{"not_picked":["Double Energy","Beam Cell+1","Gash"],"picked":"SKIP","floor":19.0},{"not_picked":["Blizzard+1","Recycle"],"picked":"Rainbow","floor":20.0},{"not_picked":["Reprogram","Consume","Conserve Battery"],"picked":"SKIP","floor":21.0},{"not_picked":["Hello World","Beam Cell","Ball Lightning"],"picked":"SKIP","floor":23.0},{"not_picked":["Genetic Algorithm","Melter","Leap"],"picked":"SKIP","floor":24.0},{"not_picked":["Lockon","Compile Driver","Redo"],"picked":"SKIP","floor":25.0},{"not_picked":["Rip and Tear","Coolheaded"],"picked":"Loop","floor":27.0},{"not_picked":["Conserve Battery","Rebound","Turbo"],"picked":"SKIP","floor":28.0},{"not_picked":["Steam Power","Undo","Darkness"],"picked":"SKIP","floor":29.0},{"not_picked":["Rainbow","Biased Cognition"],"picked":"Echo Form","floor":33.0},{"not_picked":["Leap","Lockon","Ball Lightning"],"picked":"SKIP","floor":35.0},{"not_picked":["Aggregate","Turbo","Meteor Strike"],"picked":"SKIP","floor":36.0},{"not_picked":["Reinforced Body","Leap+1","Consume"],"picked":"SKIP","floor":37.0},{"not_picked":["Cold Snap+1","Static Discharge+1"],"picked":"Storm+1","floor":38.0},{"not_picked":["Steam","Reinforced Body","BootSequence"],"picked":"SKIP","floor":40.0},{"not_picked":["Beam Cell","Turbo"],"picked":"Heatsinks","floor":42.0},{"not_picked":["Reinforced Body","Hologram"],"picked":"Creative AI","floor":44.0},{"not_picked":["Stack","Cold Snap"],"picked":"Turbo+1","floor":45.0},{"not_picked":["Sweeping Beam+1","Reprogram"],"picked":"Double Energy","floor":48}],"player_experience":191359,"relics_obtained":[{"floor":7.0,"key":"Toy Ornithopter"},{"floor":9.0,"key":"Symbiotic Virus"},{"floor":10.0,"key":"Shuriken"},{"floor":23.0,"key":"Eternal Feather"},{"floor":25.0,"key":"Strawberry"},{"floor":26.0,"key":"Matryoshka"},{"floor":27.0,"key":"Pear"},{"floor":39.0,"key":"CatCart"},{"floor":40.0,"key":"Omamori"},{"floor":42.0,"key":"Bird Faced Urn"},{"floor":43.0,"key":"Vajra"},{"floor":43.0,"key":"White Beast Statue"},{"floor":44.0,"key":"Sundial"},{"floor":45.0,"key":"Unceasing Top"},{"floor":48,"key":"Centennial Puzzle"}],"event_choices":[{"damage_healed":0.0,"max_hp_gain":0.0,"max_hp_loss":0.0,"gold_gain":0.0,"event_name":"Shining Light","player_choice":"Entered Light","floor":4.0,"gold_loss":0.0,"damage_taken":21.0,"cards_upgraded":["Defragment","Defend_B"]},{"damage_healed":0.0,"max_hp_gain":0.0,"max_hp_loss":0.0,"gold_gain":0.0,"event_name":"Addict","player_choice":"Obtained Relic","floor":22.0,"gold_loss":85.0,"damage_taken":0.0,"relics_obtained":["Orichalcum"]},{"damage_healed":0.0,"max_hp_gain":0.0,"max_hp_loss":0.0,"gold_gain":0.0,"cards_transformed":["Strike_B","Strike_B"],"event_name":"Drug Dealer","player_choice":"Became Test Subject","floor":30.0,"gold_loss":0.0,"damage_taken":0.0,"cards_obtained":["Streamline","Turbo"]},{"damage_healed":0.0,"max_hp_gain":0.0,"max_hp_loss":0.0,"gold_gain":0.0,"event_name":"OrinTheCat","player_choice":"Fight","floor":39.0,"gold_loss":0.0,"damage_taken":0.0},{"damage_healed":0.0,"max_hp_gain":0.0,"max_hp_loss":0.0,"gold_gain":0.0,"event_name":"Mysterious Sphere","player_choice":"Fight","floor":45.0,"gold_loss":0.0,"damage_taken":0.0},{"damage_healed":0.0,"max_hp_gain":0.0,"max_hp_loss":0.0,"gold_gain":0.0,"event_name":"Duplicator","player_choice":"Copied","floor":46.0,"gold_loss":0.0,"damage_taken":0.0,"cards_obtained":["Defragment"]}],"is_beta":false,"boss_relics":[{"not_picked":["Busted Crown","Cursed Key"],"picked":"Inserter"},{"not_picked":["SacredBark","Fusion Hammer"],"picked":"Sozu"}],"items_purged_floors":[31],"is_endless":false,"potions_floor_spawned":[10,14,16,19,20,24,25,27,28,29,36,38,44,45,48],"ascension_level":15}}