{"host":"8rwnpls8n88jrgbg","time":1609247492,"event":{"mods":["AchievementEnabler","BaseMod","Colored Map","Colored Powertips","DeckTracker","Keyboard Shortcuts","Minty Spire (QoL Compilation)","Relic Stats","StSLib","SuperFastMode"],"gold_per_floor":[112,262,262,147,167,200,200,100,174,184,197,197,72,95,95,186,186,199,212,24,24,114,114,128,128,128,162,162,162],"floor_reached":28,"playtime":1183,"items_purged":["Doubt","Strike_G","Defend_G"],"score":622,"play_id":"7b0ccb78-388b-457b-9ca0-1e6ae7772fd0","local_time":"20201229221132","is_ascension_mode":true,"campfire_choices":[{"data":"Glass Knife","floor":7.0,"key":"SMITH"},{"data":"Bouncing Flask","floor":15.0,"key":"SMITH"},{"data":"Footwork","floor":23.0,"key":"SMITH"},{"floor":25.0,"key":"REST"}],"circlet_count":0,"master_deck":["AscendersBane","Strike_G","Strike_G","Strike_G","Defend_G","Defend_G","Defend_G","Defend_G","Survivor","Neutralize","Bouncing Flask+1","Glass Knife+1","Endless Agony","Flying Knee","Footwork+1","Escape Plan","Die Die Die","PiercingWail","Acrobatics","Well Laid Plans","Cloak And Dagger+1"],"relics":["Ring of the Snake","NeowsBlessing","StrikeDummy","Golden Idol","SacredBark","Toxic Egg 2","Omamori"],"acts_visited":["Exordium","TheCity"],"potions_floor_usage":[27,27],"damage_taken":[{"damage":0.0,"enemies":"Jaw Worm","floor":1.0,"turns":1.0},{"damage":0.0,"enemies":"Small Slimes","floor":5.0,"turns":1.0},{"damage":0.0,"enemies":"3 Sentries","floor":6.0,"turns":1.0},{"damage":0.0,"enemies":"Cultist","floor":10.0,"turns":2.0},{"damage":8.0,"enemies":"Exordium Wildlife","floor":11.0,"turns":5.0},{"damage":13.0,"enemies":"3 Louse","floor":14.0,"turns":3.0},{"damage":0.0,"enemies":"Hexaghost","floor":16.0,"turns":9.0},{"damage":0.0,"enemies":"Spheric Guardian","floor":18.0,"turns":3.0},{"damage":27.0,"enemies":"2 Thieves","floor":19.0,"turns":5.0},{"damage":10.0,"enemies":"Snake Plant","floor":24.0,"turns":5.0},{"damage":6,"enemies":"Slavers","floor":27,"turns":5},{"damage":25,"enemies":"Chosen and Byrds","floor":28,"turns":7}],"seed_played":"-7708033611312642639","potions_obtained":[{"floor":6.0,"key":"PowerPotion"},{"floor":14.0,"key":"DuplicationPotion"}],"is_trial":false,"path_per_floor":["M","?","?","$","M","E","R","$","T","M","M","?","$","M","R","B",null,"M","M","$","?","?","R","M","R","T","E","M"],"character_chosen":"THE_SILENT","items_purchased":["Endless Agony","GhostInAJar","Well Laid Plans"],"campfire_rested":1,"item_purchase_floors":[4,20,20],"current_hp_per_floor":[59,59,59,59,59,59,59,59,59,59,51,28,28,15,15,15,53,53,26,26,26,14,14,4,23,23,17,0,0],"gold":162,"neow_bonus":"THREE_ENEMY_KILL","is_daily":false,"chose_seed":false,"campfire_upgraded":3,"win_rate":0.0,"timestamp":1609247492,"path_taken":["M","?","?","$","M","E","R","?","T","M","M","?","$","M","R","BOSS","M","M","$","?","?","R","M","R","T","E","?"],"items_purchased_type":["Card","Potion","Card"],"build_version":"2020-12-22","purchased_purges":3,"victory":false,"max_hp_per_floor":[66,66,66,66,66,66,66,66,66,66,66,66,66,66,66,66,66,66,66,66,66,66,66,66,66,66,66,66,66],"relic_stats":{"counters":[12,47],"Golden Idol":39,"obtain_stats":[{"NeowsBlessing":0,"Golden Idol":12,"SacredBark":17,"Omamori":27,"Toxic Egg 2":26,"StrikeDummy":9,"Ring of the Snake":0},{"NeowsBlessing":0,"Golden Idol":5,"SacredBark":7,"Omamori":11,"Toxic Egg 2":10,"StrikeDummy":3,"Ring of the Snake":0},{"NeowsBlessing":0,"Golden Idol":10,"SacredBark":22,"Omamori":40,"Toxic Egg 2":35,"StrikeDummy":3,"Ring of the Snake":0}],"Ring of the Snake":[26]},"card_choices":[{"not_picked":["Prepared","Sucker Punch"],"picked":"Bouncing Flask","floor":1.0},{"not_picked":["Outmaneuver","Underhanded Strike"],"picked":"Flying Knee","floor":5.0},{"not_picked":["Endless Agony","Outmaneuver"],"picked":"Footwork","floor":6.0},{"not_picked":["Setup","Dagger Throw","Poisoned Stab"],"picked":"SKIP","floor":10.0},{"not_picked":["Dagger Spray","Flechettes","Backflip"],"picked":"SKIP","floor":11.0},{"not_picked":["Dagger Spray","Flechettes","Backflip"],"picked":"SKIP","floor":11.0},{"not_picked":["Dagger Spray","Flechettes","Backflip"],"picked":"SKIP","floor":11.0},{"not_picked":["Dagger Spray","Flechettes","Backflip"],"picked":"SKIP","floor":11.0},{"not_picked":["Poisoned Stab","Underhanded Strike"],"picked":"Escape Plan","floor":14.0},{"not_picked":["A Thousand Cuts","Grand Finale"],"picked":"Die Die Die","floor":16.0},{"not_picked":["Bouncing Flask","Setup"],"picked":"PiercingWail","floor":18.0},{"not_picked":["Poisoned Stab","Dagger Throw"],"picked":"Acrobatics","floor":19.0},{"not_picked":["Tools of the Trade","Prepared"],"picked":"Cloak And Dagger+1","floor":24.0},{"not_picked":["Slice","Expertise+1","Poisoned Stab"],"picked":"SKIP","floor":27}],"player_experience":1474454,"relics_obtained":[{"floor":9.0,"key":"StrikeDummy"},{"floor":26.0,"key":"Toxic Egg 2"},{"floor":27,"key":"Omamori"}],"event_choices":[{"damage_healed":0.0,"max_hp_gain":0.0,"max_hp_loss":0.0,"gold_gain":150.0,"event_name":"Liars Game","player_choice":"AGREE","floor":2.0,"gold_loss":0.0,"damage_taken":0.0,"cards_obtained":["Doubt"]},{"damage_healed":0.0,"max_hp_gain":0.0,"max_hp_loss":0.0,"gold_gain":0.0,"cards_transformed":["Strike_G"],"event_name":"Living Wall","player_choice":"Change","floor":3.0,"gold_loss":0.0,"damage_taken":0.0,"cards_obtained":["Glass Knife"]},{"damage_healed":0.0,"max_hp_gain":0.0,"max_hp_loss":0.0,"gold_gain":0.0,"event_name":"Golden Idol","player_choice":"Take Damage","floor":12.0,"gold_loss":0.0,"damage_taken":23.0,"relics_obtained":["Golden Idol"]},{"damage_healed":0.0,"max_hp_gain":0.0,"max_hp_loss":0.0,"gold_gain":90.0,"event_name":"Knowing Skull","player_choice":"GOLD ","floor":22.0,"potions_obtained":[],"gold_loss":0.0,"damage_taken":12.0,"cards_obtained":[]}],"is_beta":false,"boss_relics":[{"not_picked":["Busted Crown","Ring of the Serpent"],"picked":"SacredBark"}],"items_purged_floors":[4,8,13],"is_endless":false,"potions_floor_spawned":[6,14,16],"killed_by":"Chosen and Byrds","ascension_level":20}}