{"host":"kh1j1cf337zr4nij","time":1609238739,"event":{"mods":["2.2 Compatiblity","AchievementEnabler","Act Like it!","Aspiration","BaseMod","Beaked The Cultist","Bestiary","CCEM","Colored Map","Colored Powertips","Conspire","Downfall","Energized Spire","Fireblade Mod","Friendly Minions","FruityMod","GifTheSpireLib","Glutton Mod","Halation","Hermit","Highlight Path","Hubris","Jedi Mod","JesterMod","Mad Scientist","Marisa????????","Melee Mod","Minty Spire (QoL Compilation)","Quick Restart","Random Character Button","Relic Stats","Replay The Spire","Shade Mod","Slumbering Mod","Spikes Relics","StSLib","Stuff the Spire","SuperFastMode","Synergy Search","The Blackbeard","The Clintock","The Construct","The Cursed","The Disciple","The Druid","The Forsaken","The Hierophant","The Judge","The Juggle","The Mystic","The Necromancer","The Runesmith","The Servant 0.9.4","The Spell Scribe","The Valiant","TheFirefly","Trackpad","vexMod"],"gold_per_floor":[99,114,114,24,40,40,40,40,25,36,36,36,36,21,33,33,33],"floor_reached":16,"playtime":1131,"items_purged":["theScribe:StarterDefend"],"score":88,"play_id":"f0d7ca82-6f07-4bef-ab03-1ff0203ef5b2","local_time":"20201229054539","is_ascension_mode":false,"campfire_choices":[{"floor":1,"key":"RECALL"},{"data":"theScribe:Meditate","floor":6,"key":"SMITH"},{"data":"theScribe:StarterModifier","floor":8,"key":"SMITH"},{"data":"theScribe:ForkedBolt","floor":11,"key":"SMITH"},{"data":"theScribe:RecklessResponse","floor":13,"key":"SMITH"}],"circlet_count":0,"master_deck":["theScribe:StarterAttack","theScribe:LightningStrike","theScribe:LightningStrike","theScribe:StarterDefend","theScribe:StarterDefend","theScribe:IcyDefend","theScribe:IcyDefend","theScribe:StarterModifier+1","theScribe:RecklessResponse+1","theScribe:Meditate+1","theScribe:FlowLikeWater","theScribe:ForkedBolt+1","Regret","theScribe:ArcaneBarrier","theScribe:InvigoratingStrike"],"relics":["theScribe:StarterRelic1","jedi:purplefairy","Iron Hammer"],"acts_visited":["Exordium"],"potions_floor_usage":[16],"damage_taken":[{"damage":9,"enemies":"2 Louse","floor":2,"turns":5},{"damage":12,"enemies":"downfall:FleeingMerchant","floor":4,"turns":4},{"damage":4,"enemies":"Cultist","floor":5,"turns":4},{"damage":6,"enemies":"downfall:FleeingMerchant","floor":9,"turns":4},{"damage":7,"enemies":"Small Slimes","floor":10,"turns":5},{"damage":14,"enemies":"downfall:FleeingMerchant","floor":14,"turns":4},{"damage":34,"enemies":"Exordium Thugs","floor":15,"turns":9},{"damage":47,"enemies":"downfall:Defect","floor":16,"turns":5}],"seed_played":"840603877420585899","potions_obtained":[{"floor":5,"key":"jedi:StrikingPotion"},{"floor":10,"key":"jedi:mysterypotion"}],"is_trial":false,"path_per_floor":["R","M","?","$","M","R","T","R","$","M","R","?","R","$","M","B"],"character_chosen":"THE_SCRIBE","items_purchased":[],"campfire_rested":0,"item_purchase_floors":[],"current_hp_per_floor":[82,73,73,61,57,57,57,82,76,69,70,70,80,66,32,0,0],"gold":33,"neow_bonus":"TEN_PERCENT_HP_BONUS","is_daily":false,"chose_seed":false,"campfire_upgraded":4,"win_rate":0.0,"timestamp":1609238739,"path_taken":["R","M","?","$","?","R","T","R","?","M","R","?","R","$","M","BOSS"],"items_purchased_type":[],"build_version":"2020-12-22","purchased_purges":1,"victory":false,"max_hp_per_floor":[82,82,82,82,82,82,82,82,82,82,82,82,82,82,82,82,82],"relic_stats":{"counters":[8,40],"obtain_stats":[{"jedi:purplefairy":7,"Iron Hammer":12,"theScribe:StarterRelic1":0},{"jedi:purplefairy":3,"Iron Hammer":5,"theScribe:StarterRelic1":0},{"jedi:purplefairy":13,"Iron Hammer":22,"theScribe:StarterRelic1":0}]},"card_choices":[{"not_picked":["theScribe:FocusingBlow","theScribe:InvigoratingStrike"],"picked":"theScribe:RecklessResponse","floor":2},{"not_picked":["theScribe:Thunder","theScribe:FrostvenomToxin"],"picked":"theScribe:Meditate","floor":4},{"not_picked":["theScribe:FocusingBlow","theScribe:AmplifyingSpellstone"],"picked":"theScribe:FlowLikeWater","floor":5},{"not_picked":["theScribe:ToxicSpellstone","theScribe:MagicMissiles"],"picked":"theScribe:ForkedBolt","floor":9},{"not_picked":["theScribe:Dark","theScribe:QuickStudy","theScribe:ToxicSpellstone"],"picked":"SKIP","floor":10},{"not_picked":["theScribe:Dark","theScribe:QuickStudy","theScribe:ToxicSpellstone"],"picked":"SKIP","floor":10},{"not_picked":["theScribe:FrostvenomToxin","theScribe:TelumSpellstone"],"picked":"theScribe:ArcaneBarrier","floor":14},{"not_picked":["theScribe:RecklessResponse","theScribe:BluntWeapons"],"picked":"theScribe:InvigoratingStrike","floor":15}],"player_experience":38832,"relics_obtained":[{"floor":7,"key":"jedi:purplefairy"}],"event_choices":[{"cards_removed":["theScribe:StarterAttack"],"damage_healed":0,"gold_gain":0,"player_choice":"Offered Basic","damage_taken":0,"max_hp_gain":0,"max_hp_loss":0,"event_name":"Bonfire Elementals","floor":3,"gold_loss":0},{"damage_healed":0,"gold_gain":0,"player_choice":"Box","damage_taken":0,"relics_obtained":["Iron Hammer"],"max_hp_gain":0,"max_hp_loss":0,"event_name":"Big Fish","floor":12,"gold_loss":0,"cards_obtained":["Regret"]}],"is_beta":false,"boss_relics":[],"items_purged_floors":[4],"is_endless":false,"potions_floor_spawned":[5,10],"killed_by":"downfall:Defect","ascension_level":0}}