{"host":"nptej036rrbiurf5","time":1609209264,"event":{"mods":["BaseMod","Colored Map","Colored Powertips","DeckTracker","Minty Spire (QoL Compilation)","StSLib","SuperFastMode"],"gold_per_floor":[119,135,135,146,146,146,171,191,239,239,239,239,254,254,254],"floor_reached":14,"playtime":261,"items_purged":[],"score":171,"play_id":"a32099f3-1a98-45eb-b4d6-fc820d2353e9","local_time":"20201229113424","is_ascension_mode":true,"campfire_choices":[{"data":"Zap","floor":6.0,"key":"SMITH"},{"data":"Rainbow","floor":12.0,"key":"SMITH"}],"circlet_count":0,"master_deck":["AscendersBane","Strike_B","Strike_B","Strike_B","Defend_B","Defend_B","Defend_B","Defend_B","Zap+1","Dualcast","Multi-Cast+1","FTL","Conserve Battery","Ball Lightning","Coolheaded","Glacier","Rainbow+1","Skim"],"relics":["Cracked Core","The Courier","Golden Idol"],"acts_visited":["Exordium"],"potions_floor_usage":[],"damage_taken":[{"damage":4.0,"enemies":"Small Slimes","floor":1.0,"turns":4.0},{"damage":8.0,"enemies":"2 Louse","floor":2.0,"turns":3.0},{"damage":0.0,"enemies":"Cultist","floor":4.0,"turns":3.0},{"damage":28.0,"enemies":"3 Sentries","floor":7.0,"turns":5.0},{"damage":4.0,"enemies":"Blue Slaver","floor":8.0,"turns":3.0},{"damage":0.0,"enemies":"Looter","floor":13.0,"turns":3.0},{"damage":21,"enemies":"Lagavulin","floor":14,"turns":7}],"seed_played":"8631789994382369191","potions_obtained":[{"floor":2.0,"key":"FocusPotion"},{"floor":4.0,"key":"PowerPotion"},{"floor":13.0,"key":"PotionOfCapacity"}],"is_trial":false,"path_per_floor":["M","M","?","M","?","R","E","M","T","?","?","R","M","E"],"character_chosen":"DEFECT","items_purchased":[],"campfire_rested":0,"item_purchase_floors":[],"current_hp_per_floor":[60,52,52,52,52,52,24,20,20,20,20,20,20,0,0],"gold":254,"neow_bonus":"ONE_RANDOM_RARE_CARD","is_daily":false,"chose_seed":false,"campfire_upgraded":2,"win_rate":0.0,"timestamp":1609209264,"path_taken":["M","M","?","M","?","R","E","?","T","?","?","R","?","E"],"items_purchased_type":[],"build_version":"2020-12-22","purchased_purges":0,"victory":false,"max_hp_per_floor":[71,71,71,71,71,71,71,71,71,64,64,64,64,64,64],"card_choices":[{"not_picked":["Redo","Scrape"],"picked":"FTL","floor":1.0},{"not_picked":["Cold Snap","Turbo"],"picked":"Conserve Battery","floor":2.0},{"not_picked":["Rebound","Hologram"],"picked":"Ball Lightning","floor":4.0},{"not_picked":["Fission","Barrage"],"picked":"Coolheaded","floor":7.0},{"not_picked":["Compile Driver","Conserve Battery"],"picked":"Glacier","floor":8.0},{"not_picked":["Cold Snap","Sweeping Beam"],"picked":"Skim","floor":13.0}],"player_experience":867676,"relics_obtained":[{"floor":7.0,"key":"The Courier"}],"event_choices":[{"damage_healed":0.0,"max_hp_gain":0.0,"max_hp_loss":0.0,"gold_gain":0.0,"event_name":"Living Wall","player_choice":"Grow","floor":3.0,"gold_loss":0.0,"damage_taken":0.0,"cards_upgraded":["Multi-Cast"]},{"damage_healed":0.0,"max_hp_gain":0.0,"max_hp_loss":0.0,"gold_gain":0.0,"event_name":"Lab","player_choice":"Got Potions","floor":5.0,"gold_loss":0.0,"damage_taken":0.0},{"damage_healed":0.0,"max_hp_gain":0.0,"max_hp_loss":7.0,"gold_gain":0.0,"event_name":"Golden Idol","player_choice":"Lose Max HP","floor":10.0,"gold_loss":0.0,"damage_taken":0.0,"relics_obtained":["Golden Idol"]},{"damage_healed":0.0,"max_hp_gain":0.0,"max_hp_loss":0.0,"gold_gain":0.0,"cards_transformed":["Strike_B"],"event_name":"Transmorgrifier","player_choice":"Transformed","floor":11.0,"gold_loss":0.0,"damage_taken":0.0,"cards_obtained":["Rainbow"]}],"is_beta":false,"boss_relics":[],"items_purged_floors":[],"is_endless":false,"potions_floor_spawned":[2,4,13],"killed_by":"Lagavulin","ascension_level":18}}