{"host":"msa0wxqjs3jv1k3j","time":1609244406,"event":{"mods":["BaseMod","BetterRewards","Colored Map","Highlight Path","KOR Keyword Fix","Keyboard Shortcuts","Minty Spire (QoL Compilation)","Quick Restart","SuperFastMode","everything is the same but u backflip on backflip"],"gold_per_floor":[91,119,119,119,21,40,58,92,92,92,92,152,182,182,182,207,207,307,307,321,321,321,346,346,380,394,394,394],"floor_reached":26,"playtime":1108,"items_purged":["Defend_R"],"score":255,"play_id":"caca5671-3feb-42b1-bc10-4028d64727a6","local_time":"20201229212006","is_ascension_mode":false,"campfire_choices":[{"floor":16.0,"key":"REST"}],"circlet_count":0,"master_deck":["Strike_R","Strike_R","Defend_R","Defend_R","Defend_R","Bash","Bloodletting","Shrug It Off","Thunderclap","Searing Blow","Offering","Dual Wield","Fire Breathing+1","Disarm","Shrug It Off+1","Twin Strike+1","Cleave"],"relics":["Burning Blood","Toy Ornithopter","StoneCalendar","Pen Nib","Meat on the Bone","Pear","Ginger","Sundial","Frozen Egg 2","Runic Cube","Red Mask","Pantograph","Mercury Hourglass"],"acts_visited":["Exordium","TheCity"],"potions_floor_usage":[26],"damage_taken":[{"damage":0.0,"enemies":"Small Slimes","floor":1.0,"turns":4.0},{"damage":8.0,"enemies":"Jaw Worm","floor":5.0,"turns":3.0},{"damage":10.0,"enemies":"Cultist","floor":6.0,"turns":4.0},{"damage":43.0,"enemies":"3 Sentries","floor":7.0,"turns":7.0},{"damage":33.0,"enemies":"Gremlin Nob","floor":15.0,"turns":4.0},{"damage":65.0,"enemies":"The Guardian","floor":17.0,"turns":9.0},{"damage":32.0,"enemies":"2 Thieves","floor":19.0,"turns":4.0},{"damage":45.0,"enemies":"Masked Bandits","floor":22.0,"turns":5.0},{"damage":35.0,"enemies":"Book of Stabbing","floor":24.0,"turns":6.0},{"damage":33.0,"enemies":"3 Byrds","floor":25.0,"turns":5.0},{"damage":31,"enemies":"Gremlin Leader","floor":26,"turns":2}],"seed_played":"2264769012022891177","potions_obtained":[{"floor":1.0,"key":"Swift Potion"},{"floor":5.0,"key":"Ancient Potion"},{"floor":24.0,"key":"SkillPotion"}],"is_trial":false,"path_per_floor":["M","?","?","$","M","M","E","$","T","T","?","?","T","?","E","R","B",null,"M","?","?","?","T","E","M","E"],"character_chosen":"IRONCLAD","items_purchased":["Shrug It Off"],"campfire_rested":1,"item_purchase_floors":[4],"current_hp_per_floor":[3,80,77,82,82,80,76,39,39,39,49,49,49,49,49,44,72,25,95,69,95,95,56,56,39,24,0,0],"gold":394,"neow_bonus":"RANDOM_COMMON_RELIC","is_daily":false,"chose_seed":false,"campfire_upgraded":0,"win_rate":0.0,"timestamp":1609244406,"path_taken":["M","?","?","?","?","M","E","$","T","T","?","?","?","?","E","R","BOSS","M","?","?","?","?","E","M","E"],"items_purchased_type":["Card"],"build_version":"2020-12-22","purchased_purges":1,"victory":false,"max_hp_per_floor":[80,80,80,85,85,85,85,85,85,85,95,95,95,95,95,95,95,95,95,95,95,95,95,95,95,95,95,95],"card_choices":[{"not_picked":["Hemokinesis","Combust"],"picked":"Bloodletting","floor":1.0},{"not_picked":["Heavy Blade","Headbutt"],"picked":"Thunderclap","floor":5.0},{"not_picked":["Iron Wave","Warcry","Reckless Charge"],"picked":"SKIP","floor":6.0},{"not_picked":["Clothesline","Thunderclap"],"picked":"Searing Blow","floor":7.0},{"not_picked":["Flame Barrier","Thunderclap","True Grit"],"picked":"SKIP","floor":15.0},{"not_picked":["Limit Break","Reaper"],"picked":"Offering","floor":17.0},{"not_picked":["Shockwave","Disarm"],"picked":"Dual Wield","floor":19.0},{"not_picked":["Armaments+1","Searing Blow"],"picked":"Shrug It Off+1","floor":22.0},{"not_picked":["Shrug It Off","Pommel Strike"],"picked":"Twin Strike+1","floor":24.0},{"not_picked":["Headbutt","Clothesline"],"picked":"Cleave","floor":25.0}],"player_experience":9822,"relics_obtained":[{"floor":7.0,"key":"Pen Nib"},{"floor":9.0,"key":"Meat on the Bone"},{"floor":10.0,"key":"Pear"},{"floor":13.0,"key":"Sundial"},{"floor":15.0,"key":"Frozen Egg 2"},{"floor":22.0,"key":"Red Mask"},{"floor":23.0,"key":"Pantograph"},{"floor":24.0,"key":"Mercury Hourglass"}],"event_choices":[{"damage_healed":0.0,"max_hp_gain":0.0,"max_hp_loss":0.0,"gold_gain":0.0,"event_name":"Scrap Ooze","player_choice":"Success","floor":2.0,"gold_loss":0.0,"damage_taken":3.0,"relics_obtained":["StoneCalendar"]},{"damage_healed":0.0,"max_hp_gain":5.0,"max_hp_loss":0.0,"gold_gain":0.0,"event_name":"Big Fish","player_choice":"Donut","floor":3.0,"gold_loss":0.0,"damage_taken":0.0},{"damage_healed":0.0,"max_hp_gain":0.0,"max_hp_loss":0.0,"gold_gain":60.0,"event_name":"Golden Wing","player_choice":"Gained Gold","floor":11.0,"gold_loss":0.0,"damage_taken":0.0},{"damage_healed":0.0,"max_hp_gain":0.0,"max_hp_loss":0.0,"gold_gain":30.0,"event_name":"Dead Adventurer","player_choice":"Searched \u00273\u0027 times","floor":12.0,"gold_loss":0.0,"damage_taken":0.0,"relics_obtained":["Ginger"]},{"cards_removed":["Strike_R"],"damage_healed":0.0,"max_hp_gain":0.0,"max_hp_loss":0.0,"gold_gain":0.0,"event_name":"Bonfire Elementals","player_choice":"Offered Basic","floor":14.0,"gold_loss":0.0,"damage_taken":0.0},{"damage_healed":31.0,"max_hp_gain":0.0,"max_hp_loss":0.0,"gold_gain":0.0,"event_name":"The Library","player_choice":"Heal","floor":20.0,"gold_loss":0.0,"damage_taken":0.0},{"damage_healed":0.0,"max_hp_gain":0.0,"max_hp_loss":0.0,"gold_gain":0.0,"cards_transformed":["Strike_R","Strike_R"],"event_name":"Drug Dealer","player_choice":"Became Test Subject","floor":21.0,"gold_loss":0.0,"damage_taken":0.0,"cards_obtained":["Fire Breathing","Disarm"]},{"damage_healed":0.0,"max_hp_gain":0.0,"max_hp_loss":0.0,"gold_gain":0.0,"event_name":"Masked Bandits","player_choice":"Fought Bandits","floor":22.0,"gold_loss":0.0,"damage_taken":0.0}],"is_beta":false,"boss_relics":[{"not_picked":["Busted Crown","Cursed Key"],"picked":"Runic Cube"}],"items_purged_floors":[4],"is_endless":false,"potions_floor_spawned":[1,5,24],"killed_by":"Gremlin Leader","ascension_level":0}}