{"host":"sc0o2qwpf9j16a4i","time":1609274550,"event":{"mods":["AchievementEnabler","BaseMod","BetterRewards","Block Reminder","Colored Map","Colored Powertips","Custom Start","Highlight Path","Minty Spire (QoL Compilation)","Relic Stats"],"gold_per_floor":[112,112,132,132,15,15,28,67,115,115,150,150,165,199,199,294,294,309,309,5,31,31,31,62,62,86,119,119,159,159,172,172,271,271,294,294,36,101,434,434,434,434],"floor_reached":41,"playtime":900,"items_purged":["Strike_P","Defend_P"],"score":1350,"play_id":"3f8370ab-75e7-41a9-a32e-837b16957339","local_time":"20201229224230","is_ascension_mode":true,"campfire_choices":[{"data":"LikeWater","floor":6.0,"key":"SMITH"},{"data":"MasterReality","floor":10.0,"key":"SMITH"},{"floor":15.0,"key":"REST"},{"data":"Wireheading","floor":23.0,"key":"SMITH"},{"floor":25,"key":"REST"},{"data":"MentalFortress","floor":28,"key":"SMITH"},{"floor":32,"key":"REST"},{"floor":40,"key":"RECALL"}],"circlet_count":0,"master_deck":["AscendersBane","Defend_P","Defend_P","Eruption","Vigilance+1","LikeWater+1","FlyingSleeves+1","CarveReality+1","Tantrum+1","Halt+1","MasterReality+1","CutThroughFate+1","Conclude+1","Wireheading+1","Establishment","CrushJoints+1","Fasting2+1","Vengeance+1","Weave+1","Bite+1","Bite+1","Bite+1","Bite+1","Bite+1","Weave+1","Meditate+1","MentalFortress+1","CarveReality+1","Wish","SandsOfTime+1","Omniscience","Adaptation","Enlightenment","SashWhip+1"],"relics":["PureWater","Molten Egg 2","Tiny Chest","Vajra","MealTicket","War Paint","Astrolabe","Mummified Hand","Pen Nib","Blood Vial","Dream Catcher","Bag of Marbles","PreservedInsect","Fusion Hammer","Dead Branch"],"acts_visited":["Exordium","TheCity","TheBeyond"],"potions_floor_usage":[24,30,33,38],"damage_taken":[{"damage":11.0,"enemies":"2 Louse","floor":1.0,"turns":3.0},{"damage":7.0,"enemies":"Jaw Worm","floor":3.0,"turns":3.0},{"damage":0.0,"enemies":"Cultist","floor":7.0,"turns":2.0},{"damage":0.0,"enemies":"Gremlin Nob","floor":8.0,"turns":3.0},{"damage":0.0,"enemies":"Lagavulin","floor":11.0,"turns":3.0},{"damage":6.0,"enemies":"Blue Slaver","floor":13.0,"turns":2.0},{"damage":10.0,"enemies":"3 Sentries","floor":14.0,"turns":4.0},{"damage":21.0,"enemies":"The Guardian","floor":16.0,"turns":6.0},{"damage":4.0,"enemies":"Spheric Guardian","floor":18.0,"turns":3.0},{"damage":42,"enemies":"Slavers","floor":24,"turns":3},{"damage":0,"enemies":"Gremlin Leader","floor":27,"turns":4},{"damage":38,"enemies":"Slavers","floor":29,"turns":3},{"damage":0,"enemies":"Colosseum Slavers","floor":30,"turns":2},{"damage":11,"enemies":"2 Thieves","floor":31,"turns":3},{"damage":30,"enemies":"Champ","floor":33,"turns":8},{"damage":7,"enemies":"3 Shapes","floor":35,"turns":1},{"damage":20,"enemies":"2 Orb Walkers","floor":38,"turns":3},{"damage":56,"enemies":"Reptomancer","floor":41,"turns":3}],"seed_played":"8536714976975163436","potions_obtained":[{"floor":7.0,"key":"Ambrosia"},{"floor":8.0,"key":"PowerPotion"},{"floor":11.0,"key":"StancePotion"},{"floor":13.0,"key":"LiquidBronze"},{"floor":24,"key":"BlessingOfTheForge"}],"is_trial":false,"path_per_floor":["M","?","M","?","$","R","M","E","T","R","E","?","M","E","R","B",null,"M","?","$","T","?","R","E","R","T","E","R","E","?","M","R","B",null,"M","T","$","?","?","R","E"],"character_chosen":"WATCHER","items_purchased":["LikeWater","Molten Egg 2","Tantrum+1","Mummified Hand","Weave+1","Enlightenment","PowerPotion"],"campfire_rested":3,"item_purchase_floors":[0,0,5,20,20,37,37],"current_hp_per_floor":[35,57,50,50,50,50,50,50,50,50,50,50,44,34,52,31,54,50,43,43,43,43,43,10,22,22,42,42,5,7,10,22,12,35,30,30,43,32,32,32,0,0],"gold":434,"neow_bonus":"","is_daily":false,"chose_seed":false,"campfire_upgraded":4,"win_rate":0.0,"timestamp":1609274550,"path_taken":["M","?","M","?","?","R","?","E","T","R","E","?","M","E","R","BOSS","M","?","?","?","?","R","E","R","T","E","R","E","?","?","R","BOSS","M","?","$","?","?","R","E"],"items_purchased_type":["Card","Relic","Card","Relic","Card","Card","Potion"],"build_version":"2020-12-22","purchased_purges":2,"victory":false,"max_hp_per_floor":[68,68,68,62,62,62,62,62,62,62,62,62,62,62,62,62,62,62,43,43,43,43,43,43,43,43,43,43,43,43,43,43,43,43,43,43,43,43,43,43,43,43],"relic_stats":{"Blood Vial":29,"Dream Catcher":3,"counters":[30,107],"Mummified Hand":[23],"Astrolabe":["CrushJoints","Fasting2","Vengeance"],"Dead Branch":[35],"Tiny Chest":2,"MealTicket":13,"Pen Nib":[34],"PreservedInsect":60,"War Paint":["Protect","Defend_P","Vigilance","Halt"],"obtain_stats":[{"Pear":7,"Golden Idol":4,"Astrolabe":17,"Dead Branch":38,"Vajra":9,"Pen Nib":21,"PreservedInsect":29,"War Paint":20,"Blood Vial":24,"Dream Catcher":13,"Mummified Hand":20,"Pantograph":9,"Philosopher\u0027s Stone":17,"Molten Egg 2":0,"Tiny Chest":8,"MealTicket":11,"VioletLotus":0,"Fusion Hammer":34,"Bag of Marbles":27,"PureWater":0},{"Pear":4,"Golden Idol":14,"Astrolabe":20,"Dead Branch":29,"Vajra":16,"Pen Nib":21,"PreservedInsect":24,"War Paint":10,"Blood Vial":22,"Dream Catcher":7,"Mummified Hand":21,"Pantograph":5,"Philosopher\u0027s Stone":8,"Molten Egg 2":12,"Tiny Chest":16,"MealTicket":17,"VioletLotus":0,"Fusion Hammer":27,"Bag of Marbles":23,"PureWater":0},{"Pear":16,"Golden Idol":54,"Astrolabe":74,"Dead Branch":104,"Vajra":59,"Pen Nib":77,"PreservedInsect":87,"War Paint":42,"Blood Vial":80,"Dream Catcher":27,"Mummified Hand":77,"Pantograph":20,"Philosopher\u0027s Stone":33,"Molten Egg 2":48,"Tiny Chest":59,"MealTicket":62,"VioletLotus":0,"Fusion Hammer":100,"Bag of Marbles":84,"PureWater":0}]},"card_choices":[{"not_picked":["SashWhip+1","ThirdEye"],"picked":"FlyingSleeves+1","floor":1.0},{"not_picked":["Conclude+1","WaveOfTheHand"],"picked":"CarveReality+1","floor":3.0},{"not_picked":["EmptyFist+1","ThirdEye"],"picked":"Halt","floor":7.0},{"not_picked":["Vengeance","Protect"],"picked":"MasterReality","floor":8.0},{"not_picked":["BowlingBash+1","FlyingSleeves+1"],"picked":"CutThroughFate+1","floor":11.0},{"not_picked":["BowlingBash+1","Weave+1"],"picked":"Conclude+1","floor":13.0},{"not_picked":["FlyingSleeves+1","Vengeance"],"picked":"Wireheading","floor":14.0},{"not_picked":["Brilliance+1","Scrawl"],"picked":"Establishment","floor":16.0},{"not_picked":["EmptyMind","WreathOfFlame"],"picked":"Weave+1","floor":18.0},{"not_picked":["FlurryOfBlows+1","Protect"],"picked":"Meditate+1","floor":24},{"not_picked":["CarveReality+1","WreathOfFlame"],"picked":"MentalFortress","floor":27},{"not_picked":["Halt","EmptyBody"],"picked":"CarveReality+1","floor":29},{"not_picked":["CutThroughFate+1","Evaluate"],"picked":"Wish","floor":31},{"not_picked":["CrushJoints+1","EmptyFist+1"],"picked":"SandsOfTime+1","floor":32},{"not_picked":["Blasphemy","Judgement"],"picked":"Omniscience","floor":33},{"not_picked":["CutThroughFate+1","CrushJoints+1"],"picked":"Adaptation","floor":35},{"not_picked":["FlurryOfBlows+1","Evaluate"],"picked":"SashWhip+1","floor":38}],"player_experience":414712,"relics_obtained":[{"floor":8.0,"key":"Tiny Chest"},{"floor":9.0,"key":"Vajra"},{"floor":11.0,"key":"MealTicket"},{"floor":14.0,"key":"War Paint"},{"floor":21.0,"key":"Pen Nib"},{"floor":24,"key":"Blood Vial"},{"floor":26,"key":"Dream Catcher"},{"floor":27,"key":"Bag of Marbles"},{"floor":29,"key":"PreservedInsect"},{"floor":38,"key":"Dead Branch"}],"event_choices":[{"damage_healed":22.0,"max_hp_gain":0.0,"max_hp_loss":0.0,"gold_gain":0.0,"event_name":"Big Fish","player_choice":"Banana","floor":2.0,"gold_loss":0.0,"damage_taken":0.0},{"damage_healed":0.0,"max_hp_gain":0.0,"max_hp_loss":6.0,"gold_gain":0.0,"event_name":"Golden Idol","player_choice":"Lose Max HP","floor":4.0,"gold_loss":0.0,"damage_taken":0.0,"relics_obtained":["Golden Idol"]},{"damage_healed":0.0,"max_hp_gain":0.0,"max_hp_loss":0.0,"gold_gain":0.0,"event_name":"Liars Game","player_choice":"Ignored","floor":12.0,"gold_loss":0.0,"damage_taken":0.0},{"damage_healed":0.0,"max_hp_gain":0.0,"max_hp_loss":19.0,"gold_gain":0.0,"event_name":"Vampires","player_choice":"Became a vampire","floor":19.0,"gold_loss":0.0,"damage_taken":0.0,"cards_obtained":["Bite","Bite","Bite","Bite","Bite"]},{"damage_healed":0.0,"max_hp_gain":0.0,"max_hp_loss":0.0,"gold_gain":0.0,"event_name":"The Mausoleum","player_choice":"Ignored","floor":22.0,"gold_loss":0.0,"damage_taken":0.0},{"damage_healed":0,"gold_gain":0,"player_choice":"Fight","damage_taken":0,"max_hp_gain":0,"max_hp_loss":0,"event_name":"Colosseum","floor":30,"gold_loss":0},{"damage_healed":0,"gold_gain":0,"player_choice":"Fled From Nobs","damage_taken":0,"max_hp_gain":0,"max_hp_loss":0,"event_name":"Colosseum","floor":30,"gold_loss":0},{"damage_healed":0,"gold_gain":0,"player_choice":"Fight","damage_taken":0,"max_hp_gain":0,"max_hp_loss":0,"event_name":"Mysterious Sphere","floor":38,"gold_loss":0},{"damage_healed":0,"gold_gain":333,"player_choice":"Gave Idol","damage_taken":0,"max_hp_gain":0,"max_hp_loss":0,"event_name":"The Moai Head","floor":39,"relics_lost":["Golden Idol"],"gold_loss":0}],"is_beta":false,"boss_relics":[{"not_picked":["Cursed Key","Pandora\u0027s Box"],"picked":"Astrolabe"},{"not_picked":["Busted Crown","Tiny House"],"picked":"Fusion Hammer"}],"items_purged_floors":[5,37],"is_endless":false,"potions_floor_spawned":[7,8,11,13,16,24,27],"killed_by":"Reptomancer","ascension_level":18}}