{"host":"7irle2snl0x6pcqd","time":1609253769,"event":{"mods":["BaseMod","DeckTracker","Downfall","Minty Spire (QoL Compilation)","Permanent Neow","Quick Restart","Relic Stats","StSLib"],"gold_per_floor":[199,215,234,44,61,80,80,93,105,137,150,75,75,75,94,192,192,192,204,204,1,11,40,40,40,50,67,67,67,11,46,59,59,59,59],"floor_reached":33,"playtime":6418,"items_purged":[],"score":291,"play_id":"aca6fe6d-e211-49c8-82de-f8c720013b25","local_time":"20201229095609","is_ascension_mode":false,"campfire_choices":[{"data":"Guardian:TwinSlam","floor":1,"key":"SMITH"},{"floor":12,"key":"REST"},{"data":"Guardian:ChargeCore","floor":18,"key":"SMITH"},{"floor":29,"key":"REST"}],"circlet_count":0,"master_deck":["Guardian:Strike_Guardian","Guardian:Strike_Guardian","Guardian:Strike_Guardian","Guardian:Strike_Guardian","Guardian:Defend_Guardian","Guardian:Defend_Guardian","Guardian:Defend_Guardian","Guardian:Defend_Guardian","Guardian:CurlUp","Guardian:TwinSlam+1","Guardian:ConstructionForm","Guardian:ChargeCore+1","Guardian:Incinerate","Guardian:VentSteam","Guardian:ChargeUp","Guardian:ShieldSpikes","Guardian:ShieldCharger","Guardian:StasisStrike","Guardian:Incinerate+1","Guardian:TimeBomb","Guardian:TimeBomb","Guardian:Clone","Guardian:Suspension+1","Guardian:Preprogram+1","Guardian:ShieldCharger+1","J.A.X.+1","Guardian:Incinerate","Guardian:RefractedBeam","Guardian:Gem_Purple","Guardian:PiercingHide+1"],"relics":["Guardian:ModeShifterPlus","Oddly Smooth Stone","Pantograph","downfall:HeartBlessingBlue","Centennial Puzzle","Toxic Egg 2","InkBottle","Incense Burner","Kunai"],"acts_visited":["Exordium","TheCity"],"potions_floor_usage":[8,23,23,32,33,33],"damage_taken":[{"damage":5,"enemies":"Cultist","floor":2,"turns":4},{"damage":0,"enemies":"2 Louse","floor":3,"turns":3},{"damage":0,"enemies":"downfall:FleeingMerchant","floor":4,"turns":4},{"damage":2,"enemies":"Small Slimes","floor":5,"turns":3},{"damage":5,"enemies":"3 Louse","floor":6,"turns":3},{"damage":15,"enemies":"Exordium Thugs","floor":8,"turns":4},{"damage":9,"enemies":"Large Slime","floor":9,"turns":12},{"damage":24,"enemies":"Lagavulin","floor":10,"turns":8},{"damage":13,"enemies":"Blue Slaver","floor":11,"turns":3},{"damage":9,"enemies":"Lots of Slimes","floor":15,"turns":6},{"damage":15,"enemies":"downfall:Watcher","floor":16,"turns":13},{"damage":0,"enemies":"Shell Parasite","floor":19,"turns":6},{"damage":0,"enemies":"downfall:FleeingMerchant","floor":21,"turns":4},{"damage":0,"enemies":"Chosen","floor":22,"turns":5},{"damage":43,"enemies":"Slavers","floor":23,"turns":5},{"damage":8,"enemies":"Snecko","floor":26,"turns":4},{"damage":10,"enemies":"Snake Plant","floor":27,"turns":4},{"damage":8,"enemies":"downfall:FleeingMerchant","floor":30,"turns":4},{"damage":13,"enemies":"Book of Stabbing","floor":31,"turns":4},{"damage":3,"enemies":"Cultist and Chosen","floor":32,"turns":5},{"damage":53,"enemies":"downfall:Silent","floor":33,"turns":6}],"seed_played":"575306295479217108","potions_obtained":[{"floor":2,"key":"DuplicationPotion"},{"floor":5,"key":"sneckomod:MuddlingPotion"},{"floor":6,"key":"AttackPotion"},{"floor":9,"key":"LiquidMemories"},{"floor":22,"key":"PowerPotion"},{"floor":26,"key":"AttackPotion"},{"floor":31,"key":"SkillPotion"},{"floor":32,"key":"DuplicationPotion"}],"is_trial":false,"path_per_floor":["R","M","M","$","M","M","T","M","M","E","M","R","?","?","M","B",null,"R","M","?","$","M","E","T","T","M","M","?","R","$","E","M","B"],"character_chosen":"GUARDIAN","items_purchased":["Oddly Smooth Stone","Guardian:ChargeCore","Centennial Puzzle","Guardian:TimeBomb","Guardian:RefractedBeam"],"campfire_rested":2,"item_purchase_floors":[4,4,21,21,30],"current_hp_per_floor":[80,75,75,75,73,68,68,53,44,20,7,44,66,66,57,67,87,87,87,87,87,87,44,44,44,36,26,26,52,44,31,28,0,0,0],"gold":59,"neow_bonus":"HUNDRED_GOLD","is_daily":false,"chose_seed":false,"campfire_upgraded":2,"win_rate":0.0,"timestamp":1609253769,"path_taken":["R","M","M","$","M","M","T","M","?","E","M","R","?","?","M","BOSS","R","M","?","$","M","E","T","?","M","M","?","R","?","E","M","BOSS"],"items_purchased_type":["Relic","Card","Relic","Card","Card"],"build_version":"2020-12-22","purchased_purges":0,"victory":false,"max_hp_per_floor":[80,80,80,80,80,80,80,80,80,80,80,90,90,87,87,87,87,87,87,87,87,87,87,87,87,87,87,87,87,87,87,87,87,87,87],"relic_stats":{"Centennial Puzzle":[21],"counters":[21,109],"Pantograph":50,"Kunai":[1],"obtain_stats":[{"Centennial Puzzle":21,"Guardian:ModeShifterPlus":17,"downfall:HeartBlessingBlue":12,"Pantograph":10,"Guardian:ModeShifter":0,"Oddly Smooth Stone":4,"Incense Burner":25,"Kunai":31,"Toxic Egg 2":23,"InkBottle":24},{"Centennial Puzzle":13,"Guardian:ModeShifterPlus":11,"downfall:HeartBlessingBlue":9,"Pantograph":8,"Guardian:ModeShifter":0,"Oddly Smooth Stone":3,"Incense Burner":15,"Kunai":19,"Toxic Egg 2":15,"InkBottle":15},{"Centennial Puzzle":73,"Guardian:ModeShifterPlus":63,"downfall:HeartBlessingBlue":44,"Pantograph":41,"Guardian:ModeShifter":0,"Oddly Smooth Stone":11,"Incense Burner":82,"Kunai":98,"Toxic Egg 2":82,"InkBottle":82}],"InkBottle":[9]},"card_choices":[{"not_picked":["Guardian:Preprogram","Guardian:RollAttack"],"picked":"Guardian:Gem_Green","floor":2},{"not_picked":["Guardian:Gem_White","Guardian:ShieldCharger"],"picked":"Guardian:Gem_Crimson","floor":3},{"not_picked":["Guardian:Gem_Lightblue","Guardian:Gem_Fragmented"],"picked":"Guardian:ConstructionForm","floor":4},{"not_picked":["Guardian:BronzeOrb","Guardian:Repulse"],"picked":"Guardian:Incinerate","floor":5},{"not_picked":["Guardian:Reroute","Guardian:ChargeCore"],"picked":"Guardian:VentSteam","floor":6},{"not_picked":["Guardian:BronzeOrb","Guardian:Preprogram"],"picked":"Guardian:Gem_Red","floor":8},{"not_picked":["Guardian:Preprogram","Guardian:Reroute"],"picked":"Guardian:ChargeUp","floor":9},{"not_picked":["Guardian:BronzeArmor","Guardian:Suspension"],"picked":"Guardian:Gem_Cyan","floor":10},{"not_picked":["Guardian:Gem_Crimson","Guardian:DonusPower"],"picked":"Guardian:ShieldSpikes","floor":11},{"not_picked":["Guardian:CrystalBeam","Guardian:PiercingHide"],"picked":"Guardian:ShieldCharger","floor":15},{"not_picked":["Guardian:ExploitGems","Guardian:RevengeProtocol"],"picked":"Guardian:StasisStrike","floor":16},{"not_picked":["Guardian:TemporalStrike","Guardian:BronzeOrb+1"],"picked":"Guardian:Incinerate+1","floor":19},{"not_picked":["Guardian:Incinerate","Guardian:DonusPower"],"picked":"Guardian:TimeBomb","floor":21},{"not_picked":["Guardian:WalkerClaw","Guardian:RollAttack"],"picked":"Guardian:Clone","floor":22},{"not_picked":["Guardian:TemporalShield+1","Guardian:CrystalBeam"],"picked":"Guardian:Suspension+1","floor":23},{"not_picked":["Guardian:CrystalBeam","Guardian:TemporalShield+1"],"picked":"Guardian:Preprogram+1","floor":26},{"not_picked":["Guardian:Reroute","Guardian:WalkerClaw"],"picked":"Guardian:ShieldCharger+1","floor":27},{"not_picked":["Guardian:Recover+1","Guardian:Gem_Synthetic"],"picked":"Guardian:Incinerate","floor":30},{"not_picked":["Guardian:FloatingOrbs","Guardian:TemporalShield+1"],"picked":"Guardian:Gem_Purple","floor":31},{"not_picked":["Guardian:Gem_Blue","Guardian:Gem_Red"],"picked":"Guardian:PiercingHide+1","floor":32}],"player_experience":183097,"relics_obtained":[{"floor":10,"key":"Pantograph"},{"floor":23,"key":"Toxic Egg 2"},{"floor":24,"key":"InkBottle"},{"floor":25,"key":"Incense Burner"},{"floor":31,"key":"Kunai"}],"event_choices":[{"damage_healed":22,"gold_gain":0,"player_choice":"Healed and dodged fight","damage_taken":0,"max_hp_gain":0,"max_hp_loss":0,"event_name":"Mushrooms","floor":13,"gold_loss":0,"cards_obtained":["Parasite"]},{"damage_healed":0,"gold_gain":0,"player_choice":"Obtain J.A.X.","damage_taken":0,"max_hp_gain":0,"max_hp_loss":0,"event_name":"Drug Dealer","floor":28,"gold_loss":0,"cards_obtained":["J.A.X."]}],"is_beta":false,"boss_relics":[{"not_picked":["Velvet Choker","Coffee Dripper"],"picked":"Guardian:ModeShifterPlus"}],"items_purged_floors":[],"is_endless":false,"potions_floor_spawned":[2,5,6,9,11,22,26,31,32],"killed_by":"downfall:Silent","ascension_level":0}}