{"host":"bzg9y3flbaqjj1j7","time":1609263963,"event":{"mods":["AchievementEnabler","Aspiration","BaseMod","Better Third Choice","Challenge The Spire","Hubris","Hyrulean Relics","Infinite Spire","Lobotomy","LobotomyExtend","Marisa????????","Marked Mod","Minty Spire (QoL Compilation)","Permanent Neow","Rare Cards Sparkle","Reimu??????","Remilia??????","Replay The Spire","Shade Mod","Shop Mod","StSLib","The Administrix","The Alterego","The Blue Laboratory","The Fake Hero","Waifu the Spire"],"gold_per_floor":[111,121,121,134,152,152,112,130,130,157,157,90,90,109,109,206,206,219,237,249,249,267,267,208,169,169,253,253,253,288,288,288],"floor_reached":31,"playtime":3701,"items_purged":["Defend_RM"],"score":325,"play_id":"73eec051-d3ff-41e0-8f66-c33ff6b202ab","local_time":"20201229141603","is_ascension_mode":false,"campfire_choices":[{"floor":6.0,"key":"REST"},{"floor":11.0,"key":"REST"},{"floor":13.0,"key":"RECALL"},{"data":"ChaoticDestiny","floor":23.0,"key":"SMITH"},{"data":"MastersStateliness","floor":28,"key":"SMITH"}],"circlet_count":0,"master_deck":["Strike_RM","Strike_RM","Strike_RM","Strike_RM","Defend_RM","Defend_RM","Defend_RM","RedMoon+1","ScarletShoot","LaLuna","MastersStateliness+1","BombardNight","MastersStateliness+1","MeltingLove","OSAHOGD","VampirishNight","ScarletNetherworld","DevilSight","ScarletNetherworld","BatForm","Wellcheers","Freischutz","CharismaGuard","GreedKing","NightDance","DiffusionOfMisfortune","infinitespire:Collect","ChaoticDestiny+1","Laetitia","CharismaGuard","EndlessAdversity+1","BodiesMountain","FitfulNightmare","QueenOfHatred","RedRainbow","ScarletImprint"],"relics":["ScarletHat","CogitoBucket","LetterFromLob","Moonlight_r","Bag of Preparation","SkinProphecy","Honey Jar","Blue Doll","Incense Burner","HellTrain","Replay:WaspNest","RedBat","Meat on the Bone","Unceasing Top","hubris:FruitBowl","Pen Nib"],"acts_visited":["Exordium","TheCity"],"potions_floor_usage":[27],"damage_taken":[{"damage":0.0,"enemies":"2 Louse","floor":1.0,"turns":3.0},{"damage":2.0,"enemies":"Jaw Worm","floor":2.0,"turns":7.0},{"damage":0.0,"enemies":"Cultist","floor":4.0,"turns":4.0},{"damage":3.0,"enemies":"Exordium Thugs","floor":5.0,"turns":5.0},{"damage":0.0,"enemies":"Blue Slaver","floor":8.0,"turns":2.0},{"damage":14.0,"enemies":"Lagavulin","floor":10.0,"turns":8.0},{"damage":10.0,"enemies":"Large Slime","floor":14.0,"turns":2.0},{"damage":17.0,"enemies":"Hexaghost","floor":16.0,"turns":11.0},{"damage":0.0,"enemies":"Spheric Guardian","floor":18.0,"turns":6.0},{"damage":0.0,"enemies":"3 Byrds","floor":19.0,"turns":5.0},{"damage":0.0,"enemies":"Snake Plant","floor":20.0,"turns":8.0},{"damage":3.0,"enemies":"Cultist and Chosen","floor":24.0,"turns":3.0},{"damage":28,"enemies":"Replay:Snechameleon","floor":25,"turns":5},{"damage":1,"enemies":"Colosseum Slavers","floor":27,"turns":3},{"damage":0,"enemies":"Colosseum Nobs","floor":27,"turns":3},{"damage":18,"enemies":"Book of Stabbing","floor":30,"turns":6},{"damage":73,"enemies":"Centurion and Healer","floor":31,"turns":6}],"seed_played":"1744664435601414832","potions_obtained":[{"floor":4.0,"key":"Venom Potion"},{"floor":7.0,"key":"LifebloodPotion"},{"floor":7.0,"key":"blueLaboratory:BottledHope"},{"floor":7.0,"key":"SpeedPotion"},{"floor":8.0,"key":"LiquidMemories"},{"floor":16.0,"key":"blueLaboratory:AbyssPotion"},{"floor":18.0,"key":"blueLaboratory:BottleOfRum"},{"floor":19.0,"key":"blueLaboratory:BottleOfRum"},{"floor":20.0,"key":"LiquidBronze"}],"is_trial":false,"path_per_floor":["M","M","M","M","M","R","?","M","T","E","R","$","R","M","R","B",null,"M","M","M","AVR","?","R","M","E","T","?","R","$","E","M"],"character_chosen":"REMILIA","items_purchased":["ScarletNetherworld","hubris:FruitBowl"],"campfire_rested":2,"item_purchase_floors":[12,29],"current_hp_per_floor":[75,73,29,29,27,49,49,50,50,37,59,59,59,49,49,46,77,78,81,83,83,83,83,87,61,61,74,74,55,51,0,0],"gold":288,"neow_bonus":"","is_daily":false,"chose_seed":false,"campfire_upgraded":2,"win_rate":0.0,"timestamp":1609263963,"path_taken":["M","M","M","M","M","R","?","M","T","E","R","$","R","M","R","BOSS","M","M","M","AVR","?","R","M","E","T","?","R","?","E","M"],"items_purchased_type":["Card","Relic"],"build_version":"2020-12-22","purchased_purges":1,"victory":false,"max_hp_per_floor":[75,75,75,75,75,75,75,75,75,75,75,75,75,75,75,77,77,79,81,83,83,83,83,87,89,89,93,93,93,95,99,99],"card_choices":[{"not_picked":["VoidDream","WallGazer"],"picked":"LaLuna","floor":1.0},{"not_picked":["VampireFantasy","UnderTheZenith","ScarletDevil"],"picked":"SKIP","floor":1.0},{"not_picked":["Stigmanizer","UnstableMagic"],"picked":"MastersStateliness","floor":2.0},{"not_picked":["CrumblingArmor","Murderer","SpiderBud"],"picked":"Singing Bowl","floor":2.0},{"not_picked":["ScarletSymphony","UnderTheZenith"],"picked":"BombardNight","floor":4.0},{"not_picked":["HappyTeddy","CrumblingArmor"],"picked":"Scorched","floor":4.0},{"not_picked":["StarOfDavid","ScarletDevil"],"picked":"MastersStateliness","floor":5.0},{"not_picked":["Bloodbath","Porccubus"],"picked":"MeltingLove","floor":5.0},{"not_picked":["VoidDream","ShyLook","Scarecrow"],"picked":"Singing Bowl","floor":8.0},{"not_picked":["DreamingCurrent","PunishingBird"],"picked":"OSAHOGD","floor":8.0},{"not_picked":["RedMagic","NightDance","VampireKiss"],"picked":"SKIP","floor":8.0},{"not_picked":["MeatLantern","BeautyBeast","FieryBird"],"picked":"Singing Bowl","floor":10.0},{"not_picked":["FavorOfDestiny","VampireFantasy"],"picked":"VampirishNight","floor":10.0},{"not_picked":["UniverseFragment","WallGazer","BeautyBeast"],"picked":"Singing Bowl","floor":14.0},{"not_picked":["BlasphemousPunishment","ScarletDevil"],"picked":"DevilSight","floor":14.0},{"not_picked":["KillingBlow","ForecastOfChange"],"picked":"BatForm","floor":16.0},{"not_picked":["WallGazer","BeautyBeast","CherryBlossoms"],"picked":"Singing Bowl","floor":16.0},{"not_picked":["PunishingBird","BigBadWolf"],"picked":"Wellcheers","floor":16.0},{"not_picked":["Porccubus","BeautyBeast"],"picked":"Freischutz","floor":18.0},{"not_picked":["ScarletDevil","Septette","LeisurelyOfLord"],"picked":"CharismaGuard","floor":18.0},{"not_picked":["FieryBird","SpiderBud","FairyFestival"],"picked":"Singing Bowl","floor":19.0},{"not_picked":["Scorched","LittlePrince"],"picked":"GreedKing","floor":19.0},{"not_picked":["HunterOfTheNight","ReincarnationDial","RedMagic+1"],"picked":"NightDance","floor":19.0},{"not_picked":["BlackSwan","FairyFestival","SpiderBud"],"picked":"Singing Bowl","floor":20.0},{"not_picked":["VampirishNight","MiserableFate","VampireSweep"],"picked":"DiffusionOfMisfortune","floor":20.0},{"not_picked":["BloodHunter","ScarletGensokyo+1","StarOfDavid"],"picked":"ChaoticDestiny","floor":22.0},{"not_picked":["PunishingBird","Bloodbath","Scarecrow"],"picked":"Singing Bowl","floor":24.0},{"not_picked":["FairyFestival","SpiderBud"],"picked":"Laetitia","floor":24.0},{"not_picked":["NightDance+1","CeilingFear","SuperhumanBloodyKnife+1"],"picked":"CharismaGuard","floor":24.0},{"not_picked":["CeilingFear","BombardNight","AfternoonTea"],"picked":"EndlessAdversity+1","floor":25},{"not_picked":["LongBird","SingingMachine","ShyLook"],"picked":"Singing Bowl","floor":25},{"not_picked":["FairyFestival","LittlePrince"],"picked":"BodiesMountain","floor":25},{"not_picked":["VoidDream","Alriune","UniverseFragment"],"picked":"Singing Bowl","floor":27},{"not_picked":["ForbiddenFruit+1","BlasphemousPunishment+1","BombardNight"],"picked":"FitfulNightmare","floor":27},{"not_picked":["MeatLantern","PunishingBird"],"picked":"QueenOfHatred","floor":30},{"not_picked":["UltimateOffering","EndlessAdversity","BadLadyScramble+1"],"picked":"RedRainbow","floor":30},{"not_picked":["ScarletDevilSign+1","BadLadyScramble","UltimateOffering"],"picked":"ScarletImprint","floor":30}],"player_experience":139064,"relics_obtained":[{"floor":1.0,"key":"LetterFromLob"},{"floor":10.0,"key":"Bag of Preparation"},{"floor":22.0,"key":"Incense Burner"},{"floor":25,"key":"Replay:WaspNest"},{"floor":26,"key":"RedBat"},{"floor":27,"key":"Meat on the Bone"},{"floor":27,"key":"Unceasing Top"},{"floor":30,"key":"Pen Nib"}],"event_choices":[{"damage_healed":0.0,"max_hp_gain":0.0,"max_hp_loss":0.0,"gold_gain":0.0,"event_name":"The Woman in Blue","player_choice":"Bought 3 Potions","floor":7.0,"gold_loss":0.0,"damage_taken":0.0},{"damage_healed":0,"gold_gain":0,"player_choice":"Fight","damage_taken":0,"max_hp_gain":0,"max_hp_loss":0,"event_name":"Colosseum","floor":27,"gold_loss":0},{"damage_healed":0,"gold_gain":0,"player_choice":"Fought Nobs","damage_taken":0,"max_hp_gain":0,"max_hp_loss":0,"event_name":"Colosseum","floor":27,"gold_loss":0}],"is_beta":false,"boss_relics":[{"not_picked":["SlaversCollar","SacredBark"],"picked":"Honey Jar"}],"items_purged_floors":[21],"is_endless":false,"potions_floor_spawned":[4,8,16,18,19,20],"killed_by":"Centurion and Healer","ascension_level":0}}