{"host":"8fjsnt81u6xsmhji","time":1609233774,"event":{"mods":["BaseMod","Beaked The Cultist","Colored Powertips","Downfall","Glutton Mod","Hermit","Minty Spire (QoL Compilation)","Quick Restart","StSLib","The Bug Knight","The Forsaken","The Hierophant"],"gold_per_floor":[99,114,130,140,160,160,185,35,63,75,95,117,117,151,162,259,259,259,273,291,19,19,45,45,145,145,160,85,85,182,235,287,426,426,426,485,152,206,206,231,281,281,347,347,418,134,134,193,245,285],"floor_reached":51,"playtime":3047,"items_purged":["Regret"],"score":875,"play_id":"2dd7b89e-ec96-45c6-ba7b-8bb47cc7b778","local_time":"20201229032254","is_ascension_mode":true,"campfire_choices":[{"floor":1.0,"key":"RECALL"},{"floor":8.0,"key":"REST"},{"floor":13.0,"key":"REST"},{"data":"expansioncontent:DashGenerateEvil","floor":18.0,"key":"SMITH"},{"floor":28.0,"key":"REST"},{"data":"Slimebound:DuplicatedForm","floor":35.0,"key":"SMITH"},{"floor":47,"key":"REST"}],"circlet_count":0,"master_deck":["Slimebound:Strike_Slimebound","Slimebound:Strike_Slimebound","Slimebound:Strike_Slimebound","Slimebound:Tackle","Slimebound:Defend_Slimebound","Slimebound:Defend_Slimebound","Slimebound:Defend_Slimebound","Slimebound:Defend_Slimebound","Slimebound:Split","Slimebound:CorrosiveSpit","expansioncontent:DashGenerateEvil+1","Slimebound:SlimeSpikes","Slimebound:ViciousTackle","Slimebound:Dissolve","Slimebound:RollThrough","Slimebound:GoopTackle","Slimebound:ComboTackle","Slimebound:SamplingLick","Slimebound:Grow","Slimebound:Gluttony","Slimebound:RollThrough","Slimebound:OozeBath","Slimebound:SamplingLick+1","Slimebound:HauntingLick","Slimebound:DuplicatedForm+1","Slimebound:LivingWall","Slimebound:FinishingTackle","Slimebound:SlimeSpikes","Slimebound:FirmFortitude+1","Slimebound:SelfFormingGoo","Slimebound:BestDefense","Slimebound:FlameTackle","Injury","Doubt","Injury","expansioncontent:Collect","expansioncontent:CaCaw","Slimebound:Recollect+1","Slimebound:Replication+1","Slimebound:SplitBruiser+1","Slimebound:LeadByExample+1","Slimebound:SpikyOuterGoop"],"relics":["Slimebound:AbsorbEndCombat","downfall:HeartBlessingRed","downfall:HeartBlessingBlue","Dream Catcher","Odd Mushroom","Guardian:PocketSentry","Black Star","Eternal Feather","HollowMod:PaleOreRelic","Juzu Bracelet","Blue Candle","Mango","Kunai","downfall:HeartBlessingGreen","downfall:KnowingSkull","Cursed Key","Gremlin Horn","PreservedInsect","Strawberry","Smiling Mask","Bag of Preparation","Singing Bowl","Letter Opener","beaked:ShinyBauble"],"acts_visited":["Exordium","TheCity","TheBeyond"],"potions_floor_usage":[50],"damage_taken":[{"damage":9.0,"enemies":"Cultist","floor":2.0,"turns":4.0},{"damage":10.0,"enemies":"Jaw Worm","floor":3.0,"turns":4.0},{"damage":3.0,"enemies":"2 Louse","floor":4.0,"turns":1.0},{"damage":24.0,"enemies":"Lots of Slimes","floor":5.0,"turns":5.0},{"damage":20.0,"enemies":"3 Sentries","floor":9.0,"turns":6.0},{"damage":1.0,"enemies":"Exordium Wildlife","floor":10.0,"turns":2.0},{"damage":12.0,"enemies":"Blue Slaver","floor":11.0,"turns":3.0},{"damage":5.0,"enemies":"The Mushroom Lair","floor":12.0,"turns":3.0},{"damage":13.0,"enemies":"Lagavulin","floor":14.0,"turns":5.0},{"damage":0.0,"enemies":"Lots of Slimes","floor":15.0,"turns":1.0},{"damage":38.0,"enemies":"downfall:Silent","floor":16.0,"turns":8.0},{"damage":3.0,"enemies":"Spheric Guardian","floor":19.0,"turns":3.0},{"damage":18.0,"enemies":"Shell Parasite","floor":20.0,"turns":4.0},{"damage":6.0,"enemies":"downfall:FleeingMerchant","floor":21.0,"turns":4.0},{"damage":35.0,"enemies":"Gremlin Leader","floor":23.0,"turns":7.0},{"damage":45.0,"enemies":"downfall:Defect","floor":25.0,"turns":6.0},{"damage":22.0,"enemies":"Chosen and Byrds","floor":27.0,"turns":6.0},{"damage":23.0,"enemies":"Shelled Parasite and Fungi","floor":30.0,"turns":4.0},{"damage":20.0,"enemies":"Cultist and Chosen","floor":31.0,"turns":5.0},{"damage":30.0,"enemies":"Centurion and Healer","floor":32.0,"turns":5.0},{"damage":22.0,"enemies":"downfall:Watcher","floor":33.0,"turns":7.0},{"damage":8.0,"enemies":"Orb Walker","floor":36.0,"turns":4.0},{"damage":7.0,"enemies":"3 Shapes","floor":38.0,"turns":3.0},{"damage":64.0,"enemies":"Nemesis","floor":43.0,"turns":7.0},{"damage":36,"enemies":"Reptomancer","floor":45,"turns":6},{"damage":2,"enemies":"downfall:FleeingMerchant","floor":46,"turns":4},{"damage":25,"enemies":"Transient","floor":48,"turns":5},{"damage":25,"enemies":"4 Shapes","floor":49,"turns":3},{"damage":50,"enemies":"downfall:Defect","floor":50,"turns":8}],"seed_played":"-6394609809833880320","potions_obtained":[{"floor":5.0,"key":"SteroidPotion"},{"floor":9.0,"key":"SneckoOil"},{"floor":14.0,"key":"FairyPotion"},{"floor":15.0,"key":"SpeedPotion"},{"floor":16.0,"key":"AttackPotion"},{"floor":20.0,"key":"DuplicationPotion"},{"floor":22.0,"key":"PowerPotion"},{"floor":31.0,"key":"FairyPotion"},{"floor":43.0,"key":"Slimebound:SlimyTonguePotion"}],"is_trial":false,"path_per_floor":["R","M","M","M","M","?","T","R","E","M","M","?","R","E","M","B",null,"R","M","M","$","?","E","T","?","?","M","R","?","M","M","M","B",null,"R","M","?","M","?","T","T","?","E","?","E","$","R","M","M","B",null],"character_chosen":"SLIMEBOUND","items_purchased":["Eternal Feather","beaked:ShinyBauble"],"campfire_rested":4,"item_purchase_floors":[21,46],"current_hp_per_floor":[60,59,57,54,34,34,34,65,49,48,42,43,64,63,65,51,70,70,69,59,65,65,48,48,46,46,38,78,72,63,59,52,61,84,84,80,95,95,95,95,102,97,49,49,31,43,99,82,67,52],"gold":285,"neow_bonus":"RANDOM_COLORLESS_2","is_daily":false,"chose_seed":false,"campfire_upgraded":2,"win_rate":0.0,"timestamp":1609233774,"path_taken":["R","M","M","?","M","?","T","R","E","M","M","?","R","E","M","BOSS","R","M","M","$","?","E","T","?","?","M","R","?","M","M","M","BOSS","R","M","?","M","?","?","T","?","E","?","E","?","R","M","M","BOSS"],"items_purchased_type":["Relic","Relic"],"build_version":"2020-12-22","purchased_purges":1,"victory":true,"max_hp_per_floor":[60,60,60,60,60,60,60,70,70,70,70,70,70,70,70,70,70,70,70,70,70,70,70,70,84,84,84,84,84,84,84,84,84,84,84,84,95,95,95,95,102,102,102,102,102,102,104,104,104,104],"card_choices":[{"not_picked":["Metamorphosis","Magnetism"],"picked":"expansioncontent:DashGenerateEvil","floor":0.0},{"not_picked":["Slimebound:SamplingLick","Slimebound:ForwardTackle"],"picked":"Slimebound:SlimeSpikes","floor":2.0},{"not_picked":["Slimebound:GoopSpray","Slimebound:Recollect"],"picked":"Slimebound:ViciousTackle","floor":3.0},{"not_picked":["Slimebound:SplitBruiser","Slimebound:SlimeBarrage"],"picked":"Slimebound:Dissolve","floor":4.0},{"not_picked":["Slimebound:Schlurp","Slimebound:SplitAcid"],"picked":"Slimebound:RollThrough","floor":5.0},{"not_picked":["Slimebound:MinionMaster","Slimebound:RollThrough"],"picked":"Slimebound:GoopTackle","floor":9.0},{"not_picked":["Slimebound:SlimeBarrage","Slimebound:SplitBruiser"],"picked":"Slimebound:ComboTackle","floor":10.0},{"not_picked":["Slimebound:SplitAcid","Slimebound:LeechingTouch"],"picked":"Slimebound:SamplingLick","floor":11.0},{"not_picked":["Slimebound:LeechingTouch","Slimebound:Chomp"],"picked":"Slimebound:Grow","floor":13.0},{"not_picked":["Slimebound:Equalize","Slimebound:SplitBruiser"],"picked":"Slimebound:Gluttony","floor":14.0},{"not_picked":["Slimebound:SlimeTap","Slimebound:SlimeSpikes"],"picked":"Slimebound:RollThrough","floor":15.0},{"not_picked":["Slimebound:Teamwork","Slimebound:SlimeSlap"],"picked":"Slimebound:OozeBath","floor":16.0},{"not_picked":["Slimebound:Dissolve","Slimebound:SplitLeeching"],"picked":"Slimebound:SamplingLick+1","floor":19.0},{"not_picked":["Slimebound:ItLooksTasty","Slimebound:LevelUp","Slimebound:SplitBruiser"],"picked":"SKIP","floor":20.0},{"not_picked":["Slimebound:RollThrough","Slimebound:SlimeSpikes"],"picked":"Slimebound:HauntingLick","floor":21.0},{"not_picked":["Slimebound:GrowthPunch","Slimebound:ViciousTackle"],"picked":"Slimebound:DuplicatedForm","floor":23.0},{"not_picked":["Slimebound:LeechEnergy+1","Slimebound:PressTheAttack","Slimebound:SplitBruiser+1"],"picked":"SKIP","floor":27.0},{"not_picked":["Slimebound:BestDefense","Slimebound:LeechEnergy"],"picked":"Slimebound:LivingWall","floor":28.0},{"not_picked":["Slimebound:RallyTheTroops","Slimebound:SlimeBrawl"],"picked":"Slimebound:FinishingTackle","floor":30.0},{"not_picked":["Slimebound:RainOfGoop","Slimebound:HauntingLick+1"],"picked":"Slimebound:SlimeSpikes","floor":31.0},{"not_picked":["Slimebound:PressTheAttack","Slimebound:SlimeSpikes"],"picked":"Slimebound:FirmFortitude+1","floor":32.0},{"not_picked":["Slimebound:MassRepurpose","Slimebound:Overexert"],"picked":"Slimebound:SelfFormingGoo","floor":33.0},{"not_picked":["Slimebound:PressTheAttack","Slimebound:ItLooksTasty"],"picked":"Slimebound:BestDefense","floor":36.0},{"not_picked":["Slimebound:ItLooksTasty","Slimebound:LeechEnergy+1"],"picked":"Slimebound:FlameTackle","floor":38.0},{"not_picked":["expansioncontent:FaceSlap","expansioncontent:ChargeUp"],"picked":"expansioncontent:Collect","floor":42.0},{"not_picked":["expansioncontent:GuardianWhirl","expansioncontent:SuperHexaguard"],"picked":"expansioncontent:CaCaw","floor":42.0},{"not_picked":["Slimebound:PressTheAttack","Slimebound:RejuvenatingLick"],"picked":"Slimebound:Recollect+1","floor":43.0},{"not_picked":["Slimebound:SlimeSpikes+1","Slimebound:GoopSpray"],"picked":"Slimebound:Replication+1","floor":45},{"not_picked":["Slimebound:SamplingLick+1","Slimebound:LeechEnergy+1"],"picked":"Slimebound:SplitBruiser+1","floor":46},{"not_picked":["Slimebound:Schlurp+1","Slimebound:ComboTackle","Slimebound:SamplingLick"],"picked":"Singing Bowl","floor":47},{"not_picked":["Slimebound:Equalize","Slimebound:SplitBruiser"],"picked":"Slimebound:LeadByExample+1","floor":48},{"not_picked":["Slimebound:LeadByExample","Slimebound:LivingWall+1"],"picked":"Slimebound:SpikyOuterGoop","floor":49}],"player_experience":601192,"relics_obtained":[{"floor":9.0,"key":"Dream Catcher"},{"floor":12.0,"key":"Odd Mushroom"},{"floor":14.0,"key":"Guardian:PocketSentry"},{"floor":23.0,"key":"HollowMod:PaleOreRelic"},{"floor":23.0,"key":"Juzu Bracelet"},{"floor":24.0,"key":"Blue Candle"},{"floor":25.0,"key":"Mango"},{"floor":25.0,"key":"Kunai"},{"floor":39.0,"key":"Gremlin Horn"},{"floor":40.0,"key":"PreservedInsect"},{"floor":41.0,"key":"Strawberry"},{"floor":43.0,"key":"Smiling Mask"},{"floor":43.0,"key":"Bag of Preparation"},{"floor":45,"key":"Singing Bowl"},{"floor":45,"key":"Letter Opener"}],"event_choices":[{"damage_healed":0.0,"max_hp_gain":0.0,"max_hp_loss":0.0,"gold_gain":0.0,"event_name":"Mushrooms","player_choice":"Fought Mushrooms","floor":12.0,"gold_loss":0.0,"damage_taken":0.0},{"damage_healed":0.0,"max_hp_gain":0.0,"max_hp_loss":0.0,"gold_gain":0.0,"event_name":"Lab","player_choice":"Got Potions","floor":22.0,"gold_loss":0.0,"damage_taken":0.0},{"damage_healed":0.0,"max_hp_gain":0.0,"max_hp_loss":0.0,"gold_gain":0.0,"event_name":"Mysterious Sphere","player_choice":"Ignored","floor":44.0,"gold_loss":0.0,"damage_taken":0.0}],"is_beta":false,"boss_relics":[{"not_picked":["Pandora\u0027s Box","theForsaken:PaleLantern"],"picked":"Black Star"},{"not_picked":["Calling Bell","Slimebound:TarBlob"],"picked":"Cursed Key"}],"items_purged_floors":[46],"is_endless":false,"potions_floor_spawned":[5,9,14,15,16,20,25,27,31,33,43,45,48],"ascension_level":1}}