{"host":"2qdrd1k0srhz2le1","time":1609243461,"event":{"mods":["ATMod(阿瑾Mod)","Ascension Reborn","BaseMod","Better Vampires","Challenge The Spire","Colored Powertips","Conspire","Lobotomy","LobotomyExtend","Marisa（F雨　魔理沙）","Minty Spire (QoL Compilation)","MostiFishMod","Relic Stats","Replay The Spire","Robot Space Explorer","SOS（斯巴达之子）","Shop Mod","Spicy Shops","StSLib","TestMod","The Edgeheg","Yakumo Yukari mod","篝火指南"],"gold_per_floor":[109,109,34,49,68,68,68,78,96,106,106,120,146,2,2,144,144,159,159,175,175,184,207,207,239,239,219,237,152,181,131,131,199,199,217,235,255,278,178,223,244,244,244,266,312,347,347,365,365,382,382,382,332,367,381],"floor_reached":56,"playtime":2074,"items_purged":["Strike_R","Pain","ReplayTheSpireMod:Restless Dread","Voices","Sickly","Spreading Infection"],"score":1690,"play_id":"86155ab7-f72c-4512-88dd-1d2b657e17c8","local_time":"20201229200421","is_ascension_mode":true,"campfire_choices":[{"data":"AT_IchimonjiDouble","floor":6.0,"key":"SMITH"},{"data":"Pommel Strike","floor":11.0,"key":"SMITH"},{"floor":15.0,"key":"DIG"},{"data":"MostiFishMod:FlyOverUtopia","floor":24.0,"key":"SMITH"},{"data":"MostiFishMod:WingOfPhoenix","floor":32.0,"key":"SMITH"},{"floor":42.0,"key":"REST"},{"floor":49.0,"key":"RECALL"},{"data":"Defend_R","floor":52,"key":"SMITH"}],"circlet_count":0,"master_deck":["Strike_R+1","Strike_R","Defend_R","Defend_R+1","Defend_R","Defend_R+1","Bash","AscMod:ascendersbane","AT_IchimonjiDouble+1","Pommel Strike+1","Shrug It Off","Fiend Fire","MostiFishMod:#F4004","AT_FamilyPortrait","Flash of Steel","MostiFishMod:ChineseTea","AT_BodySlamDance+1","Fiend Fire","AT_ShrugMaster","MostiFishMod:FlyOverUtopia+1","MostiFishMod:WingOfPhoenix+1","AT_CaressingTears","Amnesia","ReplayTheSpireMod:Splinters","MostiFishMod:DarkDeal","Inflame","AT_GerminateFire","Bloodletting","Bloodletting+1","MostiFishMod:MusicBox","MostiFishMod:ButterFly","conspire:NecroticWound","Corruption","Bloodletting","AT_CaressingTears+1","MostiFishMod:Awakening+1","CommonCold","ReplayTheSpireMod:Splinters"],"relics":["Burning Blood","testmod-TestBox","AT_ATBox","DaveBox","BirthdayGift-Tetrahedron","testmod-CasingShield","NeowsBlessing","SynthV:TestCard","LetterFromLob","Gremlin Food","conspire:TopHat","Juzu Bracelet","ReplayTheSpireMod:ShopPack","Replay:Baseball","DiscerningMonocle","testmod-Acrobat","Snack Pack","Smiling Mask","testmod-Laevatain","Orrery","AT_TimeSand","AT_EbonyIvory","SynthV:C4","PreservedInsect","testmod-Register","SacredBark","AT_ArchangelStaff","Oddly Smooth Stone","Boot","Ancient Tea Set","TimeFreeze","ReplayTheSpireMod:CursedCoin","testmod-Hope","testmod-TurbochargingSystem","ReplayTheSpireMod:Lightbulb","SynthV","MetatronsCube","AT_RedTearstoneRing","Eternal Feather","Durian","testmod-IndustrialRevolution","King of Hearts","BrkXgEgg","Ying","Pet Ghost","Simple Rune","BionicSphere"],"acts_visited":["Exordium","TheCity","TheBeyond","TheEnding"],"potions_floor_usage":[55,55],"damage_taken":[{"damage":0.0,"enemies":"Jaw Worm","floor":1.0,"turns":1.0},{"damage":0.0,"enemies":"Cultist","floor":4.0,"turns":1.0},{"damage":0.0,"enemies":"Small Slimes","floor":8.0,"turns":1.0},{"damage":2.0,"enemies":"Exordium Wildlife","floor":10.0,"turns":2.0},{"damage":3.0,"enemies":"3 Louse","floor":12.0,"turns":2.0},{"damage":4.0,"enemies":"3 Sentries","floor":13.0,"turns":3.0},{"damage":4.0,"enemies":"The Guardian","floor":16.0,"turns":3.0},{"damage":5.0,"enemies":"3 Byrds","floor":18.0,"turns":3.0},{"damage":8.0,"enemies":"Shell Parasite","floor":20.0,"turns":2.0},{"damage":2.0,"enemies":"Snecko","floor":22.0,"turns":2.0},{"damage":17.0,"enemies":"Book of Stabbing","floor":23.0,"turns":2.0},{"damage":34.0,"enemies":"Slavers","floor":25.0,"turns":4.0},{"damage":13.0,"enemies":"Shelled Parasite and Fungi","floor":28.0,"turns":2.0},{"damage":6.0,"enemies":"Replay:Snechameleon","floor":30.0,"turns":2.0},{"damage":11.0,"enemies":"Pondfish","floor":33.0,"turns":2.0},{"damage":13.0,"enemies":"Orb Walker","floor":35.0,"turns":3.0},{"damage":54.0,"enemies":"3 Darklings","floor":36.0,"turns":2.0},{"damage":27.0,"enemies":"Jaw Worm Horde","floor":38.0,"turns":3.0},{"damage":29.0,"enemies":"Nemesis","floor":40.0,"turns":3.0},{"damage":19.0,"enemies":"Maw","floor":41.0,"turns":3.0},{"damage":16.0,"enemies":"4 Shapes","floor":44.0,"turns":2.0},{"damage":13.0,"enemies":"2 Orb Walkers","floor":45.0,"turns":2.0},{"damage":17.0,"enemies":"Reptomancer","floor":46.0,"turns":3.0},{"damage":16.0,"enemies":"3 Darklings","floor":48.0,"turns":2.0},{"damage":34,"enemies":"Replay:Hell Engine","floor":50,"turns":2},{"damage":10,"enemies":"Shield and Spear","floor":54,"turns":2},{"damage":14,"enemies":"The Heart","floor":55,"turns":3}],"seed_played":"-3460079278848391182","potions_obtained":[{"floor":1.0,"key":"Flashbang"},{"floor":4.0,"key":"Weak Potion"},{"floor":8.0,"key":"testmod-TestPotion"},{"floor":18.0,"key":"BloodPotion"},{"floor":27.0,"key":"testmod-EscapePotion"},{"floor":33.0,"key":"BloodPotion"}],"is_trial":false,"path_per_floor":["M","?","?","M","T","R","E","M","T","M","R","M","E","$","R","B",null,"M","?","M","?","M","E","R","E","T","?","M","?","E","$","R","B",null,"M","M","$","M","$","E","M","R","T","M","?","E","?","M","R","B",null,"R","$","E","B",null],"character_chosen":"IRONCLAD","items_purchased":["ReplayTheSpireMod:ShopPack","MostiFishMod:DarkDeal","Orrery","AT_TimeSand","AT_EbonyIvory","SynthV:C4","PreservedInsect","testmod-Register","MostiFishMod:MusicBox","MostiFishMod:ButterFly","AT_ArchangelStaff","Oddly Smooth Stone","Boot","Ancient Tea Set","TimeFreeze","ReplayTheSpireMod:CursedCoin","Bloodletting","testmod-SpacePotion","EssenceOfSteel","SkillPotion","SkillPotion","testmod-Hope","testmod-TurbochargingSystem","ReplayTheSpireMod:Lightbulb","SynthV","MetatronsCube","King of Hearts","BrkXgEgg","Ying","Pet Ghost","Simple Rune","MostiFishMod:Awakening+1"],"campfire_rested":1,"item_purchase_floors":[14,31,31,31,31,31,31,31,31,31,37,37,37,37,37,37,37,37,37,37,37,39,39,39,39,39,53,53,53,53,53,53],"current_hp_per_floor":[77,80,80,80,80,80,80,80,80,80,80,80,80,80,80,80,80,80,80,77,77,80,74,74,64,64,64,62,62,67,67,67,77,79,78,40,66,49,49,38,34,53,53,58,70,83,83,83,85,85,85,85,85,85,85],"gold":381,"neow_bonus":"THREE_ENEMY_KILL","is_daily":false,"chose_seed":false,"campfire_upgraded":5,"win_rate":0.0,"timestamp":1609243461,"path_taken":["M","?","?","?","?","R","E","M","T","M","R","M","E","?","R","BOSS","M","?","M","?","M","E","R","E","T","?","M","?","E","$","R","BOSS","M","M","$","M","$","E","M","R","T","M","?","E","?","M","R","BOSS","R","$","E","BOSS"],"items_purchased_type":["Relic","Card","Relic","Relic","Relic","Relic","Relic","Relic","Card","Card","Relic","Relic","Relic","Relic","Relic","Relic","Card","Potion","Potion","Potion","Potion","Relic","Relic","Relic","Relic","Relic","Relic","Relic","Relic","Relic","Relic","Card"],"build_version":"2020-12-22","purchased_purges":6,"victory":true,"max_hp_per_floor":[80,80,80,80,80,80,80,80,80,80,80,80,80,80,80,80,80,80,80,80,80,80,80,80,80,80,80,80,80,80,80,80,80,80,80,80,80,80,80,80,80,80,80,80,85,85,85,85,85,85,85,85,85,85,85],"relic_stats":{"counters":[27,62],"Eternal Feather":2,"PreservedInsect":178,"Juzu Bracelet":2,"Smiling Mask":675,"Boot":[160],"obtain_stats":[{"AT_ATBox":0,"Ying":53,"DaveBox":0,"DiscerningMonocle":17,"SynthV":39,"SacredBark":34,"King of Hearts":53,"Juzu Bracelet":13,"AT_TimeSand":31,"Smiling Mask":29,"AT_ArchangelStaff":37,"Boot":37,"Ancient Tea Set":37,"Burning Blood":0,"testmod-CasingShield":0,"conspire:TopHat":9,"SynthV:C4":31,"Pet Ghost":53,"testmod-Laevatain":30,"BirthdayGift-Tetrahedron":0,"Gremlin Food":5,"AT_RedTearstoneRing":40,"testmod-TestBox":0,"NeowsBlessing":0,"testmod-Register":31,"ReplayTheSpireMod:CursedCoin":37,"Oddly Smooth Stone":37,"Eternal Feather":43,"AT_EbonyIvory":31,"PreservedInsect":31,"BrkXgEgg":53,"testmod-TurbochargingSystem":39,"TimeFreeze":37,"testmod-IndustrialRevolution":46,"Replay:Baseball":15,"SynthV:TestCard":1,"testmod-Acrobat":23,"BionicSphere":54,"Orrery":31,"testmod-Hope":39,"Simple Rune":53,"LetterFromLob":1,"Snack Pack":25,"Durian":45,"ReplayTheSpireMod:Lightbulb":39,"ReplayTheSpireMod:ShopPack":14,"MetatronsCube":39},{"AT_ATBox":0,"Ying":25,"DaveBox":0,"DiscerningMonocle":7,"SynthV":18,"SacredBark":15,"King of Hearts":25,"Juzu Bracelet":6,"AT_TimeSand":14,"Smiling Mask":13,"AT_ArchangelStaff":17,"Boot":17,"Ancient Tea Set":17,"Burning Blood":0,"testmod-CasingShield":0,"conspire:TopHat":3,"SynthV:C4":14,"Pet Ghost":25,"testmod-Laevatain":14,"BirthdayGift-Tetrahedron":0,"Gremlin Food":2,"AT_RedTearstoneRing":19,"testmod-TestBox":0,"NeowsBlessing":0,"testmod-Register":14,"ReplayTheSpireMod:CursedCoin":17,"Oddly Smooth Stone":17,"Eternal Feather":20,"AT_EbonyIvory":14,"PreservedInsect":14,"BrkXgEgg":25,"testmod-TurbochargingSystem":18,"TimeFreeze":17,"testmod-IndustrialRevolution":23,"Replay:Baseball":6,"SynthV:TestCard":1,"testmod-Acrobat":11,"BionicSphere":26,"Orrery":14,"testmod-Hope":18,"Simple Rune":25,"LetterFromLob":1,"Snack Pack":12,"Durian":22,"ReplayTheSpireMod:Lightbulb":18,"ReplayTheSpireMod:ShopPack":6,"MetatronsCube":18},{"AT_ATBox":0,"Ying":57,"DaveBox":0,"DiscerningMonocle":13,"SynthV":40,"SacredBark":32,"King of Hearts":57,"Juzu Bracelet":10,"AT_TimeSand":30,"Smiling Mask":28,"AT_ArchangelStaff":37,"Boot":37,"Ancient Tea Set":37,"Burning Blood":0,"testmod-CasingShield":0,"conspire:TopHat":3,"SynthV:C4":30,"Pet Ghost":57,"testmod-Laevatain":30,"BirthdayGift-Tetrahedron":0,"Gremlin Food":2,"AT_RedTearstoneRing":43,"testmod-TestBox":0,"NeowsBlessing":0,"testmod-Register":30,"ReplayTheSpireMod:CursedCoin":37,"Oddly Smooth Stone":37,"Eternal Feather":46,"AT_EbonyIvory":30,"PreservedInsect":30,"BrkXgEgg":57,"testmod-TurbochargingSystem":40,"TimeFreeze":37,"testmod-IndustrialRevolution":53,"Replay:Baseball":10,"SynthV:TestCard":1,"testmod-Acrobat":22,"BionicSphere":59,"Orrery":30,"testmod-Hope":40,"Simple Rune":57,"LetterFromLob":1,"Snack Pack":26,"Durian":50,"ReplayTheSpireMod:Lightbulb":40,"ReplayTheSpireMod:ShopPack":10,"MetatronsCube":40}],"Burning Blood":100},"card_choices":[{"not_picked":["Pummel","Intimidate","Defy Death"],"picked":"SKIP","floor":1.0},{"not_picked":["Hemokinesis","Blood for Blood","ReplayTheSpireMod:Limb From Limb","Pummel"],"picked":"Pommel Strike","floor":4.0},{"not_picked":["Wild Strike","Body Slam","Infernal Blade","Havoc"],"picked":"Shrug It Off","floor":8.0},{"not_picked":["Havoc","Burning Pact","Cleave","Armaments","AT_ManFootWork"],"picked":"SKIP","floor":10.0},{"not_picked":["Reckless Charge","Heavy Blade","ReplayTheSpireMod:Corrosion Curse","Run Through"],"picked":"Fiend Fire","floor":12.0},{"not_picked":["Evolve","Cleave","Flame Barrier","Pommel Strike"],"picked":"MostiFishMod:#F4004","floor":13.0},{"not_picked":["Secret Technique","Midas Touch","testmod-AdversityCounterattack","testmod-DisillusionmentEcho"],"picked":"AT_FamilyPortrait","floor":14.0},{"not_picked":["Replay:Sssssssssstrike","Panache","HandOfGreed","Trip"],"picked":"Flash of Steel","floor":14.0},{"not_picked":["Barricade","Eclipse","MostiFishMod:RainCloud","Double Tap"],"picked":"MostiFishMod:ChineseTea","floor":16.0},{"not_picked":["Heavy Blade","Inflame","Thunderclap","Pommel Strike+1"],"picked":"AT_BodySlamDance+1","floor":18.0},{"not_picked":["Cleave","Shrug It Off","ReplayTheSpireMod:Strike From Hell","Rage"],"picked":"AT_ShrugMaster","floor":20.0},{"not_picked":["Rampage","Warcry","Dropkick","AT_IchimonjiDouble","Second Wind"],"picked":"SKIP","floor":22.0},{"not_picked":["Dropkick","Life Link","Pommel Strike","conspire:ExplosiveBarrier"],"picked":"MostiFishMod:FlyOverUtopia","floor":23.0},{"not_picked":["Abandon","Armaments","AT_IchimonjiDouble","Perfected Strike"],"picked":"MostiFishMod:WingOfPhoenix","floor":25.0},{"not_picked":["Second Wind","Twin Strike","Cleave","Bloodletting"],"picked":"AT_CaressingTears","floor":28.0},{"not_picked":["Heavy Blade","Uppercut","AT_CaressingTears","Run Through+1","Hemokinesis"],"picked":"SKIP","floor":30.0},{"not_picked":["Pommel Strike","Shrug It Off","Defy Death","ReplayTheSpireMod:Strike From Hell"],"picked":"Inflame","floor":31.0},{"not_picked":["Combust","Armaments","AT_BodySlamDance","AT_ShrugMaster"],"picked":"AT_GerminateFire","floor":31.0},{"not_picked":["Rupture","Shockwave","Iron Wave","Combust+1"],"picked":"Bloodletting","floor":31.0},{"not_picked":["Sword Boomerang","Rage","AT_BodySlamDance","AT_ManFootWork"],"picked":"Bloodletting","floor":31.0},{"not_picked":["MostiFishMod:FlyOverUtopia","Feed","MostiFishMod:Chiaki","Eclipse"],"picked":"Corruption","floor":33.0},{"not_picked":["Defy Death","Clothesline","Shrug It Off","Replay:Undeath\u0027s Touch","Warcry+1"],"picked":"SKIP","floor":35.0},{"not_picked":["AT_DrawKnifeCut","Rupture+1","Massacre","Disarm","Wild Strike+1"],"picked":"SKIP","floor":36.0},{"not_picked":["Flex","Replay:Undeath\u0027s Touch","Shrug It Off","True Grit","Anger"],"picked":"SKIP","floor":38.0},{"not_picked":["Eclipse","Iron Wave+1","Shockwave","Armaments","AT_DrawKnifeCut"],"picked":"SKIP","floor":40.0},{"not_picked":["Clothesline+1","Iron Wave","Pommel Strike","Havoc","Feel No Pain+1"],"picked":"SKIP","floor":41.0},{"not_picked":["Cleave","Blood for Blood","Combust","Thunderclap","Wild Strike"],"picked":"SKIP","floor":44.0},{"not_picked":["Corruption","Wild Strike","Flex+1","AT_DiedThrough","AT_DrawKnifeCut"],"picked":"SKIP","floor":46.0},{"not_picked":["Combust+1","AT_IchimonjiDouble","Pommel Strike","Burning Pact"],"picked":"AT_CaressingTears+1","floor":48.0},{"not_picked":["Shrug It Off+1","Spot Weakness","Replay:Undeath\u0027s Touch","Armaments+1","Inflame+1"],"picked":"SKIP","floor":54}],"player_experience":350970,"relics_obtained":[{"floor":1.0,"key":"SynthV:TestCard"},{"floor":1.0,"key":"LetterFromLob"},{"floor":5.0,"key":"Gremlin Food"},{"floor":9.0,"key":"conspire:TopHat"},{"floor":13.0,"key":"Juzu Bracelet"},{"floor":15.0,"key":"Replay:Baseball"},{"floor":23.0,"key":"testmod-Acrobat"},{"floor":25.0,"key":"Snack Pack"},{"floor":30.0,"key":"testmod-Laevatain"},{"floor":40.0,"key":"AT_RedTearstoneRing"},{"floor":43.0,"key":"Eternal Feather"},{"floor":45.0,"key":"Durian"},{"floor":46.0,"key":"testmod-IndustrialRevolution"},{"floor":54,"key":"BionicSphere"}],"event_choices":[{"cards_removed":["Strike_R"],"damage_healed":0.0,"max_hp_gain":0.0,"max_hp_loss":0.0,"gold_gain":0.0,"event_name":"The Cleric","player_choice":"Card Removal","floor":3.0,"gold_loss":75.0,"damage_taken":0.0},{"damage_healed":0.0,"max_hp_gain":0.0,"max_hp_loss":0.0,"gold_gain":0.0,"event_name":"Duplicator","player_choice":"Copied","floor":19.0,"gold_loss":0.0,"damage_taken":0.0,"cards_obtained":["Fiend Fire"]},{"damage_healed":0.0,"max_hp_gain":0.0,"max_hp_loss":0.0,"gold_gain":0.0,"event_name":"Ghosts","player_choice":"Ignored","floor":21.0,"gold_loss":0.0,"damage_taken":0.0},{"damage_healed":0.0,"max_hp_gain":0.0,"max_hp_loss":0.0,"gold_gain":0.0,"event_name":"The Woman in Blue","player_choice":"Bought 1 Potion","floor":27.0,"gold_loss":0.0,"damage_taken":0.0},{"damage_healed":0.0,"max_hp_gain":0.0,"max_hp_loss":0.0,"gold_gain":0.0,"event_name":"Addict","player_choice":"Obtained Relic","floor":29.0,"gold_loss":85.0,"damage_taken":0.0,"relics_obtained":["Smiling Mask"]},{"damage_healed":0.0,"max_hp_gain":0.0,"max_hp_loss":0.0,"gold_gain":0.0,"event_name":"Mysterious Sphere","player_choice":"Fight","floor":45.0,"gold_loss":0.0,"damage_taken":0.0},{"damage_healed":0.0,"max_hp_gain":0.0,"max_hp_loss":0.0,"gold_gain":0.0,"event_name":"Match and Keep!","player_choice":"0 cards matched","floor":47.0,"gold_loss":0.0,"damage_taken":0.0,"cards_obtained":[]}],"is_beta":false,"boss_relics":[{"not_picked":["GraspOfShadows"],"picked":"Accursed"},{"not_picked":["GraspOfShadows"],"picked":"Accursed"},{"not_picked":["Busted Crown","NightmareShop"],"picked":"DiscerningMonocle"},{"not_picked":["VoidEssence"],"picked":"GraspOfShadows"},{"not_picked":["VoidEssence"],"picked":"GraspOfShadows"},{"not_picked":["testmod-BatchProcessingSystem","Replay:Drink Me"],"picked":"SacredBark"}],"items_purged_floors":[31,37,37,39,39,53],"is_endless":false,"potions_floor_spawned":[1,4,8,10,18,22,28,33,41,44,46],"ascension_level":0}}