{"host":"4cz9gr89nglr7k8k","time":1609276208,"event":{"mods":["BaseMod","Minty Spire (QoL Compilation)","Relic Stats","Slay-I"],"gold_per_floor":[116,116,126,126,126,126,141,166,166,166,184,194,26,26,26,102,102,120,32,32,32,50,50,66,66,66],"floor_reached":25,"playtime":580,"items_purged":[],"score":402,"play_id":"f47f1c7d-1994-4684-80a7-d936a8547acf","local_time":"20201229221008","is_ascension_mode":true,"campfire_choices":[{"data":"Bludgeon","floor":6,"key":"SMITH"},{"floor":10,"key":"REST"},{"data":"Spot Weakness","floor":15,"key":"SMITH"},{"floor":23,"key":"REST"}],"circlet_count":0,"master_deck":["AscendersBane","Strike_R","Strike_R","Strike_R","Strike_R","Defend_R","Defend_R","Defend_R","Bash","Fiend Fire+1","Disarm","Thunderclap","Bludgeon+1","Anger","Clothesline","Uppercut","Spot Weakness+1","Immolate","Flex+1","Inflame","Shame","Dropkick","Perfected Strike","Anger"],"relics":["Burning Blood","Paper Frog","Kunai","PreservedInsect","SlaversCollar","Regal Pillow"],"acts_visited":["Exordium","TheCity"],"potions_floor_usage":[3,16],"damage_taken":[{"damage":9,"enemies":"2 Louse","floor":1,"turns":3},{"damage":0,"enemies":"Cultist","floor":3,"turns":2},{"damage":0,"enemies":"Jaw Worm","floor":7,"turns":2},{"damage":26,"enemies":"3 Sentries","floor":8,"turns":5},{"damage":1,"enemies":"Looter","floor":11,"turns":2},{"damage":0,"enemies":"Gremlin Gang","floor":12,"turns":4},{"damage":57,"enemies":"Hexaghost","floor":16,"turns":7},{"damage":31,"enemies":"Spheric Guardian","floor":18,"turns":5},{"damage":30,"enemies":"Chosen","floor":22,"turns":4},{"damage":32,"enemies":"Snake Plant","floor":24,"turns":4},{"damage":31,"enemies":"Gremlin Leader","floor":25,"turns":4}],"seed_played":"6705501741727885956","potions_obtained":[{"floor":1,"key":"FearPotion"},{"floor":8,"key":"Strength Potion"},{"floor":11,"key":"SpeedPotion"}],"is_trial":false,"path_per_floor":["M","?","M","?","?","R","M","E","T","R","M","M","$","?","R","B",null,"M","$","?","?","M","R","M","E"],"character_chosen":"IRONCLAD","items_purchased":["PreservedInsect","Inflame"],"campfire_rested":2,"item_purchase_floors":[13,19],"current_hp_per_floor":[65,65,71,76,76,76,80,60,60,80,80,80,80,80,80,29,67,42,42,42,42,18,57,31,0,0],"gold":66,"neow_bonus":"ONE_RANDOM_RARE_CARD","is_daily":false,"chose_seed":false,"campfire_upgraded":2,"win_rate":0.0,"timestamp":1609276208,"path_taken":["M","?","M","?","?","R","M","E","T","R","M","?","$","?","R","BOSS","M","$","?","?","M","R","?","E"],"items_purchased_type":["Relic","Card"],"build_version":"2020-12-22","purchased_purges":0,"victory":false,"max_hp_per_floor":[75,75,75,80,80,80,80,80,80,80,80,80,80,80,80,80,80,80,80,80,80,80,80,80,80,80],"relic_stats":{"Regal Pillow":15,"counters":[11,42],"PreservedInsect":49,"Kunai":[2],"obtain_stats":[{"SlaversCollar":17,"Regal Pillow":20,"PreservedInsect":13,"Kunai":9,"Burning Blood":0,"Paper Frog":8},{"SlaversCollar":7,"Regal Pillow":8,"PreservedInsect":6,"Kunai":4,"Burning Blood":0,"Paper Frog":4},{"SlaversCollar":25,"Regal Pillow":30,"PreservedInsect":18,"Kunai":12,"Burning Blood":0,"Paper Frog":12}],"Burning Blood":47},"card_choices":[{"not_picked":["Rupture","Wild Strike"],"picked":"Disarm","floor":1},{"not_picked":["Body Slam","Headbutt"],"picked":"Thunderclap","floor":3},{"not_picked":["Havoc","Dropkick"],"picked":"Anger","floor":7},{"not_picked":["Thunderclap","Second Wind"],"picked":"Clothesline","floor":8},{"not_picked":["Wild Strike","True Grit"],"picked":"Uppercut","floor":11},{"not_picked":["Heavy Blade","Fire Breathing"],"picked":"Spot Weakness","floor":12},{"not_picked":["Double Tap","Juggernaut"],"picked":"Immolate","floor":16},{"not_picked":["Sword Boomerang","True Grit"],"picked":"Flex+1","floor":18},{"not_picked":["Dual Wield","Clothesline"],"picked":"Perfected Strike","floor":22},{"not_picked":["Body Slam+1","Sentinel"],"picked":"Anger","floor":24}],"player_experience":1470317,"relics_obtained":[{"floor":8,"key":"Paper Frog"},{"floor":9,"key":"Kunai"}],"event_choices":[{"damage_healed":0,"gold_gain":0,"player_choice":"Grow","damage_taken":0,"max_hp_gain":0,"max_hp_loss":0,"event_name":"Living Wall","floor":2,"gold_loss":0,"cards_upgraded":["Fiend Fire"]},{"damage_healed":0,"gold_gain":0,"player_choice":"Donut","damage_taken":0,"max_hp_gain":5,"max_hp_loss":0,"event_name":"Big Fish","floor":4,"gold_loss":0},{"damage_healed":0,"gold_gain":0,"cards_transformed":["Strike_R"],"player_choice":"Transformed","damage_taken":0,"max_hp_gain":0,"max_hp_loss":0,"event_name":"Transmorgrifier","floor":5,"gold_loss":0,"cards_obtained":["Bludgeon"]},{"damage_healed":0,"gold_gain":0,"player_choice":"Searched \u00271\u0027 times","damage_taken":0,"max_hp_gain":0,"max_hp_loss":0,"event_name":"Dead Adventurer","floor":14,"gold_loss":0},{"damage_healed":0,"gold_gain":0,"player_choice":"Stole Relic","damage_taken":0,"relics_obtained":["Regal Pillow"],"max_hp_gain":0,"max_hp_loss":0,"event_name":"Addict","floor":20,"gold_loss":0,"cards_obtained":["Shame"]},{"damage_healed":0,"gold_gain":0,"cards_transformed":["Defend_R"],"player_choice":"Transformed","damage_taken":0,"max_hp_gain":0,"max_hp_loss":0,"event_name":"Transmorgrifier","floor":21,"gold_loss":0,"cards_obtained":["Dropkick"]}],"is_beta":false,"boss_relics":[{"not_picked":["Coffee Dripper","Ectoplasm"],"picked":"SlaversCollar"}],"items_purged_floors":[],"is_endless":false,"potions_floor_spawned":[1,8,11],"killed_by":"Gremlin Leader","ascension_level":20}}