{"host":"grli52lbdph2722t","time":1609206391,"event":{"mods":["AchievementEnabler","BaseMod","Downfall","Minty Spire (QoL Compilation)","Quick Restart","StSLib"],"gold_per_floor":[99,99,99,126,126,51,51,77,77,107,119,269,280,79,94,170,170,20,31,105,115,115,141,141,141,141],"floor_reached":25,"playtime":1173,"items_purged":["Doubt"],"score":529,"play_id":"a4c9f6e6-695b-4ae0-82f4-aecf6d766f5b","local_time":"20201229024631","is_ascension_mode":true,"campfire_choices":[{"floor":1,"key":"RECALL"},{"data":"sneckomod:SoulExchange","floor":6,"key":"SMITH"},{"floor":18,"key":"DIG"}],"circlet_count":0,"master_deck":["AscendersBane","sneckomod:Strike","sneckomod:Strike","sneckomod:Strike","sneckomod:Defend","sneckomod:Defend","sneckomod:Defend","sneckomod:TailWhip","sneckomod:SnekBite","sneckomod:Unknown","sneckomod:Unknown","sneckomod:UnknownUncommonPower","sneckomod:SoulExchange+1","sneckomod:UnknownUncommonAttack","sneckomod:SerpentIdol","sneckomod:Nope","sneckomod:MorePower","sneckomod:UnknownRareAttack+1","sneckomod:SoulCleanse","sneckomod:CheapStock","sneckomod:UnknownStrength","sneckomod:UnknownUncommonPower+1","sneckomod:DiceBlock","sneckomod:UnknownColorless+1","sneckomod:Unknown3Cost","sneckomod:UnknownExhaust","sneckomod:UnknownStrength+1","sneckomod:UnknownRareAttack","sneckomod:UnknownUncommonSkill","sneckomod:Unknown2Cost+1","sneckomod:CheapStock","Guardian:Aged"],"relics":["sneckomod:SneckoSoul","downfall:HeartsMalice","downfall:ShatteredFragment","downfall:HeartBlessingRed","Shovel","Art of War","Meat on the Bone","Bottled Flame","Cursed Key","downfall:HeartBlessingBlue","downfall:HeartBlessingGreen","Question Card","Gambling Chip","The Courier"],"acts_visited":["Exordium","TheCity"],"potions_floor_usage":[10,23],"damage_taken":[{"damage":0,"enemies":"Cultist","floor":3,"turns":1},{"damage":0,"enemies":"Jaw Worm","floor":5,"turns":1},{"damage":0,"enemies":"Lagavulin","floor":8,"turns":1},{"damage":24,"enemies":"Gremlin Nob","floor":10,"turns":4},{"damage":1,"enemies":"Small Slimes","floor":11,"turns":2},{"damage":9,"enemies":"3 Louse","floor":13,"turns":2},{"damage":10,"enemies":"downfall:FleeingMerchant","floor":14,"turns":4},{"damage":24,"enemies":"Red Slaver","floor":15,"turns":4},{"damage":15,"enemies":"downfall:Watcher","floor":16,"turns":7},{"damage":11,"enemies":"Spheric Guardian","floor":19,"turns":3},{"damage":0,"enemies":"3 Byrds","floor":20,"turns":6},{"damage":17,"enemies":"Cultist and Chosen","floor":21,"turns":5},{"damage":33,"enemies":"Slavers","floor":23,"turns":7},{"damage":57,"enemies":"Snake Plant","floor":25,"turns":4}],"seed_played":"-8121467254931773323","potions_obtained":[{"floor":8,"key":"Regen Potion"},{"floor":10,"key":"EssenceOfSteel"},{"floor":11,"key":"SpeedPotion"},{"floor":16,"key":"Fruit Juice"},{"floor":23,"key":"Regen Potion"}],"is_trial":false,"path_per_floor":["R","?","M","T","M","R","T","E","?","E","M","?","M","$","M","B",null,"R","M","M","M","?","E","T","M"],"character_chosen":"THE_SNECKO","items_purchased":["sneckomod:CheapStock","sneckomod:UnknownStrength"],"campfire_rested":0,"item_purchase_floors":[14,14],"current_hp_per_floor":[75,54,55,55,55,55,55,56,38,38,49,49,52,61,57,56,82,92,82,84,67,68,53,53,0,0],"gold":141,"neow_bonus":"THREE_ENEMY_KILL","is_daily":false,"chose_seed":false,"campfire_upgraded":1,"win_rate":0.0,"timestamp":1609206391,"path_taken":["R","?","M","?","M","R","T","E","?","E","M","?","M","?","M","BOSS","R","M","M","M","?","E","T","M"],"items_purchased_type":["Card","Card"],"build_version":"2020-12-22","purchased_purges":1,"victory":false,"max_hp_per_floor":[83,83,84,84,84,84,84,85,85,85,85,85,85,87,88,90,90,100,101,103,103,104,110,110,110,110],"card_choices":[{"not_picked":["sneckomod:DefensiveFlair","sneckomod:RainOfDice"],"picked":"sneckomod:UnknownUncommonPower","floor":3},{"not_picked":["sneckomod:DiceBlock","sneckomod:IronFang"],"picked":"sneckomod:SoulExchange","floor":5},{"not_picked":["sneckomod:UnknownCommonSkill","sneckomod:SlitherStrike"],"picked":"sneckomod:UnknownUncommonAttack","floor":8},{"not_picked":["sneckomod:UnknownWeak","sneckomod:Unknown0Cost"],"picked":"sneckomod:SerpentIdol","floor":10},{"not_picked":["sneckomod:UnknownStrike","sneckomod:DiceBlock"],"picked":"sneckomod:Nope","floor":11},{"not_picked":["sneckomod:SoulCleanse","sneckomod:QuickBite"],"picked":"sneckomod:MorePower","floor":13},{"not_picked":["sneckomod:UnknownClassRED+1","sneckomod:UnknownClassPURPLE+1"],"picked":"sneckomod:UnknownRareAttack+1","floor":14},{"not_picked":["sneckomod:Unknown1Cost","sneckomod:QuickMove"],"picked":"sneckomod:SoulCleanse","floor":14},{"not_picked":["sneckomod:Unknown1Cost+1","sneckomod:UnknownExhaust+1"],"picked":"sneckomod:UnknownUncommonPower+1","floor":15},{"not_picked":["sneckomod:ImprovisedAttack","sneckomod:SoulRoll"],"picked":"sneckomod:DiceBlock","floor":15},{"not_picked":["sneckomod:UnknownVulnerable+1","sneckomod:Unknown2Cost+1"],"picked":"sneckomod:UnknownColorless+1","floor":16},{"not_picked":["sneckomod:MorePower","sneckomod:UnknownRarePower"],"picked":"sneckomod:Unknown3Cost","floor":16},{"not_picked":["sneckomod:Nope","sneckomod:UnknownVulnerable","sneckomod:DiceCrush"],"picked":"sneckomod:UnknownExhaust","floor":19},{"not_picked":["sneckomod:Unknown1Cost+1","sneckomod:UnknownClassRED+1","sneckomod:UnknownVulnerable+1"],"picked":"sneckomod:UnknownStrength+1","floor":20},{"not_picked":["sneckomod:Unknown2Cost","sneckomod:QuickMove","sneckomod:SoulRoll"],"picked":"sneckomod:UnknownRareAttack","floor":20},{"not_picked":["sneckomod:UnknownVulnerable","sneckomod:QuickMove","sneckomod:UnknownClassGREEN","sneckomod:DiceCrush"],"picked":"SKIP","floor":21},{"not_picked":["sneckomod:UnknownCommonAttack+1","sneckomod:UnknownClassBLUE+1","sneckomod:Unknown1Cost+1"],"picked":"sneckomod:Unknown2Cost+1","floor":23},{"not_picked":["sneckomod:UnknownDexterity","sneckomod:UnknownClassGREEN","sneckomod:SerpentIdol"],"picked":"sneckomod:CheapStock","floor":23}],"player_experience":4909723,"relics_obtained":[{"floor":7,"key":"Shovel"},{"floor":8,"key":"Art of War"},{"floor":10,"key":"Bottled Flame"},{"floor":18,"key":"Question Card"},{"floor":23,"key":"Gambling Chip"},{"floor":24,"key":"The Courier"}],"event_choices":[{"damage_healed":0,"gold_gain":0,"player_choice":"Success","damage_taken":18,"relics_obtained":["Meat on the Bone"],"max_hp_gain":0,"max_hp_loss":0,"event_name":"Scrap Ooze","floor":9,"gold_loss":0},{"damage_healed":0,"gold_gain":0,"player_choice":"Read","damage_taken":0,"max_hp_gain":0,"max_hp_loss":0,"event_name":"The Library","floor":22,"gold_loss":0,"cards_obtained":["sneckomod:UnknownUncommonSkill"]}],"is_beta":false,"boss_relics":[{"not_picked":["sneckomod:SuperSneckoSoul","Busted Crown"],"picked":"Cursed Key"}],"items_purged_floors":[14],"is_endless":false,"potions_floor_spawned":[8,10,11,16,21,23],"killed_by":"Snake Plant","ascension_level":20}}