{"host":"a6jc8uoa78jpqx9a","time":1609214226,"event":{"mods":["BaseMod","Duelist Mod","GifTheSpireLib","Hermit","Hubris","Infinite Spire","Mimic Mod","Minty Spire (QoL Compilation)","Replay The Spire","StSLib","The Animator","The Bug Knight","The Construct","The Cursed","The Mystic","The Servant 0.9.4"],"gold_per_floor":[142,92,92,92,107,139,151,164,187,101,119,137,149,183,183,278,278,288,288,308,331,331,331,343,343,343,343],"floor_reached":26,"playtime":2914,"items_purged":[],"score":320,"play_id":"e5c99bf1-b738-4a27-be77-a56d1fe4e961","local_time":"20201228225706","is_ascension_mode":false,"campfire_choices":[{"floor":15,"key":"DIG"}],"circlet_count":0,"master_deck":["theDuelist:BeaverWarrior","theDuelist:BeaverWarrior","theDuelist:CastleWalls","theDuelist:FinalFlame","theDuelist:ScrapFactory","theDuelist:Sparks","theDuelist:Sparks","theDuelist:RainbowKuriboh","theDuelist:CoreBlaster","theDuelist:SangaEarth","theDuelist:DarkBurningAttack","theDuelist:MeteorDestruction","theDuelist:MythicalBeast","theDuelist:SilentDoom+1","theDuelist:WormKing","theDuelist:Raigeki","theDuelist:ClearKuriboh","theDuelist:ImperialOrder","theDuelist:ImperialOrder","theDuelist:KamionTimelord","theDuelist:CrystalRaigeki+1","theDuelist:MiraculousDescent","theDuelist:InstantFusion","theDuelist:Tuningware","theDuelist:LightningDarts","theDuelist:LightningBlade","Delirium"],"relics":["theDuelist:MillenniumPuzzle","theDuelist:CardPoolRelic","theDuelist:CardPoolBasicRelic","theDuelist:BoosterPackPoolRelic","theDuelist:CardPoolAddRelic","theDuelist:CardPoolMinusRelic","theDuelist:CardPoolSaveRelic","theDuelist:CardPoolOptionsRelic","NeowsBlessing","Ancient Tea Set","Lantern","hubris:Metronome","Replay:PocketPolymizer","theDuelist:ElectricKey","Regal Pillow"],"acts_visited":["Exordium","TheCity"],"potions_floor_usage":[],"damage_taken":[{"damage":0,"enemies":"2 Louse","floor":1,"turns":1},{"damage":0,"enemies":"Small Slimes","floor":5,"turns":1},{"damage":0,"enemies":"HollowMod:MossKnight","floor":6,"turns":1},{"damage":0,"enemies":"Cultist","floor":7,"turns":3},{"damage":3,"enemies":"Blue Slaver","floor":8,"turns":3},{"damage":0,"enemies":"Exordium Thugs","floor":11,"turns":3},{"damage":0,"enemies":"3 Louse","floor":12,"turns":2},{"damage":1,"enemies":"Gremlin Gang","floor":13,"turns":5},{"damage":0,"enemies":"Gremlin Nob","floor":14,"turns":4},{"damage":0,"enemies":"Fading Forest","floor":16,"turns":11},{"damage":18,"enemies":"3 Byrds","floor":18,"turns":5},{"damage":4,"enemies":"Spheric Guardian","floor":20,"turns":3},{"damage":36,"enemies":"Centurion and Healer","floor":24,"turns":6},{"damage":27,"enemies":"theDuelist:KaibaA2","floor":26,"turns":4}],"seed_played":"4949770285507358770","potions_obtained":[{"floor":1,"key":"Fire Potion"},{"floor":6,"key":"SteroidPotion"},{"floor":7,"key":"theDuelist:DestructPotionPot"},{"floor":16,"key":"theDuelist:FireBottle"}],"is_trial":false,"path_per_floor":["M","?","?","?","M","E","M","M","T","$","M","M","M","E","R","B",null,"M","?","M","T","PTL","PTL","M","?","E"],"character_chosen":"THE_DUELIST","items_purchased":["theDuelist:WormKing"],"campfire_rested":0,"item_purchase_floors":[10],"current_hp_per_floor":[80,80,85,85,85,85,85,82,82,82,82,82,81,81,81,81,85,67,67,63,63,63,63,27,27,0,0],"gold":343,"neow_bonus":"THREE_ENEMY_KILL","is_daily":false,"chose_seed":false,"campfire_upgraded":0,"win_rate":0.0,"timestamp":1609214226,"path_taken":["M","?","?","?","M","E","M","M","T","$","?","M","M","E","R","BOSS","M","?","M","?","PTL","PTL","M","?","E"],"items_purchased_type":["Card"],"build_version":"2020-12-22","purchased_purges":0,"victory":false,"max_hp_per_floor":[80,80,85,85,85,85,85,85,85,85,85,85,85,85,85,85,85,85,85,85,85,85,85,85,85,85,85],"card_choices":[{"not_picked":["theDuelist:HappyLover","theDuelist:DokiDoki","theDuelist:MagicHoleGolem","theDuelist:PowerGiant"],"picked":"theDuelist:RainbowKuriboh","floor":1},{"not_picked":["theDuelist:SpellShatteringArrow","theDuelist:EgoBoost","theDuelist:WormApocalypse","theDuelist:Downbeat"],"picked":"theDuelist:DarkBurningAttack","floor":5},{"not_picked":["theDuelist:Hinotama","theDuelist:FairyBox","theDuelist:RainbowNeos","theDuelist:BattleFootballer"],"picked":"theDuelist:MeteorDestruction","floor":6},{"not_picked":["theDuelist:LegendarySword","theDuelist:Downbeat","theDuelist:Tuningware","theDuelist:Sangan"],"picked":"theDuelist:MythicalBeast","floor":7},{"not_picked":["theDuelist:VenomShot+1","theDuelist:InfernoFireBlast+1","theDuelist:ChaosSeed+1","theDuelist:BerserkerCrush+1"],"picked":"theDuelist:SilentDoom+1","floor":8},{"not_picked":["theDuelist:DestroyerGolem","theDuelist:MudragonSwamp","theDuelist:SmashingGround","theDuelist:WormWarlord"],"picked":"theDuelist:Raigeki","floor":11},{"not_picked":["theDuelist:GiantSoldierSteel","theDuelist:GolemSentry","theDuelist:AttackTheMoon","theDuelist:Cloning"],"picked":"theDuelist:ClearKuriboh","floor":12},{"not_picked":["theDuelist:GravityAxe","theDuelist:ElectromagneticShield","theDuelist:MiraculousDescent"],"picked":"theDuelist:ImperialOrder","floor":13},{"not_picked":["theDuelist:GravityAxe","theDuelist:Electrowhip","theDuelist:ElectromagneticShield","theDuelist:YamiForm"],"picked":"theDuelist:ImperialOrder","floor":14},{"not_picked":["theDuelist:RainbowNeos","theDuelist:Eva","theDuelist:RainbowKuriboh","theDuelist:RainbowOverdragon"],"picked":"theDuelist:KamionTimelord","floor":16},{"not_picked":["theDuelist:CombinationAttack","theDuelist:BigFire","theDuelist:StarBlast","theDuelist:MythicalBeast+1"],"picked":"theDuelist:CrystalRaigeki+1","floor":18},{"not_picked":["theDuelist:FrontierWiseman","theDuelist:BlackPendant","theDuelist:PreventRat","theDuelist:PotDichotomy"],"picked":"theDuelist:Tuningware","floor":20},{"not_picked":["theDuelist:DestroyerGolem","theDuelist:GauntletWarrior","theDuelist:Blockman","theDuelist:Mathematician"],"picked":"theDuelist:LightningDarts","floor":24}],"player_experience":27354,"relics_obtained":[{"floor":6,"key":"Ancient Tea Set"},{"floor":9,"key":"Lantern"},{"floor":14,"key":"hubris:Metronome"},{"floor":15,"key":"Replay:PocketPolymizer"},{"floor":21,"key":"Regal Pillow"}],"event_choices":[{"cards_removed":["theDuelist:CastleWalls"],"damage_healed":0,"gold_gain":0,"player_choice":"Card Removal","damage_taken":0,"max_hp_gain":0,"max_hp_loss":0,"event_name":"The Cleric","floor":2,"gold_loss":50},{"damage_healed":0,"gold_gain":0,"player_choice":"Donut","damage_taken":0,"max_hp_gain":5,"max_hp_loss":0,"event_name":"Big Fish","floor":3,"gold_loss":0},{"damage_healed":0,"gold_gain":0,"player_choice":"2 cards matched","damage_taken":0,"max_hp_gain":0,"max_hp_loss":0,"event_name":"Match and Keep!","floor":4,"gold_loss":0,"cards_obtained":["theDuelist:CoreBlaster","theDuelist:SangaEarth"]},{"damage_healed":0,"gold_gain":0,"cards_transformed":["theDuelist:GiantSoldier","theDuelist:GiantSoldier"],"player_choice":"Became Test Subject","damage_taken":0,"max_hp_gain":0,"max_hp_loss":0,"event_name":"Drug Dealer","floor":19,"gold_loss":0,"cards_obtained":["theDuelist:MiraculousDescent","theDuelist:InstantFusion"]},{"damage_healed":0,"gold_gain":0,"player_choice":"2 cards matched","damage_taken":0,"max_hp_gain":0,"max_hp_loss":0,"event_name":"Match and Keep!","floor":25,"gold_loss":0,"cards_obtained":["theDuelist:LightningBlade","Delirium"]}],"is_beta":false,"boss_relics":[{"not_picked":["Cursed Key","Replay:Grab Bag"],"picked":"theDuelist:ElectricKey"}],"items_purged_floors":[],"is_endless":false,"potions_floor_spawned":[1,6,7,16],"killed_by":"theDuelist:KaibaA2","ascension_level":0}}