{"host":"cv77zuuuekizn3ic","time":1609222811,"event":{"mods":["AchievementEnabler","BaseMod","Marisa£®ÏF”Í°°ƒß¿Ì…≥£©","Minty Spire (QoL Compilation)","StSLib","The Servant 0.9.4","Waifu the Spire","everything is the same but u backflip on backflip","slay the spire mod where everything is the same but ironclad has a cowboy hat"],"gold_per_floor":[114,114,114,130,32,65,65,91,91,91,108,125,75,101,101,202,202,214,214,225,45,62,62,75,108,161,175,175,175,175],"floor_reached":29,"playtime":1132,"items_purged":["Strike_B","Strike_B"],"score":403,"play_id":"15ddea66-4f87-446c-a82a-e3d15b01c61e","local_time":"20201229142011","is_ascension_mode":true,"campfire_choices":[{"data":"Doom and Gloom","floor":7.0,"key":"SMITH"},{"data":"Hologram","floor":15.0,"key":"SMITH"},{"data":"Zap","floor":23.0,"key":"SMITH"},{"data":"Dualcast","floor":28.0,"key":"SMITH"}],"circlet_count":0,"master_deck":["Strike_B+1","Defend_B","Defend_B+1","Defend_B","Defend_B","Zap+1","Dualcast+1","Sweeping Beam","Cold Snap","Turbo","Doom and Gloom+1","Hologram+1","Skim+1","All For One","Coolheaded+1","Necronomicurse","Sunder","Coolheaded+1"],"relics":["FrozenCore","NeowsBlessing","Gambling Chip","MealTicket","TungstenRod","Toxic Egg 2","Turnip","Necronomicon","Akabeko","Potion Belt"],"acts_visited":["Exordium","TheCity"],"potions_floor_usage":[29,29,29],"damage_taken":[{"damage":0.0,"enemies":"Small Slimes","floor":1.0,"turns":1.0},{"damage":0.0,"enemies":"2 Louse","floor":4.0,"turns":1.0},{"damage":0.0,"enemies":"Lagavulin","floor":6.0,"turns":1.0},{"damage":14.0,"enemies":"Gremlin Nob","floor":8.0,"turns":3.0},{"damage":0.0,"enemies":"Cultist","floor":11.0,"turns":2.0},{"damage":0.0,"enemies":"Red Slaver","floor":12.0,"turns":4.0},{"damage":15.0,"enemies":"3 Sentries","floor":14.0,"turns":3.0},{"damage":5.0,"enemies":"Hexaghost","floor":16.0,"turns":9.0},{"damage":13.0,"enemies":"3 Byrds","floor":18.0,"turns":5.0},{"damage":0.0,"enemies":"Chosen","floor":20.0,"turns":3.0},{"damage":17.0,"enemies":"Snecko","floor":22.0,"turns":4.0},{"damage":2.0,"enemies":"3 Cultists","floor":24.0,"turns":4.0},{"damage":9.0,"enemies":"Slavers","floor":25.0,"turns":5.0},{"damage":0.0,"enemies":"Snake Plant","floor":27.0,"turns":3.0},{"damage":26,"enemies":"Book of Stabbing","floor":29,"turns":4}],"seed_played":"1045730414814583820","potions_obtained":[{"floor":1.0,"key":"Strength Potion"},{"floor":4.0,"key":"Strength Potion"},{"floor":6.0,"key":"FocusPotion"},{"floor":8.0,"key":"EntropicBrew"},{"floor":25.0,"key":"Block Potion"}],"is_trial":false,"path_per_floor":["M","?","?","M","$","E","R","E","T","T","M","M","?","E","R","B",null,"M","?","M","$","M","R","M","E","T","M","R","E"],"character_chosen":"DEFECT","items_purchased":["Turbo","Sunder"],"campfire_rested":0,"item_purchase_floors":[5,21],"current_hp_per_floor":[68,53,46,46,46,46,46,32,32,32,32,32,32,17,17,12,59,46,34,34,49,32,32,30,21,21,21,21,0,0],"gold":175,"neow_bonus":"THREE_ENEMY_KILL","is_daily":false,"chose_seed":false,"campfire_upgraded":4,"win_rate":0.0,"timestamp":1609222811,"path_taken":["M","?","?","?","?","E","R","E","T","?","?","M","?","E","R","BOSS","M","?","M","$","M","R","M","E","T","M","R","E"],"items_purchased_type":["Card","Card"],"build_version":"2020-12-22","purchased_purges":2,"victory":false,"max_hp_per_floor":[75,75,75,75,75,75,75,75,75,75,75,75,75,75,75,75,75,75,75,75,75,75,75,75,75,75,75,75,75,75],"card_choices":[{"not_picked":["Fusion","Melter"],"picked":"Sweeping Beam","floor":1.0},{"not_picked":["Gash","Force Field"],"picked":"Cold Snap","floor":4.0},{"not_picked":["Gash","Storm"],"picked":"Doom and Gloom","floor":6.0},{"not_picked":["Melter","Ball Lightning"],"picked":"Hologram","floor":8.0},{"not_picked":["Go for the Eyes","Amplify+1"],"picked":"Skim+1","floor":11.0},{"not_picked":["Reinforced Body+1","Stack+1","Lockon"],"picked":"SKIP","floor":12.0},{"not_picked":["Cold Snap","Rebound","Sweeping Beam"],"picked":"SKIP","floor":14.0},{"not_picked":["Amplify+1","Hyperbeam"],"picked":"All For One","floor":16.0},{"not_picked":["Go for the Eyes+1","Ball Lightning+1"],"picked":"Coolheaded+1","floor":18.0},{"not_picked":["Consume+1","Hologram+1","BootSequence+1"],"picked":"SKIP","floor":20.0},{"not_picked":["Consume+1","Hologram+1","BootSequence+1"],"picked":"SKIP","floor":20.0},{"not_picked":["Darkness+1","Rebound"],"picked":"Coolheaded+1","floor":22.0},{"not_picked":["Chaos+1","Reinforced Body+1","Fusion+1"],"picked":"SKIP","floor":24.0},{"not_picked":["Hologram+1","Beam Cell+1","Rebound+1"],"picked":"SKIP","floor":25.0},{"not_picked":["Steam+1","Genetic Algorithm+1","BootSequence+1"],"picked":"SKIP","floor":27.0},{"not_picked":["Steam+1","Genetic Algorithm+1","BootSequence+1"],"picked":"SKIP","floor":27.0}],"player_experience":684010,"relics_obtained":[{"floor":6.0,"key":"Gambling Chip"},{"floor":8.0,"key":"MealTicket"},{"floor":9.0,"key":"TungstenRod"},{"floor":10.0,"key":"Toxic Egg 2"},{"floor":14.0,"key":"Turnip"},{"floor":19.0,"key":"Necronomicon"},{"floor":25.0,"key":"Akabeko"},{"floor":26.0,"key":"Potion Belt"}],"event_choices":[{"damage_healed":0.0,"max_hp_gain":0.0,"max_hp_loss":0.0,"gold_gain":0.0,"event_name":"Shining Light","player_choice":"Entered Light","floor":2.0,"gold_loss":0.0,"damage_taken":15.0,"cards_upgraded":["Strike_B","Defend_B"]},{"damage_healed":0.0,"max_hp_gain":0.0,"max_hp_loss":0.0,"gold_gain":0.0,"event_name":"Wheel of Change","player_choice":"Damaged","floor":3.0,"gold_loss":0.0,"damage_taken":7.0},{"cards_removed":["Strike_B"],"damage_healed":0.0,"max_hp_gain":0.0,"max_hp_loss":0.0,"gold_gain":0.0,"event_name":"The Cleric","player_choice":"Card Removal","floor":13.0,"gold_loss":50.0,"damage_taken":0.0},{"damage_healed":0.0,"max_hp_gain":0.0,"max_hp_loss":0.0,"gold_gain":0.0,"event_name":"Cursed Tome","player_choice":"Obtained Book","floor":19.0,"gold_loss":0.0,"damage_taken":16.0}],"is_beta":false,"boss_relics":[{"not_picked":["Snecko Eye","Cursed Key"],"picked":"FrozenCore"}],"items_purged_floors":[5,21],"is_endless":false,"potions_floor_spawned":[1,4,6,8,14,24,25],"killed_by":"Book of Stabbing","ascension_level":8}}