{"host":"0e3sjn8nzeyxegex","time":1609256962,"event":{"mods":["Act Like it!","AlwaysNeverKeys","BaseMod","Better Altar","Better Note","Better Sensory Stone","Better Skull","Better Third Choice","Better Vampires","Colored Map","Friendly Minions","Minty Spire (QoL Compilation)","Permanent Neow","Quick Restart","StSLib","The Alterego"],"gold_per_floor":[110,120,133,144,161,161,196,196,219,219,235,245,4,66,66,139,139,154,172,183,203,203,203,237,237,237,262,262,273,290,324,324,399,399,416,416,17,33,44,44,44,44,71,81,110,110,139,155,155,160],"floor_reached":51,"playtime":4187,"items_purged":["alterego_mod:Strike"],"score":1476,"play_id":"93997001-ba3c-4412-9a66-9d0db65c7917","local_time":"20201229104922","is_ascension_mode":true,"campfire_choices":[{"data":"alterego_mod:TrickOrTreatment","floor":6.0,"key":"SMITH"},{"data":"alterego_mod:Support","floor":8.0,"key":"SMITH"},{"data":"alterego_mod:BigMeatyClaws","floor":10.0,"key":"SMITH"},{"data":"alterego_mod:MagicResistance","floor":15.0,"key":"SMITH"},{"data":"alterego_mod:Belts","floor":23.0,"key":"SMITH"},{"data":"alterego_mod:PresenceConcealment","floor":25.0,"key":"SMITH"},{"data":"alterego_mod:Stockings","floor":32.0,"key":"SMITH"},{"data":"alterego_mod:GoddessCore","floor":40,"key":"SMITH"},{"data":"alterego_mod:1TonWallop","floor":46,"key":"SMITH"},{"data":"alterego_mod:AlterEgo","floor":49,"key":"SMITH"}],"circlet_count":0,"master_deck":["AscendersBane","alterego_mod:Strike","alterego_mod:Defend","alterego_mod:Defend+1","alterego_mod:Defend+1","alterego_mod:Defend","alterego_mod:BigMeatyClaws+1","alterego_mod:BrynhildrsRune","alterego_mod:TrickOrTreatment+1","alterego_mod:SakuraFive","alterego_mod:DeftHands","alterego_mod:Support+1","alterego_mod:ChallengeComplete","alterego_mod:Stockings+1","alterego_mod:MagicResistance+1","alterego_mod:Tantrum","alterego_mod:Belts+1","alterego_mod:PresenceConcealment+1","alterego_mod:1TonWallop","alterego_mod:Exercise","alterego_mod:1TonWallop+1","alterego_mod:Tantrum","alterego_mod:BrynhildrRomantia","alterego_mod:GoddessCore+1","alterego_mod:Valkyrie","alterego_mod:Collar","alterego_mod:Support+1","alterego_mod:DestructionOfProperty+1","alterego_mod:AlterEgo+1"],"relics":["alterego_mod:MasochisticConstitution","Ornamental Fan","War Paint","PreservedInsect","Omamori","Snecko Eye","Oddly Smooth Stone","Eternal Feather","Potion Belt","MutagenicStrength","Happy Flower","Empty Cage","Lantern","Vajra","Mango","Pen Nib"],"acts_visited":["Exordium","TheCity","TheBeyond"],"potions_floor_usage":[33,38,50,50,50,50],"damage_taken":[{"damage":23.0,"enemies":"Cultist","floor":1.0,"turns":6.0},{"damage":7.0,"enemies":"Small Slimes","floor":2.0,"turns":7.0},{"damage":7.0,"enemies":"2 Louse","floor":3.0,"turns":4.0},{"damage":21.0,"enemies":"Exordium Wildlife","floor":4.0,"turns":7.0},{"damage":10.0,"enemies":"2 Fungi Beasts","floor":5.0,"turns":4.0},{"damage":35.0,"enemies":"3 Sentries","floor":7.0,"turns":13.0},{"damage":20.0,"enemies":"Gremlin Gang","floor":11.0,"turns":9.0},{"damage":0.0,"enemies":"Looter","floor":12.0,"turns":2.0},{"damage":2.0,"enemies":"Lagavulin Event","floor":14.0,"turns":7.0},{"damage":3.0,"enemies":"Slime Boss","floor":16.0,"turns":11.0},{"damage":13.0,"enemies":"Spheric Guardian","floor":18.0,"turns":5.0},{"damage":18.0,"enemies":"Shell Parasite","floor":19.0,"turns":4.0},{"damage":5.0,"enemies":"Centurion and Healer","floor":20.0,"turns":11.0},{"damage":5.0,"enemies":"Snake Plant","floor":21.0,"turns":6.0},{"damage":7.0,"enemies":"Gremlin Leader","floor":24.0,"turns":4.0},{"damage":65.0,"enemies":"Slavers","floor":27.0,"turns":8.0},{"damage":0.0,"enemies":"Snecko","floor":29.0,"turns":10.0},{"damage":4.0,"enemies":"Cultist and Chosen","floor":30.0,"turns":4.0},{"damage":9.0,"enemies":"Book of Stabbing","floor":31.0,"turns":3.0},{"damage":16,"enemies":"Champ","floor":33,"turns":7},{"damage":8,"enemies":"Orb Walker","floor":35,"turns":2},{"damage":42,"enemies":"3 Shapes","floor":38,"turns":8},{"damage":0,"enemies":"Spire Growth","floor":39,"turns":7},{"damage":0,"enemies":"Maw","floor":44,"turns":6},{"damage":40,"enemies":"Reptomancer","floor":45,"turns":6},{"damage":0,"enemies":"Giant Head","floor":47,"turns":4},{"damage":8,"enemies":"Jaw Worm Horde","floor":48,"turns":1},{"damage":19,"enemies":"Time Eater","floor":50,"turns":6}],"seed_played":"7457608468842327528","potions_obtained":[{"floor":1.0,"key":"ColorlessPotion"},{"floor":2.0,"key":"Weak Potion"},{"floor":5.0,"key":"Fruit Juice"},{"floor":7.0,"key":"EntropicBrew"},{"floor":16.0,"key":"SteroidPotion"},{"floor":29.0,"key":"Strength Potion"},{"floor":30.0,"key":"CultistPotion"},{"floor":33,"key":"Regen Potion"},{"floor":35,"key":"Energy Potion"},{"floor":36,"key":"DuplicationPotion"},{"floor":47,"key":"FearPotion"}],"is_trial":false,"path_per_floor":["M","M","M","M","M","R","E","R","T","R","M","M","$","?","R","B",null,"M","M","M","M","?","R","E","R","T","E","?","M","M","E","R","B",null,"M","?","$","M","M","R","?","$","T","M","E","R","E","M","R","B",null],"character_chosen":"The_Alterego","items_purchased":["PreservedInsect","alterego_mod:GoddessCore","alterego_mod:Valkyrie","Lantern"],"campfire_rested":0,"item_purchase_floors":[13,37,37,37],"current_hp_per_floor":[54,67,68,69,70,70,76,76,76,76,77,77,77,78,78,79,79,67,50,81,83,83,83,77,77,77,54,54,82,86,78,87,83,87,80,80,80,83,96,96,96,96,96,99,114,117,117,110,118,100],"gold":160,"neow_bonus":"TRANSFORM_CARD","is_daily":false,"chose_seed":false,"campfire_upgraded":10,"win_rate":0.0,"timestamp":1609256962,"path_taken":["M","M","M","M","?","R","E","R","T","R","M","M","?","?","R","BOSS","M","M","M","M","?","R","E","R","T","E","?","M","M","E","R","BOSS","M","?","$","?","M","R","?","$","T","M","E","R","E","?","R","BOSS"],"items_purchased_type":["Relic","Card","Card","Relic"],"build_version":"2020-12-22","purchased_purges":1,"victory":true,"max_hp_per_floor":[66,67,68,69,70,70,76,76,76,76,77,77,77,78,78,79,79,80,81,82,83,83,83,84,84,84,85,85,85,86,87,87,88,88,89,89,89,93,96,96,96,96,96,99,117,117,117,118,118,119],"card_choices":[{"not_picked":["alterego_mod:PurpleHair","alterego_mod:BusterCard"],"picked":"alterego_mod:SakuraFive","floor":1.0},{"not_picked":["alterego_mod:DiscoLights","alterego_mod:Maid"],"picked":"alterego_mod:Rip","floor":2.0},{"not_picked":["alterego_mod:SakuraPetals","alterego_mod:Nekomimi","alterego_mod:Undulate"],"picked":"SKIP","floor":3.0},{"not_picked":["alterego_mod:Birthday","alterego_mod:DiscoLights"],"picked":"alterego_mod:DeftHands","floor":4.0},{"not_picked":["alterego_mod:Birthday","alterego_mod:Smother"],"picked":"alterego_mod:Support","floor":5.0},{"not_picked":["alterego_mod:Crossover","alterego_mod:DeftHands"],"picked":"alterego_mod:ChallengeComplete","floor":7.0},{"not_picked":["alterego_mod:BeGentle","alterego_mod:PainIsPleasure"],"picked":"alterego_mod:Stockings","floor":11.0},{"not_picked":["alterego_mod:TrashNCrash","alterego_mod:Skirt"],"picked":"alterego_mod:MagicResistance","floor":12.0},{"not_picked":["alterego_mod:RingBreak","alterego_mod:GIGAMILK"],"picked":"alterego_mod:Tantrum","floor":16.0},{"not_picked":["alterego_mod:MaintainEyeContact","alterego_mod:MagicResistance"],"picked":"alterego_mod:Belts","floor":18.0},{"not_picked":["alterego_mod:Undulate","alterego_mod:Jiggle","alterego_mod:Mirror"],"picked":"SKIP","floor":19.0},{"not_picked":["alterego_mod:Maid","alterego_mod:Swimsuit"],"picked":"alterego_mod:PresenceConcealment","floor":20.0},{"not_picked":["alterego_mod:Lingerie","alterego_mod:GIGAMILK"],"picked":"alterego_mod:1TonWallop","floor":21.0},{"not_picked":["alterego_mod:Support","alterego_mod:Cycle","alterego_mod:MaintainEyeContact"],"picked":"SKIP","floor":24.0},{"not_picked":["alterego_mod:Complex","alterego_mod:BoobPocket"],"picked":"alterego_mod:Exercise","floor":27.0},{"not_picked":["alterego_mod:Maid","alterego_mod:Cushion"],"picked":"alterego_mod:1TonWallop","floor":29.0},{"not_picked":["alterego_mod:TrashNCrash","alterego_mod:Cycle"],"picked":"alterego_mod:Tantrum","floor":30.0},{"not_picked":["alterego_mod:BiFurious","alterego_mod:ClassAdvantage","alterego_mod:TrashNCrash"],"picked":"SKIP","floor":31.0},{"not_picked":["alterego_mod:InsideBaseball","alterego_mod:Lift"],"picked":"alterego_mod:BrynhildrRomantia","floor":33},{"not_picked":["alterego_mod:Cycle","alterego_mod:Punishment","alterego_mod:BiFurious"],"picked":"SKIP","floor":35},{"not_picked":["alterego_mod:MaintainEyeContact","alterego_mod:Punishment","alterego_mod:Mirror+1"],"picked":"SKIP","floor":38},{"not_picked":["alterego_mod:PerceptionDisorder","alterego_mod:Smother"],"picked":"alterego_mod:Collar","floor":39},{"not_picked":["alterego_mod:HighServant","alterego_mod:Nekomimi"],"picked":"alterego_mod:Support+1","floor":44},{"not_picked":["alterego_mod:Undulate","alterego_mod:Skirt"],"picked":"alterego_mod:DestructionOfProperty+1","floor":45},{"not_picked":["alterego_mod:Cooking","alterego_mod:Maid"],"picked":"alterego_mod:AlterEgo","floor":47},{"not_picked":["alterego_mod:TrashNCrash+1","alterego_mod:DustData+1"],"picked":"alterego_mod:Belle+1","floor":48}],"player_experience":1143338,"relics_obtained":[{"floor":7.0,"key":"Ornamental Fan"},{"floor":9.0,"key":"War Paint"},{"floor":14.0,"key":"Omamori"},{"floor":24.0,"key":"Oddly Smooth Stone"},{"floor":26.0,"key":"Eternal Feather"},{"floor":27.0,"key":"Potion Belt"},{"floor":31.0,"key":"Happy Flower"},{"floor":43,"key":"Vajra"},{"floor":45,"key":"Mango"},{"floor":47,"key":"Pen Nib"}],"event_choices":[{"damage_healed":0.0,"max_hp_gain":0.0,"max_hp_loss":0.0,"gold_gain":0.0,"event_name":"Dead Adventurer","player_choice":"Searched \u00271\u0027 times","floor":14.0,"gold_loss":0.0,"damage_taken":0.0},{"damage_healed":0.0,"max_hp_gain":0.0,"max_hp_loss":0.0,"gold_gain":0.0,"event_name":"Ghosts","player_choice":"Ignored","floor":22.0,"gold_loss":0.0,"damage_taken":0.0},{"damage_healed":0.0,"max_hp_gain":0.0,"max_hp_loss":0.0,"gold_gain":0.0,"event_name":"Drug Dealer","player_choice":"Inject Mutagens","floor":28.0,"gold_loss":0.0,"damage_taken":0.0,"relics_obtained":["MutagenicStrength"]},{"damage_healed":0,"gold_gain":0,"player_choice":"Got Potions","damage_taken":0,"max_hp_gain":0,"max_hp_loss":0,"event_name":"Lab","floor":36,"gold_loss":0},{"cards_removed":["alterego_mod:Strike"],"damage_healed":0,"gold_gain":0,"player_choice":"Offered Basic","damage_taken":0,"max_hp_gain":0,"max_hp_loss":0,"event_name":"Bonfire Elementals","floor":41,"gold_loss":0}],"is_beta":false,"boss_relics":[{"not_picked":["Runic Dome","Cursed Key"],"picked":"Snecko Eye"},{"not_picked":["Busted Crown","Calling Bell"],"picked":"Empty Cage"}],"items_purged_floors":[13],"is_endless":false,"potions_floor_spawned":[1,2,5,7,11,16,18,19,21,29,30,33,35,47,48],"ascension_level":17}}