{"host":"f5gffvlv6a66yqkd","time":1609250428,"event":{"mods":["2.2 Compatiblity","BaseMod","Colored Map","DeckTracker","Keyboard Shortcuts","Minty Spire (QoL Compilation)","Permanent Neow","Quick Restart","Relic Stats","StSLib","SuperFastMode"],"gold_per_floor":[18,33,53,67,78,78,88,108,108,108,108,134,134,146,146,251,301,311,311,311,344,91,102,102,116,116,116,132,142,142,154,154,254,254,268,286,306,306,306],"floor_reached":38,"playtime":1125,"items_purged":[],"score":651,"play_id":"2a6ea283-9fc2-440d-9dac-32f51ddb0814","local_time":"20201229230028","is_ascension_mode":true,"campfire_choices":[{"data":"Biased Cognition","floor":6.0,"key":"SMITH"},{"data":"Zap","floor":10.0,"key":"SMITH"},{"data":"Defragment","floor":13.0,"key":"SMITH"},{"data":"Dualcast","floor":15.0,"key":"SMITH"},{"data":"Loop","floor":24.0,"key":"SMITH"},{"data":"Recycle","floor":27.0,"key":"SMITH"},{"data":"Coolheaded","floor":32,"key":"SMITH"}],"circlet_count":0,"master_deck":["AscendersBane","Strike_B+1","Defend_B+1","Defend_B","Zap+1","Dualcast+1","Undo","Auto Shields","Compile Driver","Coolheaded+1","Cold Snap+1","Barrage","Biased Cognition+1","Ball Lightning","FTL","Defragment+1","Reboot","Recycle+1","Loop+1","Double Energy","Self Repair","Gash","Writhe","Core Surge","Conserve Battery+1"],"relics":["Cracked Core","Turnip","MealTicket","Tiny House","Red Mask","Bottled Tornado","Sundial","Inserter"],"acts_visited":["Exordium","TheCity","TheBeyond"],"potions_floor_usage":[36,37],"damage_taken":[{"damage":0.0,"enemies":"2 Louse","floor":1.0,"turns":3.0},{"damage":0.0,"enemies":"Jaw Worm","floor":2.0,"turns":3.0},{"damage":0.0,"enemies":"Small Slimes","floor":3.0,"turns":3.0},{"damage":3.0,"enemies":"2 Fungi Beasts","floor":4.0,"turns":4.0},{"damage":7.0,"enemies":"3 Louse","floor":5.0,"turns":3.0},{"damage":0.0,"enemies":"Large Slime","floor":7.0,"turns":6.0},{"damage":1.0,"enemies":"Looter","floor":8.0,"turns":3.0},{"damage":16.0,"enemies":"Gremlin Nob","floor":12.0,"turns":4.0},{"damage":1.0,"enemies":"Red Slaver","floor":14.0,"turns":3.0},{"damage":0.0,"enemies":"Slime Boss","floor":16.0,"turns":4.0},{"damage":14.0,"enemies":"Shell Parasite","floor":18.0,"turns":4.0},{"damage":24.0,"enemies":"Masked Bandits","floor":21.0,"turns":4.0},{"damage":16.0,"enemies":"2 Thieves","floor":23.0,"turns":3.0},{"damage":0.0,"enemies":"3 Cultists","floor":25.0,"turns":5.0},{"damage":12.0,"enemies":"Snake Plant","floor":28.0,"turns":5.0},{"damage":0.0,"enemies":"Centurion and Healer","floor":29.0,"turns":5.0},{"damage":13,"enemies":"3 Cultists","floor":31,"turns":6},{"damage":8,"enemies":"Champ","floor":33,"turns":15},{"damage":20,"enemies":"3 Shapes","floor":35,"turns":4},{"damage":5,"enemies":"Orb Walker","floor":36,"turns":5},{"damage":26,"enemies":"4 Shapes","floor":37,"turns":5},{"damage":32,"enemies":"Writhing Mass","floor":38,"turns":4}],"seed_played":"5970194457747818678","potions_obtained":[{"floor":5.0,"key":"PowerPotion"},{"floor":8.0,"key":"GamblersBrew"},{"floor":16.0,"key":"GamblersBrew"},{"floor":21.0,"key":"Weak Potion"},{"floor":28.0,"key":"Block Potion"},{"floor":36,"key":"Fire Potion"},{"floor":37,"key":"PotionOfCapacity"}],"is_trial":false,"path_per_floor":["M","M","M","M","M","R","M","M","T","R","?","E","R","M","R","B",null,"M","?","?","?","$","M","R","M","T","R","M","M","?","M","R","B",null,"M","M","M","M"],"character_chosen":"DEFECT","items_purchased":["Bottled Tornado"],"campfire_rested":0,"item_purchase_floors":[22],"current_hp_per_floor":[68,68,68,65,58,58,58,57,57,57,42,26,26,25,25,25,68,54,54,54,30,45,36,36,43,43,43,38,38,38,32,32,31,68,48,50,31,0,0],"gold":306,"neow_bonus":"TRANSFORM_TWO_CARDS","is_daily":false,"chose_seed":false,"campfire_upgraded":7,"win_rate":0.0,"timestamp":1609250428,"path_taken":["M","M","M","M","M","R","M","M","T","R","?","E","R","M","R","BOSS","M","?","?","?","?","M","R","M","T","R","?","M","?","M","R","BOSS","M","M","M","M"],"items_purchased_type":["Relic"],"build_version":"2020-12-22","purchased_purges":0,"victory":false,"max_hp_per_floor":[75,75,75,75,75,75,75,75,75,75,75,75,75,75,75,75,80,80,80,80,80,80,80,80,80,80,80,80,80,80,80,80,80,80,80,80,80,80,80],"relic_stats":{"Inserter":[9],"counters":[22,100],"Sundial":[6],"MealTicket":15,"Turnip":[10],"obtain_stats":[{"Tiny House":17,"Inserter":34,"Sundial":30,"MealTicket":12,"Turnip":9,"Red Mask":21,"Bottled Tornado":22,"Cracked Core":0},{"Tiny House":10,"Inserter":18,"Sundial":16,"MealTicket":8,"Turnip":7,"Red Mask":12,"Bottled Tornado":12,"Cracked Core":0},{"Tiny House":36,"Inserter":83,"Sundial":62,"MealTicket":29,"Turnip":25,"Red Mask":44,"Bottled Tornado":44,"Cracked Core":0}]},"card_choices":[{"not_picked":["Rebound","Capacitor"],"picked":"Compile Driver","floor":1.0},{"not_picked":["Hologram","Beam Cell"],"picked":"Coolheaded","floor":2.0},{"not_picked":["Go for the Eyes","Undo"],"picked":"Cold Snap","floor":3.0},{"not_picked":["Hologram","Gash"],"picked":"Barrage","floor":4.0},{"not_picked":["Redo","Ball Lightning"],"picked":"Biased Cognition","floor":5.0},{"not_picked":["Streamline","Conserve Battery"],"picked":"Ball Lightning","floor":7.0},{"not_picked":["Sweeping Beam","Undo"],"picked":"FTL","floor":8.0},{"not_picked":["Auto Shields","Blizzard"],"picked":"Defragment","floor":12.0},{"not_picked":["Hello World","Storm","Hologram"],"picked":"SKIP","floor":14.0},{"not_picked":["Amplify","Meteor Strike"],"picked":"Reboot","floor":16.0},{"not_picked":["Turbo","Compile Driver"],"picked":"Recycle","floor":17.0},{"not_picked":["Cold Snap","Beam Cell"],"picked":"Loop","floor":18.0},{"not_picked":["Static Discharge","Barrage","Conserve Battery"],"picked":"SKIP","floor":23.0},{"not_picked":["Barrage+1","Turbo","Steam Power+1"],"picked":"SKIP","floor":25.0},{"not_picked":["Coolheaded","Rainbow","Redo"],"picked":"SKIP","floor":28.0},{"not_picked":["Rebound","Redo"],"picked":"Gash","floor":29.0},{"not_picked":["Leap+1","Redo","Rebound+1"],"picked":"SKIP","floor":31},{"not_picked":["Creative AI","Hyperbeam"],"picked":"Core Surge","floor":33},{"not_picked":["Steam Power+1","Ball Lightning","Compile Driver+1"],"picked":"SKIP","floor":35},{"not_picked":["Doom and Gloom","Steam","Ball Lightning"],"picked":"SKIP","floor":36},{"not_picked":["Chaos","Compile Driver+1"],"picked":"Conserve Battery+1","floor":37}],"player_experience":1511382,"relics_obtained":[{"floor":9.0,"key":"Turnip"},{"floor":12.0,"key":"MealTicket"},{"floor":21.0,"key":"Red Mask"}],"event_choices":[{"damage_healed":0.0,"max_hp_gain":0.0,"max_hp_loss":0.0,"gold_gain":0.0,"event_name":"Shining Light","player_choice":"Entered Light","floor":11.0,"gold_loss":0.0,"damage_taken":15.0,"cards_upgraded":["Defend_B","Cold Snap"]},{"damage_healed":0.0,"max_hp_gain":0.0,"max_hp_loss":0.0,"gold_gain":0.0,"cards_transformed":["Strike_B","Strike_B"],"event_name":"Drug Dealer","player_choice":"Became Test Subject","floor":19.0,"gold_loss":0.0,"damage_taken":0.0,"cards_obtained":["Double Energy","Self Repair"]},{"cards_removed":["Defend_B"],"damage_healed":0.0,"max_hp_gain":0.0,"max_hp_loss":0.0,"gold_gain":0.0,"event_name":"Back to Basics","player_choice":"Elegance","floor":20.0,"gold_loss":0.0,"damage_taken":0.0},{"damage_healed":0.0,"max_hp_gain":0.0,"max_hp_loss":0.0,"gold_gain":0.0,"event_name":"Masked Bandits","player_choice":"Fought Bandits","floor":21.0,"gold_loss":0.0,"damage_taken":0.0},{"damage_healed":0,"gold_gain":0,"player_choice":"Opened","damage_taken":0,"relics_obtained":["Sundial"],"max_hp_gain":0,"max_hp_loss":0,"event_name":"The Mausoleum","floor":30,"gold_loss":0,"cards_obtained":["Writhe"]}],"is_beta":false,"boss_relics":[{"not_picked":["Coffee Dripper","Snecko Eye"],"picked":"Tiny House"},{"not_picked":["Runic Dome","FrozenCore"],"picked":"Inserter"}],"items_purged_floors":[],"is_endless":false,"potions_floor_spawned":[5,8,16,21,28,29,36,37],"killed_by":"Writhing Mass","ascension_level":10}}