{"host":"ceopyqoizwrgii5g","time":1609215422,"event":{"mods":["Act Like it!","Aspiration","BaseMod","BetterRewards","CapriCore","Conspire","Dota2Spire","GungeonMod","Hallownest","Hermit","Infinite Spire","Luminous","Marisa（霧雨　魔理沙）","Minty Spire (QoL Compilation)","Permanent Neow","Quick Restart","Reimu（博???）","Remilia（蕾米莉?）","Replay The Spire","Robot Space Explorer","RumiaBox-露米?的神秘盒子","SOS（斯巴?之子）","Shop Mod","Spicy Shops","StSLib","SuperFastMode","The Bug Knight","The Cursed","Transform Curses","WarShipGirlsR/??少女R mod","Yakumo Yukari mod","Youmu（魂魄妖?）","【功能Mod】混沌之?修复?丁","【?物卡牌】REMEMod"],"gold_per_floor":[144,144,144,144,144,172,185,214,214,277,305,305,320,339,339,466,466,482,572,671,688,702,762,772,772,798,817,848,848,874,906,906,1033,1033,1045,720,720,720,731,731,757,757,784,810,810,906,752,752,752,752],"floor_reached":51,"playtime":1204,"items_purged":["Regret"],"score":1715,"play_id":"7ef37845-3d04-4a0d-bc1b-d99205f5752a","local_time":"20201229121702","is_ascension_mode":true,"campfire_choices":[{"data":"1","floor":12,"key":"LIFT"},{"data":"2","floor":15,"key":"LIFT"},{"data":"3","floor":25,"key":"LIFT"},{"data":"Limit Break","floor":32,"key":"SMITH"},{"data":"HandOfGreed","floor":40,"key":"SMITH"},{"data":"Replay:Undeath\u0027s Touch","floor":42,"key":"SMITH"},{"data":"Feed","floor":49,"key":"SMITH"}],"circlet_count":0,"master_deck":["Strike_R","Strike_R","Strike_R","Strike_R","Strike_R","Defend_R+1","Defend_R","Defend_R+1","Bash","Replay:Undeath\u0027s Touch+1","Flex","Pommel Strike","Thunderclap","Thunderclap","Heavy Blade","Twin Strike+1","Inflame+1","Flex","Heavy Blade","Flex","Limit Break+1","Heavy Blade+1","Sadistic Nature","Replay:Undeath\u0027s Touch+1","HandOfGreed+1","Replay:Undeath\u0027s Touch+1","Feed+1"],"relics":["Burning Blood","REME_ComplimentaryCards","MerchantsRug","Brimstone","Girya","Dota2Spire:HandOfMidas","Bronze Scales","Dota2Spire:Butterfly","ZombieArmy","War Paint","Orrery","Dota2Spire:AghanimScepter","Juzu Bracelet","Counterbalance","Gremlin Horn","Sling","BargainBundle","Dota2Spire:ArcaneBoots","Dota2Spire:PhaseBoots","Bag of Marbles","HandDrill","aspiration:Nostalgia","TheCursedMod:BlackMagic101","Replay:Mystery Machine","ReplayTheSpireMod:Ninjato","Bottled Tornado","DemoMod:VorpalBullet","Guide Book","DemoMod:PinkGuonStone","conspire:Flyswatter","TungstenRod","AddBug","SecretRecord","SecretRecord","SecretRecord","SecretRecord","SecretRecord","SecretRecord"],"acts_visited":["Exordium","TheCity","TheBeyond"],"potions_floor_usage":[],"damage_taken":[{"damage":0,"enemies":"conspire:RoseBush","floor":1,"turns":2},{"damage":0,"enemies":"Gremlin Nob","floor":6,"turns":1},{"damage":0,"enemies":"Small Slimes","floor":7,"turns":1},{"damage":0,"enemies":"3 Sentries","floor":8,"turns":1},{"damage":0,"enemies":"Lagavulin","floor":10,"turns":2},{"damage":0,"enemies":"conspire:MimicChest","floor":11,"turns":2},{"damage":0,"enemies":"Jaw Worm","floor":13,"turns":1},{"damage":0,"enemies":"Large Slime","floor":14,"turns":1},{"damage":6,"enemies":"The Guardian","floor":16,"turns":3},{"damage":0,"enemies":"3 Byrds","floor":18,"turns":1},{"damage":0,"enemies":"Spheric Guardian","floor":21,"turns":1},{"damage":0,"enemies":"Snecko","floor":22,"turns":1},{"damage":0,"enemies":"Nightmare","floor":23,"turns":2},{"damage":0,"enemies":"Centurion and Healer","floor":24,"turns":1},{"damage":0,"enemies":"Snake Plant","floor":27,"turns":1},{"damage":0,"enemies":"Slavers","floor":28,"turns":1},{"damage":0,"enemies":"Gremlin Leader","floor":31,"turns":1},{"damage":0,"enemies":"Collector","floor":33,"turns":2},{"damage":0,"enemies":"3 Darklings","floor":35,"turns":1},{"damage":0,"enemies":"Orb Walker","floor":39,"turns":1},{"damage":0,"enemies":"Nightmare","floor":41,"turns":1},{"damage":0,"enemies":"Reptomancer","floor":44,"turns":1},{"damage":1,"enemies":"4 Shapes","floor":46,"turns":2},{"damage":37,"enemies":"Donu and Deca","floor":50,"turns":3}],"seed_played":"-9123409444044953707","potions_obtained":[{"floor":8,"key":"Regen Potion"},{"floor":10,"key":"PowerPotion"},{"floor":35,"key":"BloodPotion"},{"floor":46,"key":"REME_GoldPotion"}],"is_trial":false,"path_per_floor":["M","?","?","?","T","E","M","E","T","E","?","R","M","M","R","B",null,"M","?","?","M","M","NM","M","R","T","M","E","?","T","E","R","B",null,"M","$","?","?","M","R","NM","R","T","E","?","M","$","?","R","B",null],"character_chosen":"IRONCLAD","items_purchased":["MerchantsRug","Brimstone","Girya","Dota2Spire:HandOfMidas","Bronze Scales","Dota2Spire:Butterfly","Replay:Undeath\u0027s Touch","ZombieArmy","War Paint","Flex","Orrery","Inflame","Dota2Spire:AghanimScepter","Juzu Bracelet","Counterbalance","Gremlin Horn","Sling","BargainBundle","Dota2Spire:ArcaneBoots","Dota2Spire:PhaseBoots","Flex","Heavy Blade","Bag of Marbles","HandDrill","aspiration:Nostalgia","Replay:Mystery Machine","ReplayTheSpireMod:Ninjato","Bottled Tornado","DemoMod:VorpalBullet","Guide Book","DemoMod:PinkGuonStone","conspire:Flyswatter","TungstenRod","SSSystem","HandOfGreed","Feed"],"campfire_rested":0,"item_purchase_floors":[0,0,0,0,0,0,0,0,0,0,0,0,0,0,0,0,0,0,0,0,0,0,0,0,0,0,0,0,0,0,0,0,0,36,36,47],"current_hp_per_floor":[85,85,85,87,87,87,87,87,87,87,87,87,87,87,87,87,87,87,77,77,83,87,87,87,87,87,87,87,87,87,87,87,87,87,87,87,87,80,86,86,87,87,87,87,87,87,87,87,87,66],"gold":752,"neow_bonus":"","is_daily":false,"chose_seed":false,"campfire_upgraded":4,"win_rate":0.0,"timestamp":1609215422,"path_taken":["M","?","?","?","?","E","M","E","T","E","?","R","M","M","R","BOSS","M","?","?","M","M","NM","M","R","T","M","E","?","?","E","R","BOSS","M","$","?","?","M","R","NM","R","T","E","?","M","$","?","R","BOSS"],"items_purchased_type":["Relic","Relic","Relic","Relic","Relic","Relic","Card","Relic","Relic","Card","Relic","Card","Relic","Relic","Relic","Relic","Relic","Relic","Relic","Relic","Card","Card","Relic","Relic","Relic","Relic","Relic","Relic","Relic","Relic","Relic","Relic","Relic","Relic","Card","Card"],"build_version":"2020-12-22","purchased_purges":1,"victory":true,"max_hp_per_floor":[87,87,87,87,87,87,87,87,87,87,87,87,87,87,87,87,87,87,87,87,87,87,87,87,87,87,87,87,87,87,87,87,87,87,87,87,87,87,87,87,87,87,87,87,87,87,87,87,87,97],"card_choices":[{"not_picked":["Shrug It Off","Clash"],"picked":"Pommel Strike","floor":0},{"not_picked":["Clothesline","Hemokinesis"],"picked":"Thunderclap","floor":0},{"not_picked":["Pommel Strike","Havoc"],"picked":"Thunderclap","floor":0},{"not_picked":["Flame Barrier","Iron Wave"],"picked":"Heavy Blade","floor":0},{"not_picked":["Body Slam","ReplayTheSpireMod:Strike From Hell"],"picked":"Twin Strike","floor":0},{"not_picked":["Run Through","Rupture","Demonic Infusion"],"picked":"SKIP","floor":1},{"not_picked":["Shockwave","Life Link","REME_FearOfPain"],"picked":"SKIP","floor":6},{"not_picked":["Headbutt","Iron Wave","True Grit"],"picked":"SKIP","floor":7},{"not_picked":["Clothesline","Bloodletting","Rampage"],"picked":"SKIP","floor":8},{"not_picked":["Iron Wave","Power Through"],"picked":"Flex","floor":10},{"not_picked":["Shrug It Off","Iron Wave","Clothesline"],"picked":"SKIP","floor":13},{"not_picked":["REME_SingleHolding","Sword Boomerang","Evolve"],"picked":"SKIP","floor":14},{"not_picked":["REME_Fury","Brutality"],"picked":"Limit Break","floor":16},{"not_picked":["Fire Breathing","Anger","Armaments"],"picked":"SKIP","floor":18},{"not_picked":["Clothesline","ReplayTheSpireMod:Strike From Hell+1"],"picked":"Heavy Blade+1","floor":21},{"not_picked":["Shrug It Off+1","Carnage+1","Thunderclap"],"picked":"SKIP","floor":22},{"not_picked":["Anger+1","Rage","Demonic Infusion"],"picked":"SKIP","floor":23},{"not_picked":["Clash+1","Headbutt+1","Life Link+1"],"picked":"SKIP","floor":24},{"not_picked":["Whirlwind+1","Heavy Blade","Armaments"],"picked":"SKIP","floor":27},{"not_picked":["Whirlwind+1","Heavy Blade","Armaments"],"picked":"SKIP","floor":27},{"not_picked":["Exhume","Evolve"],"picked":"Replay:Undeath\u0027s Touch","floor":28},{"not_picked":["Battle Trance+1","Sword Boomerang","Combust"],"picked":"SKIP","floor":31},{"not_picked":["Clothesline+1","Headbutt","Spot Weakness+1"],"picked":"SKIP","floor":35},{"not_picked":["Juggernaut","ReplayTheSpireMod:Strike From Hell"],"picked":"Replay:Undeath\u0027s Touch+1","floor":39},{"not_picked":["Armaments+1","Rampage+1","Sword Boomerang"],"picked":"SKIP","floor":41},{"not_picked":["Wild Strike","DemoMod:BlackBlade","Reckless Charge+1"],"picked":"SKIP","floor":44},{"not_picked":["Infernal Blade+1","Anger","Rupture"],"picked":"SKIP","floor":46}],"player_experience":387878,"relics_obtained":[{"floor":1,"key":"AddBug"},{"floor":5,"key":"HollowMod:LifeEnderRelic"},{"floor":6,"key":"DemoMod:BlueGuonStone"},{"floor":8,"key":"Pondfish Scales"},{"floor":9,"key":"infinitespire:Magic Flask"},{"floor":10,"key":"Mercury Hourglass"},{"floor":11,"key":"HornCleat"},{"floor":11,"key":"SecretRecord"},{"floor":22,"key":"SecretRecord"},{"floor":23,"key":"conspire:GlowingRock"},{"floor":26,"key":"Replay:Bandana"},{"floor":28,"key":"Lantern"},{"floor":30,"key":"HollowMod:PaleOreRelic"},{"floor":31,"key":"SecretRecord"},{"floor":35,"key":"SecretRecord"},{"floor":41,"key":"Quantum Egg"},{"floor":44,"key":"SecretRecord"},{"floor":44,"key":"Pear"}],"event_choices":[{"damage_healed":0,"gold_gain":0,"player_choice":"Disagree","damage_taken":0,"max_hp_gain":0,"max_hp_loss":0,"event_name":"conspire:LoneGhost","floor":3,"gold_loss":0},{"damage_healed":0,"gold_gain":90,"player_choice":"GOLD ","damage_taken":12,"max_hp_gain":0,"max_hp_loss":0,"event_name":"Knowing Skull","floor":19,"potions_obtained":[],"gold_loss":0,"cards_obtained":[]},{"damage_healed":0,"gold_gain":99,"player_choice":"Stole From Cult","damage_taken":0,"max_hp_gain":0,"max_hp_loss":0,"event_name":"Nest","floor":20,"gold_loss":0},{"damage_healed":0,"gold_gain":0,"player_choice":"Opened","damage_taken":0,"relics_obtained":["Centennial Puzzle"],"max_hp_gain":0,"max_hp_loss":0,"event_name":"The Mausoleum","floor":29,"gold_loss":0},{"damage_healed":0,"gold_gain":0,"player_choice":"Damaged","damage_taken":8,"max_hp_gain":0,"max_hp_loss":0,"event_name":"Wheel of Change","floor":38,"gold_loss":0},{"damage_healed":0,"gold_gain":0,"player_choice":"Ignored","damage_taken":0,"max_hp_gain":0,"max_hp_loss":0,"event_name":"Tomb of Lord Red Mask","floor":45,"gold_loss":0},{"cards_removed":["Defend_R"],"damage_healed":0,"gold_gain":0,"player_choice":"Removed Skill","damage_taken":0,"max_hp_gain":0,"max_hp_loss":0,"event_name":"Falling","floor":48,"gold_loss":0}],"is_beta":false,"boss_relics":[{"not_picked":["Painkiller Herb","aspiration:RandomNobGenerator"],"picked":"Black Blood"},{"not_picked":["aspiration:FutureDiary","Replay:Bronze Core"],"picked":"EasyGame_NEW"}],"items_purged_floors":[0],"is_endless":false,"potions_floor_spawned":[1,8,10,11,14,18,21,28,33,35,46],"ascension_level":6}}