{"host":"qwv9nni2x0umspiu","time":1609209494,"event":{"mods":["BaseMod","Downfall","Minty Spire (QoL Compilation)","Replay The Spire","StSLib","The Hierophant","Wandering Minibosses"],"gold_per_floor":[110,110,129,142,142,142,166,166,166,183,208,223,148,159,159,139,139],"floor_reached":16,"playtime":508,"items_purged":[],"score":224,"play_id":"7f7999a0-753b-47ff-adeb-c6424a78c3ec","local_time":"20201228183814","is_ascension_mode":true,"campfire_choices":[{"data":"hierophant:Punish","floor":6,"key":"SMITH"},{"data":"hierophant:Exaltation","floor":8,"key":"SMITH"},{"floor":15,"key":"REST"}],"circlet_count":0,"master_deck":["AscendersBane","hierophant:Strike_Hierophant","hierophant:Strike_Hierophant","hierophant:Strike_Hierophant","hierophant:Strike_Hierophant","hierophant:Punish+1","hierophant:Defend_Hierophant","hierophant:Defend_Hierophant","hierophant:Defend_Hierophant","hierophant:ChurchCoffers+1","hierophant:Exaltation+1","hierophant:SealAway","hierophant:Smite","hierophant:Shelter","hierophant:Glossolalia+1"],"relics":["hierophant:PropheticMaskRelic","NeowsBlessing","Pen Nib","Frozen Egg 2","Ice Cream"],"acts_visited":["Exordium"],"potions_floor_usage":[7,7,11,16],"damage_taken":[{"damage":0,"enemies":"2 Louse","floor":1,"turns":1},{"damage":0,"enemies":"Cultist","floor":3,"turns":1},{"damage":0,"enemies":"Jaw Worm","floor":4,"turns":1},{"damage":8,"enemies":"Gremlin Nob","floor":7,"turns":3},{"damage":4,"enemies":"Red Slaver","floor":10,"turns":3},{"damage":30,"enemies":"Lagavulin","floor":11,"turns":5},{"damage":0,"enemies":"3 Louse","floor":12,"turns":1},{"damage":5,"enemies":"Gremlin Gang","floor":14,"turns":2},{"damage":32,"enemies":"Slime Boss","floor":16,"turns":9}],"seed_played":"-1645102882353633303","potions_obtained":[{"floor":1,"key":"hexamod:EctoCoolerPotion"},{"floor":3,"key":"DuplicationPotion"},{"floor":10,"key":"DuplicationPotion"},{"floor":14,"key":"SpeedPotion"}],"is_trial":false,"path_per_floor":["M","?","M","M","?","R","E","R","T","M","E","M","?","M","R","B"],"character_chosen":"HIEROPHANT","items_purchased":[],"campfire_rested":1,"item_purchase_floors":[],"current_hp_per_floor":[68,68,68,68,68,68,60,60,60,56,26,26,26,21,43,11,11],"gold":139,"neow_bonus":"THREE_ENEMY_KILL","is_daily":false,"chose_seed":false,"campfire_upgraded":2,"win_rate":0.0,"timestamp":1609209494,"path_taken":["M","?","?","M","?","R","E","R","T","M","E","M","?","M","R","BOSS"],"items_purchased_type":[],"build_version":"2020-12-22","purchased_purges":0,"victory":false,"max_hp_per_floor":[75,75,75,75,75,75,75,75,75,75,75,75,75,75,75,75,75],"card_choices":[{"not_picked":["hierophant:Refuge","hierophant:Doomsaying","hierophant:RustyCrate"],"picked":"SKIP","floor":1},{"not_picked":["hierophant:Purify","hierophant:RepressedViolence"],"picked":"hierophant:Exaltation","floor":3},{"not_picked":["hierophant:FlamingChariot","hierophant:AuricBeam"],"picked":"hierophant:SealAway","floor":4},{"not_picked":["hierophant:Exaltation","hierophant:HolyVerse"],"picked":"hierophant:Smite","floor":7},{"not_picked":["hierophant:MirrorShield","hierophant:RustyCrate","hierophant:RepressedViolence"],"picked":"SKIP","floor":10},{"not_picked":["hierophant:Endure","hierophant:Smite"],"picked":"hierophant:Shelter","floor":11},{"not_picked":["hierophant:RustyCrate","hierophant:DisplayOfPower","hierophant:Remorse"],"picked":"SKIP","floor":12},{"not_picked":["hierophant:Dazzle","hierophant:Rebuild"],"picked":"hierophant:Glossolalia+1","floor":14}],"player_experience":1322913,"relics_obtained":[{"floor":7,"key":"Pen Nib"},{"floor":9,"key":"Frozen Egg 2"},{"floor":11,"key":"Ice Cream"}],"event_choices":[{"damage_healed":0,"gold_gain":0,"player_choice":"Forge","damage_taken":0,"max_hp_gain":0,"max_hp_loss":0,"event_name":"Accursed Blacksmith","floor":2,"gold_loss":0,"cards_upgraded":["hierophant:ChurchCoffers"]},{"damage_healed":0,"gold_gain":0,"player_choice":"Ignored","damage_taken":0,"max_hp_gain":0,"max_hp_loss":0,"event_name":"Liars Game","floor":5,"gold_loss":0},{"cards_removed":["hierophant:Defend_Hierophant"],"damage_healed":0,"gold_gain":0,"player_choice":"Card Removal","damage_taken":0,"max_hp_gain":0,"max_hp_loss":0,"event_name":"The Cleric","floor":13,"gold_loss":75}],"is_beta":false,"boss_relics":[],"items_purged_floors":[],"is_endless":false,"potions_floor_spawned":[1,3,10,14],"killed_by":"Slime Boss","ascension_level":20}}