{"host":"u0f5uy314yz7olfc","time":1609221151,"event":{"mods":["AchievementEnabler","Aspiration","BaseMod","Better Altar","Better Match","Better Note","Better Sensory Stone","Better Skull","Better Third Choice","BetterRewards","Block Reminder","Colored Map","Colored Powertips","DeckTracker","Dota2Spire","Emptier Cage","Gold Saver","Highlight Path","Hubris","Infinite Spire","Marked Mod","Mimic Mod","Minty Spire (QoL Compilation)","Permanent Neow","Quick Restart","Rare Cards Sparkle","Relic Sorter","Replay The Spire","Shop Mod","StSLib","The Bladedancer","The Blue Laboratory","Watcher Patcher"],"gold_per_floor":[1193,1205,698,698,698,726,88,107,140,167,167,194,209,209,209,209,209],"floor_reached":16,"playtime":995,"items_purged":["blademaster:OneTrickPony"],"score":218,"play_id":"2f691690-d854-49ff-9a44-f35d3b646e98","local_time":"20201229125231","is_ascension_mode":false,"campfire_choices":[{"floor":11,"key":"REST"},{"floor":15,"key":"REST"}],"circlet_count":0,"master_deck":["blademaster:Strike","blademaster:Strike","blademaster:Strike","blademaster:Defend","blademaster:Defend","blademaster:Defend","blademaster:Defend","blademaster:RagingBlow","blademaster:HighVoltage","blademaster:BrainBloom","blademaster:BrainBloom","blademaster:Gust","blademaster:AirSlash","blademaster:Thrust","blademaster:Stability","blademaster:Flurry","blademaster:Thrust","blademaster:Sunder+1","blademaster:Havoc","blademaster:BloodyBlow","blademaster:Slice","blademaster:Slice","blademaster:Quickstep","blademaster:Frontflip","blademaster:Safeguard","blademaster:AirSlash","blademaster:DeadlyDance","blademaster:LightningCrash","blademaster:Slice","blademaster:BloodyBlow","blademaster:Quickstep","blademaster:AwakeningDefend","blademaster:Vortex","blademaster:AirSlash","blademaster:AwakeningStrike","blademaster:TraverseCut","blademaster:StanceMastery","ReplayTheSpireMod:From All Sides+1"],"relics":["blademaster:DancersAmulet","Dota2Spire:BlackKingBar","Dota2Spire:DrumOfEndurance","infinitespire:Beetle Shell","Happy Flower","MerchantsRug","Art of War","hubris:EmptyBottle","ReplayTheSpireMod:TigerMarble","hubris:Zylophone","aspiration:ChemicalBlood","Dota2Spire:LinkenSphere"],"acts_visited":[],"potions_floor_usage":[10,12,12,13,16,16,16,16,16,16,16],"damage_taken":[{"damage":0,"enemies":"Cultist","floor":1,"turns":3},{"damage":8,"enemies":"2 Louse","floor":2,"turns":3},{"damage":14,"enemies":"Lagavulin","floor":6,"turns":6},{"damage":0,"enemies":"Small Slimes","floor":8,"turns":3},{"damage":6,"enemies":"3 Louse","floor":9,"turns":7},{"damage":27,"enemies":"Replay:BlueRogue","floor":10,"turns":5},{"damage":0,"enemies":"Gremlin Nob","floor":12,"turns":2},{"damage":12,"enemies":"3 Louse","floor":13,"turns":3},{"damage":27,"enemies":"The Guardian","floor":16,"turns":4}],"seed_played":"-5333598488167668215","potions_obtained":[{"floor":2,"key":"Dota2Spire:Clarity"},{"floor":10,"key":"SkillPotion"},{"floor":12,"key":"Strength Potion"},{"floor":13,"key":"Fire Potion"},{"floor":16,"key":"blueLaboratory:NullPotion"}],"is_trial":false,"path_per_floor":["M","M","$","?","?","E","$","M","MIM","E","R","E","M","?","R","B"],"character_chosen":"THE_BLADEMASTER","items_purchased":["blademaster:BrainBloom","blademaster:OneTrickPony","blademaster:Gust","blademaster:AirSlash","blademaster:Thrust","Dota2Spire:BlackKingBar","Dota2Spire:DrumOfEndurance","blademaster:Stability","blademaster:Flurry","blademaster:Thrust","blademaster:Sunder+1","blademaster:Slice","blademaster:Quickstep","infinitespire:Beetle Shell","blademaster:Frontflip","blademaster:Safeguard","blademaster:AirSlash","Dota2Spire:HealingSalve","blademaster:Slice","blademaster:BloodyBlow","MerchantsRug","Art of War","blademaster:Quickstep","blademaster:AwakeningDefend","hubris:EmptyBottle"],"campfire_rested":2,"item_purchase_floors":[0,0,0,0,0,0,0,0,0,0,0,3,3,3,3,3,3,3,7,7,7,7,7,7,7],"current_hp_per_floor":[75,67,67,67,67,53,53,53,53,44,66,66,54,5,27,0,0],"gold":209,"neow_bonus":"","is_daily":false,"chose_seed":false,"campfire_upgraded":0,"win_rate":0.0,"timestamp":1609221151,"path_taken":["M","M","$","?","?","E","$","M","MIM","E","R","E","M","?","R","BOSS"],"items_purchased_type":["Card","Card","Card","Card","Card","Relic","Relic","Card","Card","Card","Card","Card","Card","Relic","Card","Card","Card","Potion","Card","Card","Relic","Relic","Card","Card","Relic"],"build_version":"2020-12-22","purchased_purges":1,"victory":false,"max_hp_per_floor":[75,75,75,75,75,75,75,75,75,75,75,75,75,75,75,75,75],"card_choices":[{"not_picked":["blademaster:LeechingStrike","blademaster:ThunderingOpener"],"picked":"blademaster:Havoc","floor":1},{"not_picked":["blademaster:ParryingStrike","blademaster:DaggerAndCloak"],"picked":"blademaster:BloodyBlow","floor":2},{"not_picked":["blademaster:Flurry","blademaster:DancingEdge"],"picked":"blademaster:LightningCrash","floor":6},{"not_picked":["blademaster:FuriousStrike","blademaster:Frontflip"],"picked":"blademaster:Vortex","floor":8},{"not_picked":["blademaster:Frontflip","blademaster:DragonStrike"],"picked":"blademaster:AirSlash","floor":9},{"not_picked":["blademaster:Frenzy","blademaster:ParryingStrike"],"picked":"blademaster:AwakeningStrike","floor":10},{"not_picked":["blademaster:IcyWind","blademaster:DragonStrike"],"picked":"blademaster:TraverseCut","floor":12},{"not_picked":["blademaster:Breeze","blademaster:KiBarrier"],"picked":"blademaster:StanceMastery","floor":13}],"player_experience":357058,"relics_obtained":[{"floor":6,"key":"Happy Flower"},{"floor":6,"key":"blademaster:StanceHealPerk"},{"floor":10,"key":"ReplayTheSpireMod:TigerMarble"},{"floor":10,"key":"blademaster:RandomBladePerk"},{"floor":12,"key":"hubris:Zylophone"},{"floor":12,"key":"blademaster:BleedingMoreDamagePerk"}],"event_choices":[{"damage_healed":0,"gold_gain":0,"player_choice":"Ignored","damage_taken":0,"max_hp_gain":0,"max_hp_loss":0,"event_name":"Golden Wing","floor":4,"gold_loss":0},{"damage_healed":0,"gold_gain":0,"cards_transformed":["blademaster:Strike"],"player_choice":"Transformed","damage_taken":0,"max_hp_gain":0,"max_hp_loss":0,"event_name":"Transmorgrifier","floor":5,"gold_loss":0,"cards_obtained":["blademaster:DeadlyDance"]},{"damage_healed":0,"gold_gain":1,"player_choice":"Relic Relic Card ","damage_taken":49,"max_hp_gain":0,"max_hp_loss":0,"event_name":"betterThird:BetterScrap","floor":14,"gold_loss":0,"cards_obtained":["ReplayTheSpireMod:From All Sides","Panache"]}],"is_beta":false,"boss_relics":[],"items_purged_floors":[3],"is_endless":false,"potions_floor_spawned":[2,10,12,13],"killed_by":"The Guardian","ascension_level":0}}