{"host":"1kq2ingo3j45gyyp","time":1609230083,"event":{"mods":["BaseMod","Better Note","Better Third Choice","Downfall","Minty Spire (QoL Compilation)","StSLib"],"gold_per_floor":[99,99,99,49,149,175,210,207,239,251,263,286,327,43,57,156,156,156,174,194,194,214,214,214,19,33,33,52,52,84,101,118,220,220,145,163,263,278,295,295,295,295,312,312,312,341,99,84,84,84],"floor_reached":51,"playtime":2548,"items_purged":["Slimebound:Strike_Slimebound","Slimebound:Strike_Slimebound"],"score":780,"play_id":"2ff84fa6-951c-4fca-9392-78e6737918a6","local_time":"20201229032123","is_ascension_mode":false,"campfire_choices":[{"data":"Slimebound:Split","floor":1,"key":"SMITH"},{"data":"Slimebound:CorrosiveSpit","floor":10,"key":"SMITH"},{"floor":18,"key":"RECALL"},{"floor":35,"key":"REST"},{"floor":40,"key":"REST"},{"floor":42,"key":"REST"},{"floor":45,"key":"REST"},{"floor":49,"key":"REST"}],"circlet_count":0,"master_deck":["Slimebound:Strike_Slimebound","Slimebound:Tackle","Slimebound:Defend_Slimebound","Slimebound:Defend_Slimebound","Slimebound:Defend_Slimebound","Slimebound:Defend_Slimebound","Slimebound:Split+1","Slimebound:CorrosiveSpit+1","Slimebound:ForwardTackle","Slimebound:LeechingTouch","Slimebound:RollThrough","Slimebound:SplitAcid","Slimebound:LeechLife","Slimebound:SplitLeeching","Slimebound:SplitLeeching","Slimebound:FirmFortitude","Slimebound:RainOfGoop","Slimebound:SlimeSpikes","Slimebound:SelfFormingGoo+1","Slimebound:PressTheAttack","Slimebound:SlimeTap+1","Slimebound:SlimeSpikes+1","Slimebound:RejuvenatingLick","Slimebound:FirmFortitude","Slimebound:SlimeSpikes","Slimebound:PressTheAttack","Slimebound:SplitMire","Slimebound:SplitMire","Slimebound:SamplingLick","Slimebound:MassFeed","Slimebound:LeadByExample+1","Slimebound:RallyTheTroops","Slimebound:LevelUp+1","Slimebound:LevelUp","Discovery"],"relics":["Slimebound:AbsorbEndCombat","downfall:HeartsMalice","MawBank","MealTicket","Ornamental Fan","Membership Card","Matryoshka","Fusion Hammer","Bronze Scales","Pantograph","WingedGreaves","Velvet Choker","downfall:HeartBlessingRed","Vajra","Slimebound:MaxSlimesRelic","Oddly Smooth Stone","Bird Faced Urn","Toxic Egg 2","Cauldron","Centennial Puzzle"],"acts_visited":["Exordium","TheCity","TheBeyond"],"potions_floor_usage":[20,22,25,33,36,44,50,50,50,50,50,50],"damage_taken":[{"damage":0,"enemies":"Small Slimes","floor":2,"turns":1},{"damage":0,"enemies":"2 Louse","floor":3,"turns":1},{"damage":0,"enemies":"downfall:FleeingMerchant","floor":4,"turns":1},{"damage":30,"enemies":"Lagavulin","floor":6,"turns":6},{"damage":17,"enemies":"downfall:FleeingMerchant","floor":8,"turns":4},{"damage":16,"enemies":"Cultist","floor":9,"turns":3},{"damage":13,"enemies":"3 Louse","floor":12,"turns":2},{"damage":24,"enemies":"Gremlin Nob","floor":13,"turns":4},{"damage":20,"enemies":"downfall:FleeingMerchant","floor":14,"turns":4},{"damage":4,"enemies":"Large Slime","floor":15,"turns":4},{"damage":36,"enemies":"downfall:Ironclad","floor":16,"turns":9},{"damage":22,"enemies":"Chosen","floor":19,"turns":4},{"damage":49,"enemies":"3 Byrds","floor":20,"turns":5},{"damage":25,"enemies":"Cultist and Chosen","floor":22,"turns":6},{"damage":26,"enemies":"downfall:FleeingMerchant","floor":25,"turns":4},{"damage":22,"enemies":"Sentry and Sphere","floor":26,"turns":5},{"damage":4,"enemies":"Snake Plant","floor":28,"turns":2},{"damage":59,"enemies":"Slavers","floor":30,"turns":5},{"damage":26,"enemies":"Centurion and Healer","floor":31,"turns":5},{"damage":15,"enemies":"Snecko","floor":32,"turns":5},{"damage":30,"enemies":"downfall:Watcher","floor":33,"turns":8},{"damage":38,"enemies":"3 Darklings","floor":36,"turns":5},{"damage":20,"enemies":"Orb Walker","floor":38,"turns":4},{"damage":56,"enemies":"Spire Growth","floor":39,"turns":5},{"damage":66,"enemies":"Jaw Worm Horde","floor":43,"turns":4},{"damage":10,"enemies":"Sphere and 2 Shapes","floor":44,"turns":1},{"damage":85,"enemies":"Reptomancer","floor":46,"turns":6},{"damage":20,"enemies":"downfall:FleeingMerchant","floor":47,"turns":4},{"damage":8,"enemies":"downfall:FleeingMerchant","floor":48,"turns":2},{"damage":38,"enemies":"downfall:Silent","floor":50,"turns":9}],"seed_played":"-539206443663179291","potions_obtained":[{"floor":9,"key":"EssenceOfSteel"},{"floor":12,"key":"EntropicBrew"},{"floor":15,"key":"ColorlessPotion"},{"floor":20,"key":"Block Potion"},{"floor":26,"key":"sneckomod:MuddlingPotion"},{"floor":31,"key":"Slimebound:SlimedPotion"},{"floor":33,"key":"EssenceOfSteel"},{"floor":38,"key":"SmokeBomb"},{"floor":46,"key":"Strength Potion"}],"is_trial":false,"path_per_floor":["R","M","M","$","?","E","T","$","M","R","?","M","E","$","M","B",null,"R","M","M","?","M","?","T","$","M","?","M","?","E","M","M","B",null,"R","M","?","M","M","R","T","R","M","M","R","E","$","$","R","B",null],"character_chosen":"SLIMEBOUND","items_purchased":["Slimebound:SplitAcid","Membership Card","Matryoshka","Slimebound:RejuvenatingLick","Slimebound:FirmFortitude","Slimebound:SlimeSpikes","Fruit Juice","Slimebound:PressTheAttack","Bird Faced Urn","Slimebound:LevelUp","Discovery","Toxic Egg 2","Cauldron","Centennial Puzzle"],"campfire_rested":5,"item_purchase_floors":[4,14,14,25,25,25,25,25,47,47,48,48,48,48],"current_hp_per_floor":[60,60,60,60,60,50,50,59,56,56,56,53,45,50,60,45,60,60,60,31,31,32,32,32,46,52,52,54,54,31,52,64,56,71,71,59,59,59,38,60,60,74,43,43,66,40,65,80,80,75],"gold":84,"neow_bonus":"THREE_ENEMY_KILL","is_daily":false,"chose_seed":false,"campfire_upgraded":2,"win_rate":0.0,"timestamp":1609230083,"path_taken":["R","M","M","$","?","E","T","$","M","R","?","M","E","$","M","BOSS","R","M","M","?","M","?","T","$","M","?","M","?","E","?","M","BOSS","R","M","?","M","?","R","T","R","M","M","R","E","$","$","R","BOSS"],"items_purchased_type":["Card","Relic","Relic","Card","Card","Card","Potion","Card","Relic","Card","Card","Relic","Relic","Relic"],"build_version":"2020-12-22","purchased_purges":2,"victory":true,"max_hp_per_floor":[60,60,60,60,60,60,60,60,60,60,60,60,60,60,60,60,60,60,60,60,60,60,60,60,65,65,65,65,65,65,68,71,71,71,71,71,71,71,74,74,74,74,77,77,77,80,80,80,80,80],"card_choices":[{"not_picked":["Slimebound:LivingWall","Slimebound:DisruptingSlam"],"picked":"Slimebound:ForwardTackle","floor":2},{"not_picked":["Slimebound:ItLooksTasty","Slimebound:Schlurp"],"picked":"Slimebound:LeechingTouch","floor":3},{"not_picked":["Slimebound:Schlurp","Slimebound:LeechEnergy"],"picked":"Slimebound:RollThrough","floor":4},{"not_picked":["Slimebound:SlimeBarrage","Slimebound:LevelUp"],"picked":"Slimebound:LeechLife","floor":6},{"not_picked":["Slimebound:SplitBruiser","Slimebound:SlimeSpikes"],"picked":"Slimebound:SplitLeeching","floor":8},{"not_picked":["Slimebound:SplitBruiser","Slimebound:SlimeBrawl"],"picked":"Slimebound:SplitLeeching","floor":9},{"not_picked":["Slimebound:SplitLeeching","Slimebound:AcidTongue"],"picked":"Slimebound:FirmFortitude","floor":12},{"not_picked":["Slimebound:LeechingTouch","Slimebound:ViciousTackle"],"picked":"Slimebound:RainOfGoop","floor":13},{"not_picked":["Slimebound:FormOfPuddle","Slimebound:SplitBruiser","Slimebound:SplitLeeching"],"picked":"SKIP","floor":14},{"not_picked":["Slimebound:LeechEnergy","Slimebound:GoopSpray"],"picked":"Slimebound:SlimeSpikes","floor":15},{"not_picked":["Slimebound:DouseInSlime","Slimebound:WasteNot"],"picked":"Slimebound:SelfFormingGoo","floor":16},{"not_picked":["Slimebound:ViciousTackle","Slimebound:FormOfPuddle+1"],"picked":"Slimebound:PressTheAttack","floor":19},{"not_picked":["Slimebound:SplitBruiser","Slimebound:SplitMire"],"picked":"Slimebound:SlimeTap+1","floor":20},{"not_picked":["Slimebound:FlameTackle","Slimebound:ForwardTackle+1","Slimebound:GrowthPunch"],"picked":"SKIP","floor":22},{"not_picked":["Slimebound:ViciousTackle","Slimebound:SpikyOuterGoop+1"],"picked":"Slimebound:SlimeSpikes+1","floor":25},{"not_picked":["Slimebound:FormOfPuddle","Slimebound:LeechingTouch+1"],"picked":"Slimebound:SplitMire","floor":26},{"not_picked":["Slimebound:WasteNot","Slimebound:TongueLash"],"picked":"Slimebound:SamplingLick","floor":28},{"not_picked":["Slimebound:TongueLash+1","Slimebound:GrowthPunch"],"picked":"Slimebound:MassFeed","floor":30},{"not_picked":["Slimebound:SplitAcid","Slimebound:GoopTackle"],"picked":"Slimebound:LeadByExample+1","floor":31},{"not_picked":["Slimebound:ViciousTackle","Slimebound:Chomp","Slimebound:GoopTackle+1"],"picked":"SKIP","floor":32},{"not_picked":["Slimebound:LeechLife","Slimebound:Teamwork"],"picked":"Slimebound:RallyTheTroops","floor":33},{"not_picked":["Slimebound:Replication","Slimebound:PressTheAttack","Slimebound:ComboTackle"],"picked":"SKIP","floor":36},{"not_picked":["Slimebound:SlimeBrawl+1","Slimebound:AcidTongue","Slimebound:DisruptingSlam+1"],"picked":"SKIP","floor":38},{"not_picked":["Slimebound:SplitMire+1","Slimebound:SplitBruiser","Slimebound:PressTheAttack+1"],"picked":"SKIP","floor":39},{"not_picked":["Slimebound:DuplicatedForm","Slimebound:DisruptingSlam+1","Slimebound:FlameTackle"],"picked":"SKIP","floor":43},{"not_picked":["Slimebound:RollThrough","Slimebound:GoopSpray+1","Slimebound:SplitLeeching+1"],"picked":"SKIP","floor":46},{"not_picked":["Slimebound:SplitBruiser","Slimebound:LeechingTouch+1"],"picked":"Slimebound:LevelUp+1","floor":47},{"not_picked":["Slimebound:GoopSpray+1","Slimebound:SplitLeeching","Slimebound:SplitBruiser"],"picked":"SKIP","floor":48}],"player_experience":806604,"relics_obtained":[{"floor":6,"key":"MawBank"},{"floor":7,"key":"MealTicket"},{"floor":13,"key":"Ornamental Fan"},{"floor":24,"key":"Bronze Scales"},{"floor":24,"key":"Pantograph"},{"floor":30,"key":"WingedGreaves"},{"floor":41,"key":"Vajra"},{"floor":41,"key":"Slimebound:MaxSlimesRelic"},{"floor":46,"key":"Oddly Smooth Stone"}],"event_choices":[{"damage_healed":0,"gold_gain":0,"player_choice":"Ignored","damage_taken":0,"max_hp_gain":0,"max_hp_loss":0,"event_name":"betterNote:BetterNote","floor":21,"gold_loss":0,"cards_obtained":["Blind"]},{"damage_healed":0,"gold_gain":0,"player_choice":"Read","damage_taken":0,"max_hp_gain":0,"max_hp_loss":0,"event_name":"The Library","floor":27,"gold_loss":0,"cards_obtained":["Slimebound:SplitMire"]},{"damage_healed":0,"gold_gain":0,"player_choice":"Forge","damage_taken":0,"max_hp_gain":0,"max_hp_loss":0,"event_name":"Accursed Blacksmith","floor":29,"gold_loss":0,"cards_upgraded":["Slimebound:SelfFormingGoo"]}],"is_beta":false,"boss_relics":[{"not_picked":["Slimebound:TarBlob","SacredBark"],"picked":"Fusion Hammer"},{"not_picked":["Slimebound:AbsorbEndCombatUpgraded","Philosopher\u0027s Stone"],"picked":"Velvet Choker"}],"items_purged_floors":[47,48],"is_endless":false,"potions_floor_spawned":[9,12,15,20,26,31,32,33,38,46],"ascension_level":0}}