{"host":"eocn4tduyrehyy81","time":1609272978,"event":{"mods":["AchievementEnabler","Aspiration","BaseMod","BetterRewards","Custom Start","Minty Spire (QoL Compilation)","Replay The Spire","StSLib"],"gold_per_floor":[119,130,49,49,1,0,15,15,15,15,15,45,56,4,4,100,100,112,112,31,31,50,50,50,50,50,50,50,50,50,60,72,72,72,175,175,190,121,171,171,191,191,191,191,191,207,8,26,65,77,77,77,77],"floor_reached":52,"playtime":3328,"items_purged":[],"score":471,"play_id":"d15cabf9-51ce-48f1-8dae-f941bf5fe30f","local_time":"20201229141618","is_ascension_mode":false,"campfire_choices":[{"floor":10,"key":"REST"},{"floor":15,"key":"REST"},{"floor":27,"key":"REST"},{"floor":34,"key":"DIG"},{"floor":42,"key":"REST"},{"floor":44,"key":"REST"},{"floor":51,"key":"REST"}],"circlet_count":0,"master_deck":["Strike_B","Strike_B","Strike_B+1","Strike_B","Defend_B","Defend_B","Defend_B","Defend_B","Zap","Dualcast","Static Discharge","Melter","Doom and Gloom+1","Conserve Battery","Capacitor","Cold Snap","Ball Lightning","Amplify","Cold Snap","Doom and Gloom","Hallucinations","Barrage","Lockon","Glacier","Streamline","All For One","BasicCrystalCard","Hello World","BasicCrystalCard+1","Tempest+1","BootSequence","Sweeping Beam+1","Chaos+1","FTL+1","Sweeping Beam+1"],"relics":["Cracked Core","aspiration:ArtOfWarUpgrade","Thread and Needle","Question Card","Ornamental Fan","Ring of Chaos","Ring of Fury","Calipers","Replay:Baseball","aspiration:DSix","aspiration:Lifesprig","aspiration:SecretTechniqueScroll","Bird Faced Urn","Peace Pipe","Toolbox","Mercury Hourglass"],"acts_visited":["Exordium","TheCity","TheBeyond"],"potions_floor_usage":[12,12,12,16,31,37,37,39,39,39,46,48,52,52],"damage_taken":[{"damage":5,"enemies":"Cultist","floor":1,"turns":4},{"damage":0,"enemies":"2 Louse","floor":2,"turns":5},{"damage":0,"enemies":"Small Slimes","floor":7,"turns":2},{"damage":14,"enemies":"Lagavulin","floor":12,"turns":4},{"damage":2,"enemies":"3 Louse","floor":13,"turns":4},{"damage":36,"enemies":"The Guardian","floor":16,"turns":8},{"damage":24,"enemies":"2 Thieves","floor":18,"turns":3},{"damage":0,"enemies":"Chosen","floor":22,"turns":4},{"damage":20,"enemies":"Centurion and Healer","floor":31,"turns":5},{"damage":2,"enemies":"Snake Plant","floor":32,"turns":3},{"damage":57,"enemies":"Collector","floor":35,"turns":9},{"damage":25,"enemies":"3 Darklings","floor":37,"turns":6},{"damage":11,"enemies":"Mind Bloom Boss Battle","floor":39,"turns":7},{"damage":23,"enemies":"Orb Walker","floor":41,"turns":3},{"damage":19,"enemies":"3 Darklings","floor":46,"turns":7},{"damage":17,"enemies":"Sphere and 2 Shapes","floor":48,"turns":3},{"damage":10,"enemies":"4 Shapes","floor":50,"turns":3},{"damage":39,"enemies":"Time Eater","floor":52,"turns":5}],"seed_played":"1270268163033578766","potions_obtained":[{"floor":2,"key":"Fire Potion"},{"floor":7,"key":"Fire Potion"},{"floor":13,"key":"Regen Potion"},{"floor":22,"key":"AttackPotion"},{"floor":35,"key":"ColorlessPotion"},{"floor":41,"key":"Fire Potion"},{"floor":46,"key":"SpeedPotion"},{"floor":48,"key":"SneckoOil"},{"floor":50,"key":"FocusPotion"}],"is_trial":false,"path_per_floor":["M","M","$","?","$","?","M","R","T","R","?","E","M","$","R","B",null,"M","?","$","?","M","R","PTL","PTL","$","R","T","T","?","M","M","?","R","B",null,"M","$","?","?","M","R","?","R","T","M","$","M","?","M","R","B"],"character_chosen":"DEFECT","items_purchased":["Art of War","Static Discharge","Doom and Gloom","Explosive Potion","Ball Lightning","Doom and Gloom","Hello World","Toolbox","Fire Potion"],"campfire_rested":6,"item_purchase_floors":[0,0,3,5,14,20,38,47,47],"current_hp_per_floor":[70,70,70,55,55,55,55,55,55,75,80,66,64,64,80,56,80,56,64,64,64,64,64,64,64,64,80,80,80,80,60,58,58,58,1,80,55,55,44,44,25,49,49,73,73,60,60,45,13,3,27,0,0],"gold":77,"neow_bonus":"","is_daily":false,"chose_seed":false,"campfire_upgraded":0,"win_rate":0.0,"timestamp":1609272978,"path_taken":["M","M","$","?","$","?","M","R","T","R","?","E","M","?","R","BOSS","M","?","$","?","M","R","PTL","PTL","?","R","T","?","?","M","M","?","R","BOSS","M","$","?","?","M","R","?","R","T","M","$","M","?","M","R","BOSS"],"items_purchased_type":["Relic","Card","Card","Potion","Card","Card","Card","Relic","Potion"],"build_version":"2020-12-22","purchased_purges":0,"victory":false,"max_hp_per_floor":[75,75,75,75,75,75,75,75,75,75,80,80,80,80,80,80,80,80,80,80,80,80,80,80,80,80,80,80,80,80,80,80,80,80,80,80,80,80,80,80,80,80,80,80,80,80,80,80,80,80,80,80,80],"card_choices":[{"not_picked":["BasicCrystalCard","Compile Driver"],"picked":"Steam","floor":1},{"not_picked":["ReplayTheSpireMod:Reroute Power","Stack"],"picked":"Melter","floor":2},{"not_picked":["Go for the Eyes","Hologram"],"picked":"Conserve Battery","floor":7},{"not_picked":["Leap","Steam","Chill"],"picked":"Capacitor","floor":12},{"not_picked":["Panic Button","Compile Driver","Barrage"],"picked":"Cold Snap","floor":13},{"not_picked":["Machine Learning","Buffer","All For One"],"picked":"Amplify","floor":16},{"not_picked":["Reinforced Body","Steam Power+1","ReplayTheSpireMod:Repulse"],"picked":"Cold Snap","floor":18},{"not_picked":["Streamline","ReplayTheSpireMod:Omega Cannon","BasicCrystalCard"],"picked":"Barrage","floor":22},{"not_picked":["Steam","Reinforced Body","Barrage+1"],"picked":"Glacier","floor":31},{"not_picked":["Skim","Heatsinks","Reinforced Body"],"picked":"Streamline","floor":32},{"not_picked":["Amplify","Machine Learning","Buffer"],"picked":"All For One","floor":35},{"not_picked":["ReplayTheSpireMod:Repulse","Ball Lightning","Skim"],"picked":"BasicCrystalCard","floor":37},{"not_picked":["Heatsinks+1","Aggregate","Steam+1"],"picked":"BasicCrystalCard+1","floor":39},{"not_picked":["Go for the Eyes","Redo+1","Steam Power"],"picked":"Tempest+1","floor":41},{"not_picked":["Go for the Eyes+1","BasicCrystalCard+1","Doom and Gloom"],"picked":"BootSequence","floor":46},{"not_picked":["Redo+1","Beam Cell","Stack+1"],"picked":"Sweeping Beam+1","floor":48},{"not_picked":["Hologram","BasicCrystalCard","Fission"],"picked":"Chaos+1","floor":49},{"not_picked":["Scrape","Coolheaded","Rip and Tear"],"picked":"FTL+1","floor":49},{"not_picked":["ReplayTheSpireMod:Reroute Power+1","BasicCrystalCard+1","Streamline"],"picked":"Sweeping Beam+1","floor":50}],"player_experience":28451,"relics_obtained":[{"floor":9,"key":"Question Card"},{"floor":12,"key":"Ornamental Fan"},{"floor":21,"key":"Ring of Fury"},{"floor":28,"key":"Calipers"},{"floor":29,"key":"Replay:Baseball"},{"floor":34,"key":"aspiration:Lifesprig"},{"floor":39,"key":"Bird Faced Urn"},{"floor":45,"key":"Peace Pipe"},{"floor":49,"key":"Mercury Hourglass"}],"event_choices":[{"damage_healed":0,"gold_gain":0,"player_choice":"Entered Light","damage_taken":15,"max_hp_gain":0,"max_hp_loss":0,"event_name":"Shining Light","floor":4,"gold_loss":0,"cards_upgraded":["Strike_B","Doom and Gloom"]},{"damage_healed":0,"gold_gain":0,"player_choice":"Left Gold","damage_taken":0,"max_hp_gain":0,"max_hp_loss":0,"event_name":"World of Goop","floor":6,"gold_loss":1},{"damage_healed":0,"gold_gain":0,"player_choice":"Donut","damage_taken":0,"max_hp_gain":5,"max_hp_loss":0,"event_name":"Big Fish","floor":11,"gold_loss":0},{"damage_healed":0,"gold_gain":0,"player_choice":"Read","damage_taken":0,"max_hp_gain":0,"max_hp_loss":0,"event_name":"The Library","floor":30,"gold_loss":0,"cards_obtained":["Lockon"]},{"damage_healed":0,"gold_gain":0,"player_choice":"Fight","damage_taken":0,"max_hp_gain":0,"max_hp_loss":0,"event_name":"MindBloom","floor":39,"gold_loss":0},{"damage_healed":0,"gold_gain":0,"player_choice":"Ignored","damage_taken":0,"max_hp_gain":0,"max_hp_loss":0,"event_name":"Mysterious Sphere","floor":40,"gold_loss":0},{"cards_removed":["Steam"],"damage_healed":0,"gold_gain":0,"player_choice":"Removed Skill","damage_taken":0,"max_hp_gain":0,"max_hp_loss":0,"event_name":"Falling","floor":43,"gold_loss":0}],"is_beta":false,"boss_relics":[{"not_picked":["ReplayTheSpireMod:DimensionalGlitch","Replay:Grab Bag"],"picked":"Ring of Chaos"},{"not_picked":["Runic Pyramid","Philosopher\u0027s Stone"],"picked":"aspiration:SecretTechniqueScroll"}],"items_purged_floors":[],"is_endless":false,"potions_floor_spawned":[2,7,13,22,35,41,46,48,50],"killed_by":"Time Eater","ascension_level":0}}