{"host":"792mtbovsoa03nb3","time":1609215086,"event":{"mods":["BaseMod","Colored Map","Dota2Spire","Downfall","Hubris","Infinite Spire","Minty Spire (QoL Compilation)","Replay The Spire","Spicy Shops","StSLib","The Blue Laboratory","The Jungle"],"gold_per_floor":[114,77,91,91,111,111,143,162,162,178,207,55,66,66,66,171,171,181,201,3,3,18,18,18],"floor_reached":23,"playtime":896,"items_purged":["Strike_B","Strike_B"],"score":233,"play_id":"f7ec3f1e-6127-40f5-8919-c9e132498da5","local_time":"20201228201126","is_ascension_mode":true,"campfire_choices":[{"data":"Defragment","floor":6,"key":"SMITH"},{"data":"FIFO Queue","floor":15,"key":"SMITH"}],"circlet_count":0,"master_deck":["Strike_B","Strike_B","Defend_B","Defend_B","Defend_B","Defend_B","Zap","Dualcast","Streamline","Compile Driver","Compile Driver+1","Coolheaded","Defragment+1","Glacier","Loop","Tempest","Ball Lightning","FIFO Queue+1","Barrage","Echo Form","Defragment","Conserve Battery+1","Storm"],"relics":["Cracked Core","NeowsBlessing","hubris:CuriousFeather","Gremlin Food","Dota2Spire:EyeOfSkadi","hubris:Towel","Dota2Spire:RefresherOrb"],"acts_visited":["Exordium","TheCity"],"potions_floor_usage":[11,11,16,16,18,23],"damage_taken":[{"damage":0,"enemies":"2 Louse","floor":1,"turns":1},{"damage":0,"enemies":"Cultist","floor":3,"turns":1},{"damage":0,"enemies":"Jaw Worm","floor":5,"turns":1},{"damage":21,"enemies":"3 Sentries","floor":7,"turns":7},{"damage":0,"enemies":"Large Slime","floor":8,"turns":6},{"damage":21,"enemies":"Lots of Slimes","floor":10,"turns":4},{"damage":27,"enemies":"Gremlin Nob","floor":11,"turns":4},{"damage":0,"enemies":"Exordium Thugs","floor":13,"turns":4},{"damage":13,"enemies":"The Guardian","floor":16,"turns":11},{"damage":20,"enemies":"2 Thieves","floor":18,"turns":4},{"damage":22,"enemies":"Shell Parasite","floor":19,"turns":5},{"damage":23,"enemies":"Sentry and Sphere","floor":22,"turns":4},{"damage":15,"enemies":"Book of Stabbing","floor":23,"turns":2}],"seed_played":"3832463913325805806","potions_obtained":[{"floor":7,"key":"blueLaboratory:AbyssPotion"},{"floor":8,"key":"blueLaboratory:Moonshine"},{"floor":10,"key":"sneckomod:MuddlingPotion"},{"floor":13,"key":"Dota2Spire:HealingSalve"},{"floor":16,"key":"Energy Potion"},{"floor":19,"key":"blueLaboratory:RememoryPotion"}],"is_trial":false,"path_per_floor":["M","$","M","?","M","R","E","M","T","M","E","$","M","?","R","B",null,"M","M","$","?","M","E"],"character_chosen":"DEFECT","items_purchased":["Compile Driver","FIFO Queue","Storm"],"campfire_rested":0,"item_purchase_floors":[2,12,20],"current_hp_per_floor":[75,75,75,75,75,75,54,54,54,33,11,11,11,11,11,16,80,60,38,38,38,15,0,0],"gold":18,"neow_bonus":"THREE_ENEMY_KILL","is_daily":false,"chose_seed":false,"campfire_upgraded":2,"win_rate":0.0,"timestamp":1609215086,"path_taken":["M","$","M","?","?","R","E","M","T","M","E","$","M","?","R","BOSS","M","M","$","?","M","E"],"items_purchased_type":["Card","Card","Card"],"build_version":"2020-12-22","purchased_purges":2,"victory":false,"max_hp_per_floor":[75,75,75,75,75,75,75,75,75,75,80,80,80,80,80,80,80,80,80,80,80,80,80,80],"card_choices":[{"not_picked":["Rebound","Stack"],"picked":"Streamline","floor":1},{"not_picked":["BasicCrystalCard","Barrage"],"picked":"Coolheaded","floor":3},{"not_picked":["ReplayGash","Leap"],"picked":"Defragment","floor":5},{"not_picked":["Barrage","Steam"],"picked":"Glacier","floor":7},{"not_picked":["Stack","Panic Button"],"picked":"Loop","floor":8},{"not_picked":["Recycle","Hologram"],"picked":"Tempest","floor":10},{"not_picked":["hubris:DoWhile","Gash"],"picked":"Ball Lightning","floor":11},{"not_picked":["Compile Driver","Static Discharge"],"picked":"Barrage","floor":13},{"not_picked":["ReplayTheSpireMod:Fabricate Wheel","Biased Cognition"],"picked":"Echo Form","floor":16},{"not_picked":["Darkness","Lockon"],"picked":"Defragment","floor":18},{"not_picked":["Streamline","Ball Lightning"],"picked":"Conserve Battery+1","floor":19},{"not_picked":["Panic Button","Streamline","Ball Lightning"],"picked":"SKIP","floor":22}],"player_experience":816869,"relics_obtained":[{"floor":7,"key":"hubris:CuriousFeather"},{"floor":9,"key":"Gremlin Food"},{"floor":11,"key":"Dota2Spire:EyeOfSkadi"}],"event_choices":[{"damage_healed":0,"gold_gain":0,"player_choice":"Forge","damage_taken":0,"max_hp_gain":0,"max_hp_loss":0,"event_name":"Accursed Blacksmith","floor":4,"gold_loss":0,"cards_upgraded":["Compile Driver"]}],"is_beta":false,"boss_relics":[{"not_picked":["Runic Dome","Replay:Fungal Core"],"picked":"Dota2Spire:RefresherOrb"}],"items_purged_floors":[12,20],"is_endless":false,"potions_floor_spawned":[7,8,10,13,16,19],"killed_by":"Book of Stabbing","ascension_level":3}}