{"host":"4nqeo0vu1vuav7gg","time":1609261107,"event":{"mods":["AchievementEnabler","BaseMod","Block Reminder","Colored Map","Colored Powertips","Highlight Path","Minty Spire (QoL Compilation)","Quick Restart","Rare Cards Sparkle","Relic Relevance Reorder","StSLib"],"gold_per_floor":[369,369,50,67,82,82,110,129,156,188,203,203,213,245,245,321,321,334,384,394,94,16,16,16,16],"floor_reached":24,"playtime":6454,"items_purged":["Scrape","Strike_B"],"score":410,"play_id":"f149ff62-2485-4212-bb42-863c3e0508d7","local_time":"20201229175827","is_ascension_mode":true,"campfire_choices":[{"floor":6.0,"key":"REST"},{"floor":12.0,"key":"REST"},{"floor":15.0,"key":"REST"},{"floor":23,"key":"REST"}],"circlet_count":0,"master_deck":["AscendersBane","Strike_B","Strike_B","Strike_B","Defend_B","Defend_B","Defend_B","Defend_B","Zap","Dualcast","Cold Snap","Ball Lightning","Gash","Steam","Hyperbeam","Go for the Eyes","Defragment","Gash","All For One","Rebound","Leap","Ball Lightning"],"relics":["Cracked Core","Incense Burner","Ginger","Busted Crown","Toy Ornithopter","Oddly Smooth Stone","Ancient Tea Set","Dream Catcher","Membership Card","Juzu Bracelet"],"acts_visited":["Exordium","TheCity"],"potions_floor_usage":[16],"damage_taken":[{"damage":7.0,"enemies":"Small Slimes","floor":1.0,"turns":3.0},{"damage":12.0,"enemies":"2 Louse","floor":4.0,"turns":3.0},{"damage":0.0,"enemies":"Jaw Worm","floor":5.0,"turns":3.0},{"damage":18.0,"enemies":"Lagavulin","floor":7.0,"turns":5.0},{"damage":0.0,"enemies":"Large Slime","floor":8.0,"turns":6.0},{"damage":23.0,"enemies":"Gremlin Nob","floor":10.0,"turns":4.0},{"damage":1.0,"enemies":"3 Louse","floor":11.0,"turns":2.0},{"damage":0.0,"enemies":"2 Fungi Beasts","floor":13.0,"turns":2.0},{"damage":29.0,"enemies":"Lagavulin","floor":14.0,"turns":5.0},{"damage":16,"enemies":"The Guardian","floor":16,"turns":12},{"damage":37,"enemies":"Spheric Guardian","floor":18,"turns":6},{"damage":16,"enemies":"Shell Parasite","floor":20,"turns":7},{"damage":29,"enemies":"Slavers","floor":24,"turns":2}],"seed_played":"51193309660089351","potions_obtained":[{"floor":4.0,"key":"Ancient Potion"},{"floor":7.0,"key":"Weak Potion"},{"floor":10.0,"key":"Regen Potion"},{"floor":11.0,"key":"FearPotion"}],"is_trial":false,"path_per_floor":["M","?","$","M","M","R","E","M","T","E","M","R","M","E","R","B",null,"M","?","M","$","$","R","E"],"character_chosen":"DEFECT","items_purchased":["Incense Burner","Membership Card","Juzu Bracelet","Leap","Ball Lightning"],"campfire_rested":4,"item_purchase_floors":[3,21,21,21,22],"current_hp_per_floor":[39,28,28,16,16,37,19,19,19,1,10,31,31,2,23,12,56,19,19,3,3,3,24,0,0],"gold":16,"neow_bonus":"TWO_FIFTY_GOLD","is_daily":false,"chose_seed":false,"campfire_upgraded":0,"win_rate":0.0,"timestamp":1609261107,"path_taken":["M","?","$","M","M","R","E","M","T","E","M","R","M","E","R","BOSS","M","?","M","?","$","R","E"],"items_purchased_type":["Relic","Relic","Relic","Card","Card"],"build_version":"2020-12-22","purchased_purges":2,"victory":false,"max_hp_per_floor":[71,71,71,71,71,71,71,71,71,71,71,71,71,71,71,71,71,71,71,71,71,71,71,71,71],"card_choices":[{"not_picked":["Redo","Beam Cell"],"picked":"Cold Snap","floor":1.0},{"not_picked":["Static Discharge","Gash"],"picked":"Ball Lightning","floor":4.0},{"not_picked":["Hologram","Rebound"],"picked":"Gash","floor":5.0},{"not_picked":["Conserve Battery","Stack"],"picked":"Steam","floor":7.0},{"not_picked":["Rebound","Leap"],"picked":"Hyperbeam","floor":8.0},{"not_picked":["Turbo","Machine Learning"],"picked":"Go for the Eyes","floor":10.0},{"not_picked":["Sweeping Beam","BootSequence"],"picked":"Defragment","floor":11.0},{"not_picked":["Stack","Blizzard"],"picked":"Gash","floor":12.0},{"not_picked":["Barrage","Aggregate"],"picked":"Scrape","floor":13.0},{"not_picked":["Rip and Tear","Cold Snap","Barrage"],"picked":"SKIP","floor":14.0},{"not_picked":["Reboot","Multi-Cast"],"picked":"All For One","floor":16},{"not_picked":["Redo"],"picked":"SKIP","floor":18},{"not_picked":[],"picked":"Rebound","floor":20}],"player_experience":1026443,"relics_obtained":[{"floor":7.0,"key":"Toy Ornithopter"},{"floor":9.0,"key":"Ancient Tea Set"},{"floor":10.0,"key":"Dream Catcher"},{"floor":14.0,"key":"Ginger"}],"event_choices":[{"damage_healed":0.0,"max_hp_gain":0.0,"max_hp_loss":0.0,"gold_gain":0.0,"event_name":"Scrap Ooze","player_choice":"Success","floor":2.0,"gold_loss":0.0,"damage_taken":11.0,"relics_obtained":["Oddly Smooth Stone"]},{"damage_healed":0,"gold_gain":50,"player_choice":"Stole From Cult","damage_taken":0,"max_hp_gain":0,"max_hp_loss":0,"event_name":"Nest","floor":19,"gold_loss":0}],"is_beta":false,"boss_relics":[{"not_picked":["Ectoplasm","SlaversCollar"],"picked":"Busted Crown"}],"items_purged_floors":[21,22],"is_endless":false,"potions_floor_spawned":[4,7,10,11],"killed_by":"Slavers","ascension_level":18}}