{"host":"w36evy4uyf1bcavi","time":1609274700,"event":{"mods":["Act Like it!","Aspiration","BaseMod","Conspire","Hallownest","Jedi Mod","Minty Spire (QoL Compilation)","Replay The Spire","Spicy Shops","StSLib","The Hayseed","The Hierophant"],"gold_per_floor":[116,291,306,306,321,352,369,369,395,407,22,22,22,36,36,139,139,107,124,138,138,138],"floor_reached":21,"playtime":2102,"items_purged":["Doubt"],"score":183,"play_id":"ac5692cc-5682-4aa9-9a46-9fd469fe6a40","local_time":"20201230044500","is_ascension_mode":false,"campfire_choices":[{"floor":8,"key":"REST"},{"floor":12,"key":"REST"},{"data":"TheSimpletonMod:OnionBloom","floor":15,"key":"SMITH"}],"circlet_count":0,"master_deck":["TheSimpletonMod:Strike_TheSimpleton","TheSimpletonMod:Strike_TheSimpleton","TheSimpletonMod:Strike_TheSimpleton","TheSimpletonMod:Strike_TheSimpleton","TheSimpletonMod:Defend_TheSimpleton","TheSimpletonMod:Defend_TheSimpleton","TheSimpletonMod:Defend_TheSimpleton","TheSimpletonMod:Defend_TheSimpleton","TheSimpletonMod:Haymaker","TheSimpletonMod:ReapAndSow","TheSimpletonMod:Sunchoke","TheSimpletonMod:ControlledBurn","TheSimpletonMod:BumperCrop","TheSimpletonMod:SlashAndBurn","TheSimpletonMod:Ferment","TheSimpletonMod:OnionBloom+1","TheSimpletonMod:Aerate","TheSimpletonMod:Asparagus","TheSimpletonMod:ControlledBurn","TheSimpletonMod:Aerate+1","TheSimpletonMod:GoToMarket+1"],"relics":["TheSimpletonMod:SpudOfTheInnocent","TheSimpletonMod:NightSoil","TheSimpletonMod:TheHarvester","NeowsBlessing","StrikeDummy","ReplayTheSpireMod:Shallot","Blood Vial","conspire:TreasureMap","WristBlade"],"acts_visited":["Exordium","TheCity"],"potions_floor_usage":[6,16,16,21],"damage_taken":[{"damage":0,"enemies":"2 Louse","floor":1,"turns":1},{"damage":0,"enemies":"Small Slimes","floor":3,"turns":1},{"damage":2,"enemies":"conspire:RoseBush","floor":5,"turns":1},{"damage":41,"enemies":"Lagavulin","floor":6,"turns":11},{"damage":22,"enemies":"Large Slime","floor":7,"turns":9},{"damage":2,"enemies":"3 Louse","floor":10,"turns":2},{"damage":3,"enemies":"2 Fungi Beasts","floor":14,"turns":3},{"damage":43,"enemies":"The Guardian","floor":16,"turns":10},{"damage":18,"enemies":"2 Thieves","floor":18,"turns":5},{"damage":50,"enemies":"3 Byrds","floor":19,"turns":9},{"damage":17,"enemies":"Shelled Parasite and Fungi","floor":20,"turns":13},{"damage":16,"enemies":"Centurion and Healer","floor":21,"turns":5}],"seed_played":"-1870909124818299922","potions_obtained":[{"floor":1,"key":"Dexterity Potion"},{"floor":6,"key":"SkillPotion"},{"floor":7,"key":"Energy Potion"},{"floor":19,"key":"Elixir"}],"is_trial":false,"path_per_floor":["M","?","M","?","M","E","M","R","T","M","$","R","?","M","R","B",null,"M","M","M","M"],"character_chosen":"THE_SIMPLETON","items_purchased":["Blood Vial","conspire:TreasureMap"],"campfire_rested":2,"item_purchase_floors":[11,11],"current_hp_per_floor":[75,75,75,63,61,24,6,28,28,26,26,48,75,72,72,36,75,61,17,6,0,0],"gold":138,"neow_bonus":"THREE_ENEMY_KILL","is_daily":false,"chose_seed":false,"campfire_upgraded":1,"win_rate":0.0,"timestamp":1609274700,"path_taken":["M","?","M","?","M","E","M","R","T","M","$","R","?","M","R","BOSS","M","M","?","M"],"items_purchased_type":["Relic","Relic"],"build_version":"2020-12-22","purchased_purges":1,"victory":false,"max_hp_per_floor":[75,75,75,75,75,75,75,75,75,75,75,75,75,75,75,75,75,75,75,75,75,75],"card_choices":[{"not_picked":["TheSimpletonMod:SlashAndBurn","TheSimpletonMod:ToughenUp"],"picked":"TheSimpletonMod:Sunchoke","floor":1},{"not_picked":["TheSimpletonMod:PestManagement","TheSimpletonMod:GoToMarket"],"picked":"TheSimpletonMod:ControlledBurn","floor":3},{"not_picked":["TheSimpletonMod:StockTheCellar","TheSimpletonMod:DigIn"],"picked":"TheSimpletonMod:BumperCrop","floor":5},{"not_picked":["TheSimpletonMod:VineRipen","TheSimpletonMod:Mulch"],"picked":"TheSimpletonMod:SlashAndBurn","floor":6},{"not_picked":["TheSimpletonMod:BumperCrop","TheSimpletonMod:DoubleBarrel"],"picked":"TheSimpletonMod:Ferment","floor":7},{"not_picked":["TheSimpletonMod:Potatoes","TheSimpletonMod:Sunseed"],"picked":"TheSimpletonMod:OnionBloom","floor":10},{"not_picked":["TheSimpletonMod:SaladShooter","TheSimpletonMod:PestManagement"],"picked":"TheSimpletonMod:Aerate","floor":14},{"not_picked":["TheSimpletonMod:DesperatePlunge","TheSimpletonMod:FlashPasteurize"],"picked":"TheSimpletonMod:Asparagus","floor":16},{"not_picked":["TheSimpletonMod:BumperCrop","TheSimpletonMod:Ferment"],"picked":"TheSimpletonMod:ControlledBurn","floor":18},{"not_picked":["TheSimpletonMod:RootDown","TheSimpletonMod:SeedCoat"],"picked":"TheSimpletonMod:Aerate+1","floor":19},{"not_picked":["TheSimpletonMod:Rototilling","TheSimpletonMod:SeedCoat"],"picked":"TheSimpletonMod:GoToMarket+1","floor":20}],"player_experience":357446,"relics_obtained":[{"floor":6,"key":"ReplayTheSpireMod:Shallot"}],"event_choices":[{"damage_healed":0,"gold_gain":175,"player_choice":"AGREE","damage_taken":0,"max_hp_gain":0,"max_hp_loss":0,"event_name":"Liars Game","floor":2,"gold_loss":0,"cards_obtained":["Doubt"]},{"damage_healed":0,"gold_gain":0,"player_choice":"Success","damage_taken":12,"relics_obtained":["StrikeDummy"],"max_hp_gain":0,"max_hp_loss":0,"event_name":"Scrap Ooze","floor":4,"gold_loss":0},{"damage_healed":27,"gold_gain":0,"player_choice":"Full Heal","damage_taken":0,"max_hp_gain":0,"max_hp_loss":0,"event_name":"Wheel of Change","floor":13,"gold_loss":0}],"is_beta":false,"boss_relics":[{"not_picked":["aspiration:RitualDagger","Empty Cage"],"picked":"WristBlade"}],"items_purged_floors":[11],"is_endless":false,"potions_floor_spawned":[1,6,7,19],"killed_by":"Centurion and Healer","ascension_level":0}}