{"host":"5ezk7t18wcb10u1o","time":1609225937,"event":{"mods":["BaseMod","Bestiary","Colored Powertips","Minty Spire (QoL Compilation)","Relic Sorter"],"gold_per_floor":[119,119,137,62,83,83,83,83,83,83,123,123,138,159,159,253,253,274,290,290,290],"floor_reached":20,"playtime":1014,"items_purged":[],"score":331,"play_id":"1d895965-2aa4-47f4-bb2e-3a0eb00a8388","local_time":"20201229071217","is_ascension_mode":true,"campfire_choices":[{"data":"Static Discharge","floor":6,"key":"SMITH"},{"data":"Dualcast","floor":8,"key":"SMITH"},{"data":"Zap","floor":10,"key":"SMITH"},{"floor":15,"key":"REST"}],"circlet_count":0,"master_deck":["AscendersBane","Strike_B","Strike_B","Defend_B","Defend_B","Defend_B","Zap+1","Dualcast+1","Conserve Battery","Static Discharge+1","Doom and Gloom","Redo","Doom and Gloom","Lockon","Core Surge","Steam"],"relics":["Cracked Core","Golden Idol","Kunai","Pantograph","Velvet Choker"],"acts_visited":["Exordium","TheCity"],"potions_floor_usage":[11,14,16,18],"damage_taken":[{"damage":2,"enemies":"Jaw Worm","floor":1,"turns":3},{"damage":7,"enemies":"Small Slimes","floor":3,"turns":3},{"damage":1,"enemies":"Cultist","floor":5,"turns":3},{"damage":18,"enemies":"3 Sentries","floor":11,"turns":4},{"damage":9,"enemies":"2 Fungi Beasts","floor":13,"turns":3},{"damage":16,"enemies":"Exordium Wildlife","floor":14,"turns":3},{"damage":22,"enemies":"The Guardian","floor":16,"turns":8},{"damage":16,"enemies":"Spheric Guardian","floor":18,"turns":4},{"damage":40,"enemies":"2 Thieves","floor":19,"turns":4},{"damage":7,"enemies":"3 Cultists","floor":20,"turns":2}],"seed_played":"-115533416099604155","potions_obtained":[{"floor":5,"key":"DistilledChaos"},{"floor":11,"key":"GamblersBrew"},{"floor":13,"key":"BlessingOfTheForge"},{"floor":14,"key":"Fruit Juice"},{"floor":16,"key":"Block Potion"},{"floor":18,"key":"FocusPotion"}],"is_trial":false,"path_per_floor":["M","?","M","?","M","R","?","R","T","R","E","$","M","M","R","B",null,"M","M","M"],"character_chosen":"DEFECT","items_purchased":[],"campfire_rested":1,"item_purchase_floors":[],"current_hp_per_floor":[62,62,55,55,54,54,54,54,54,54,36,36,27,16,36,39,62,46,6,0,0],"gold":290,"neow_bonus":"REMOVE_TWO","is_daily":false,"chose_seed":false,"campfire_upgraded":3,"win_rate":0.0,"timestamp":1609225937,"path_taken":["M","?","M","?","M","R","?","R","T","R","E","$","?","M","R","BOSS","M","M","M"],"items_purchased_type":[],"build_version":"2020-12-22","purchased_purges":0,"victory":false,"max_hp_per_floor":[64,64,64,64,64,64,64,64,64,64,64,64,64,69,69,69,69,69,69,69,69],"card_choices":[{"not_picked":["Rebound","Chaos"],"picked":"Conserve Battery","floor":1},{"not_picked":["Sweeping Beam","Rebound"],"picked":"Static Discharge","floor":3},{"not_picked":["Hello World","Reboot"],"picked":"Doom and Gloom","floor":5},{"not_picked":["Rip and Tear","Skim"],"picked":"Redo","floor":11},{"not_picked":["Redo","Sweeping Beam"],"picked":"Doom and Gloom","floor":13},{"not_picked":["Hologram","Hello World"],"picked":"Lockon","floor":14},{"not_picked":["Reboot","Biased Cognition"],"picked":"Core Surge","floor":16},{"not_picked":["Redo","FTL","Darkness"],"picked":"SKIP","floor":18},{"not_picked":["Redo","Streamline"],"picked":"Steam","floor":19}],"player_experience":1083052,"relics_obtained":[{"floor":9,"key":"Kunai"},{"floor":11,"key":"Pantograph"}],"event_choices":[{"damage_healed":0,"gold_gain":0,"player_choice":"Take Wound","damage_taken":0,"relics_obtained":["Golden Idol"],"max_hp_gain":0,"max_hp_loss":0,"event_name":"Golden Idol","floor":2,"gold_loss":0,"cards_obtained":["Injury"]},{"cards_removed":["Injury"],"damage_healed":0,"gold_gain":0,"player_choice":"Card Removal","damage_taken":0,"max_hp_gain":0,"max_hp_loss":0,"event_name":"The Cleric","floor":4,"gold_loss":75},{"cards_removed":["Strike_B"],"damage_healed":0,"gold_gain":0,"player_choice":"Purged","damage_taken":0,"max_hp_gain":0,"max_hp_loss":0,"event_name":"Purifier","floor":7,"gold_loss":0}],"is_beta":false,"boss_relics":[{"not_picked":["Tiny House","Pandora\u0027s Box"],"picked":"Velvet Choker"}],"items_purged_floors":[],"is_endless":false,"potions_floor_spawned":[5,11,13,14,16,18],"killed_by":"3 Cultists","ascension_level":18}}