{"host":"a5zr8hf2yymwt50u","time":1609267714,"event":{"mods":["BaseMod","Colored Map","GungeonMod","Minty Spire (QoL Compilation)","StSLib"],"gold_per_floor":[212,227,177,177,201,201,214,253,253,277,132,146,5,18,18,18,18],"floor_reached":16,"playtime":1113,"items_purged":["DemoMod:Strike_Huntress","DemoMod:Strike_Huntress"],"score":104,"play_id":"98a59d4f-e064-41cf-8890-97643d53974f","local_time":"20201230034834","is_ascension_mode":false,"campfire_choices":[{"data":"DemoMod:Roll","floor":6.0,"key":"SMITH"},{"floor":15,"key":"REST"}],"circlet_count":0,"master_deck":["DemoMod:Strike_Huntress","DemoMod:Defend_Huntress","DemoMod:Defend_Huntress","DemoMod:Defend_Huntress","DemoMod:Roll+1","DemoMod:ManualReload","DemoMod:RustySidearm","DemoMod:CrossBow","DemoMod:DirectionalPad","DemoMod:MachoBrace","DemoMod:HungryBullets","DemoMod:SAA","DemoMod:StickyCrossBow","DemoMod:DoubleVision","DemoMod:ThirdPartyController","DemoMod:LifeOrb","DemoMod:BattleInHaste"],"relics":["DemoMod:Dog","Golden Idol","DemoMod:MeltedRock","TungstenRod","DemoMod:BigBoy"],"acts_visited":["Exordium"],"potions_floor_usage":[16],"damage_taken":[{"damage":0.0,"enemies":"Jaw Worm","floor":1.0,"turns":3.0},{"damage":2.0,"enemies":"Cultist","floor":2.0,"turns":6.0},{"damage":3.0,"enemies":"Small Slimes","floor":5.0,"turns":3.0},{"damage":2.0,"enemies":"Blue Slaver","floor":7.0,"turns":4.0},{"damage":26.0,"enemies":"3 Sentries","floor":8.0,"turns":11.0},{"damage":9.0,"enemies":"Red Slaver","floor":10.0,"turns":5.0},{"damage":0.0,"enemies":"3 Louse","floor":12.0,"turns":1.0},{"damage":2,"enemies":"Looter","floor":14,"turns":3},{"damage":32,"enemies":"Hexaghost","floor":16,"turns":11}],"seed_played":"-3669551122183643862","potions_obtained":[{"floor":1.0,"key":"DuplicationPotion"},{"floor":7.0,"key":"Ancient Potion"},{"floor":10.0,"key":"GamblersBrew"}],"is_trial":false,"path_per_floor":["M","M","?","?","M","R","M","E","T","M","$","M","$","M","R","B"],"character_chosen":"HUNTRESS","items_purchased":["DemoMod:DoubleVision","DemoMod:LifeOrb"],"campfire_rested":1,"item_purchase_floors":[11,13],"current_hp_per_floor":[70,68,68,51,48,48,46,20,20,11,11,11,11,9,30,0,0],"gold":18,"neow_bonus":"HUNDRED_GOLD","is_daily":false,"chose_seed":false,"campfire_upgraded":1,"win_rate":0.0,"timestamp":1609267714,"path_taken":["M","M","?","?","M","R","M","E","T","M","?","?","$","M","R","BOSS"],"items_purchased_type":["Card","Card"],"build_version":"2020-12-22","purchased_purges":2,"victory":false,"max_hp_per_floor":[70,70,70,70,70,70,70,70,70,70,70,70,70,70,70,70,70],"card_choices":[{"not_picked":["DemoMod:FeignSurrender","DemoMod:AWP"],"picked":"DemoMod:DirectionalPad","floor":1.0},{"not_picked":["DemoMod:ConditionalReflex","DemoMod:DirectionalPad"],"picked":"DemoMod:MachoBrace","floor":2.0},{"not_picked":["DemoMod:JK47","DemoMod:DirectionalPad","DemoMod:CursedBullets"],"picked":"SKIP","floor":5.0},{"not_picked":["DemoMod:TeaPot","DemoMod:DirectionalPad"],"picked":"DemoMod:HungryBullets","floor":7.0},{"not_picked":["DemoMod:AC15","DemoMod:JK47"],"picked":"DemoMod:SAA","floor":8.0},{"not_picked":["DemoMod:DirectionalPad","DemoMod:MachoBrace"],"picked":"DemoMod:StickyCrossBow","floor":10.0},{"not_picked":["DemoMod:JK47","DemoMod:Camera"],"picked":"DemoMod:ThirdPartyController","floor":12.0},{"not_picked":["DemoMod:JK47","DemoMod:AWP"],"picked":"DemoMod:BattleInHaste","floor":14}],"player_experience":213407,"relics_obtained":[{"floor":9.0,"key":"DemoMod:MeltedRock"},{"floor":10.0,"key":"TungstenRod"},{"floor":14,"key":"DemoMod:BigBoy"}],"event_choices":[{"cards_removed":["DemoMod:Defend_Huntress"],"damage_healed":0.0,"max_hp_gain":0.0,"max_hp_loss":0.0,"gold_gain":0.0,"event_name":"The Cleric","player_choice":"Card Removal","floor":3.0,"gold_loss":50.0,"damage_taken":0.0},{"damage_healed":0.0,"max_hp_gain":0.0,"max_hp_loss":0.0,"gold_gain":0.0,"event_name":"Golden Idol","player_choice":"Take Damage","floor":4.0,"gold_loss":0.0,"damage_taken":17.0,"relics_obtained":["Golden Idol"]}],"is_beta":false,"boss_relics":[],"items_purged_floors":[11,13],"is_endless":false,"potions_floor_spawned":[1,7,10],"killed_by":"Hexaghost","ascension_level":0}}