{"host":"52zmxm0oht7x0uft","time":1609264372,"event":{"mods":["AchievementEnabler","BaseMod","Minty Spire (QoL Compilation)","Quick Restart"],"gold_per_floor":[116,129,79,91,111,144,144,155,182,182,197,197,197,212,212,212,212],"floor_reached":16,"playtime":546,"items_purged":[],"score":125,"play_id":"167572d3-7a02-47b1-8785-8597d312fccd","local_time":"20201229185252","is_ascension_mode":true,"campfire_choices":[{"data":"Armaments","floor":7,"key":"SMITH"},{"data":"Iron Wave","floor":10,"key":"SMITH"},{"data":"Searing Blow","floor":12,"key":"SMITH"},{"data":"Spot Weakness","floor":15,"key":"SMITH"}],"circlet_count":0,"master_deck":["Strike_R","Strike_R","Strike_R","Defend_R","Defend_R","Defend_R","Defend_R","Bash","Searing Blow+1","Iron Wave+1","Armaments+1","Spot Weakness+1","Cleave"],"relics":["Burning Blood","Kunai"],"acts_visited":["Exordium"],"potions_floor_usage":[6],"damage_taken":[{"damage":13,"enemies":"Small Slimes","floor":1,"turns":6},{"damage":1,"enemies":"Cultist","floor":2,"turns":3},{"damage":3,"enemies":"2 Louse","floor":4,"turns":3},{"damage":14,"enemies":"Blue Slaver","floor":5,"turns":5},{"damage":47,"enemies":"Lagavulin","floor":6,"turns":9},{"damage":9,"enemies":"Large Slime","floor":8,"turns":6},{"damage":10,"enemies":"3 Louse","floor":11,"turns":4},{"damage":0,"enemies":"Exordium Wildlife","floor":14,"turns":3},{"damage":38,"enemies":"The Guardian","floor":16,"turns":7}],"seed_played":"-7449781859075567531","potions_obtained":[{"floor":2,"key":"Weak Potion"},{"floor":4,"key":"BlessingOfTheForge"},{"floor":6,"key":"SteroidPotion"},{"floor":11,"key":"SpeedPotion"}],"is_trial":false,"path_per_floor":["M","M","?","M","M","E","R","M","T","R","M","R","?","M","R","B"],"character_chosen":"IRONCLAD","items_purchased":[],"campfire_rested":0,"item_purchase_floors":[],"current_hp_per_floor":[81,86,86,88,80,39,39,36,36,36,32,32,32,38,38,0,0],"gold":212,"neow_bonus":"TEN_PERCENT_HP_BONUS","is_daily":false,"chose_seed":false,"campfire_upgraded":4,"win_rate":0.0,"timestamp":1609264372,"path_taken":["M","M","?","M","M","E","R","M","T","R","M","R","?","M","R","BOSS"],"items_purchased_type":[],"build_version":"2020-12-22","purchased_purges":0,"victory":false,"max_hp_per_floor":[88,88,88,88,88,88,88,88,88,88,88,88,88,88,88,88,88],"card_choices":[{"not_picked":["Shrug It Off","Twin Strike","Fire Breathing"],"picked":"SKIP","floor":1},{"not_picked":["Perfected Strike","True Grit"],"picked":"Searing Blow","floor":2},{"not_picked":["Armaments","Dual Wield"],"picked":"Iron Wave","floor":4},{"not_picked":["Searing Blow","Whirlwind","Burning Pact"],"picked":"SKIP","floor":5},{"not_picked":["Reaper","Twin Strike"],"picked":"Armaments","floor":6},{"not_picked":["Armaments","Twin Strike","Sever Soul"],"picked":"SKIP","floor":8},{"not_picked":["Metallicize","Inflame"],"picked":"Spot Weakness","floor":11},{"not_picked":["Spot Weakness","Uppercut"],"picked":"Cleave","floor":14}],"player_experience":327645,"relics_obtained":[{"floor":6,"key":"Kunai"}],"event_choices":[{"cards_removed":["Strike_R"],"damage_healed":0,"gold_gain":0,"player_choice":"Card Removal","damage_taken":0,"max_hp_gain":0,"max_hp_loss":0,"event_name":"The Cleric","floor":3,"gold_loss":50},{"cards_removed":["Strike_R"],"damage_healed":0,"gold_gain":0,"player_choice":"Offered Basic","damage_taken":0,"max_hp_gain":0,"max_hp_loss":0,"event_name":"Bonfire Elementals","floor":13,"gold_loss":0}],"is_beta":false,"boss_relics":[],"items_purged_floors":[],"is_endless":false,"potions_floor_spawned":[2,4,6,11],"killed_by":"The Guardian","ascension_level":4}}