{"host":"hyrsuayny3efwwum","time":1609217121,"event":{"mods":["BaseMod","Bestiary","Colored Map","Highlight Path","Minty Spire (QoL Compilation)","Relic Stats","StSLib"],"gold_per_floor":[118,129,52,52,127,155,155,175,198,77,77,14,42,56,56,152,152,168,20,39,52,64,89,89,117,140,168,168,168,181,181,181,181,181],"floor_reached":33,"playtime":1985,"items_purged":["Strike_G"],"score":490,"play_id":"c3628a3a-6296-4195-9081-ca033fcdfae1","local_time":"20201228234521","is_ascension_mode":true,"campfire_choices":[{"data":"Neutralize","floor":7,"key":"SMITH"},{"data":"Dash","floor":11,"key":"SMITH"},{"floor":15,"key":"REST"},{"data":"Eviscerate","floor":24,"key":"SMITH"},{"floor":28,"key":"REST"},{"data":"Burst","floor":32,"key":"SMITH"}],"circlet_count":0,"master_deck":["Strike_G","Strike_G+1","Strike_G+1","Defend_G","Defend_G","Defend_G","Defend_G+1","Defend_G+1","Survivor","Neutralize+1","Eviscerate+1","Dagger Spray","Dash+1","Burst+1","Backflip","Footwork+1","After Image+1","Caltrops+1","Predator","Footwork+1","Accuracy+1","Distraction","Bouncing Flask+1","Backflip"],"relics":["Ring of the Snake","NeowsBlessing","Bag of Preparation","Tiny Chest","War Paint","Frozen Egg 2","Runic Dome","PreservedInsect","Boot","White Beast Statue","Strawberry","Ancient Tea Set","Kunai"],"acts_visited":["Exordium","TheCity"],"potions_floor_usage":[14,16,16,22,25,25,27],"damage_taken":[{"damage":0,"enemies":"Jaw Worm","floor":1,"turns":1},{"damage":0,"enemies":"2 Louse","floor":2,"turns":1},{"damage":0,"enemies":"Gremlin Nob","floor":6,"turns":1},{"damage":0,"enemies":"Cultist","floor":8,"turns":3},{"damage":33,"enemies":"Lagavulin","floor":13,"turns":10},{"damage":2,"enemies":"Exordium Thugs","floor":14,"turns":5},{"damage":11,"enemies":"The Guardian","floor":16,"turns":12},{"damage":3,"enemies":"3 Byrds","floor":18,"turns":6},{"damage":0,"enemies":"Shell Parasite","floor":20,"turns":6},{"damage":10,"enemies":"Chosen and Byrds","floor":21,"turns":8},{"damage":0,"enemies":"Shelled Parasite and Fungi","floor":22,"turns":5},{"damage":14,"enemies":"Book of Stabbing","floor":23,"turns":6},{"damage":6,"enemies":"Slavers","floor":25,"turns":5},{"damage":36,"enemies":"Gremlin Leader","floor":27,"turns":6},{"damage":9,"enemies":"Sentry and Sphere","floor":30,"turns":8},{"damage":30,"enemies":"Champ","floor":33,"turns":12}],"seed_played":"4381426367668504861","potions_obtained":[{"floor":1,"key":"PowerPotion"},{"floor":2,"key":"Block Potion"},{"floor":8,"key":"Block Potion"},{"floor":14,"key":"Explosive Potion"},{"floor":16,"key":"SneckoOil"},{"floor":22,"key":"FearPotion"},{"floor":25,"key":"Regen Potion"},{"floor":27,"key":"Dexterity Potion"},{"floor":30,"key":"SteroidPotion"}],"is_trial":false,"path_per_floor":["M","M","$","?","?","E","R","M","T","$","R","?","E","M","R","B",null,"M","$","M","M","M","E","R","E","T","E","R","?","M","T","R","B"],"character_chosen":"THE_SILENT","items_purchased":["Dash","Backflip","PreservedInsect"],"campfire_rested":2,"item_purchase_floors":[3,10,19],"current_hp_per_floor":[63,63,63,49,38,38,38,38,38,38,38,38,5,3,24,13,56,53,53,53,43,43,29,29,23,30,9,32,32,23,23,23,0,0],"gold":181,"neow_bonus":"THREE_ENEMY_KILL","is_daily":false,"chose_seed":false,"campfire_upgraded":4,"win_rate":0.0,"timestamp":1609217121,"path_taken":["M","M","$","?","?","E","R","M","T","$","R","?","E","M","R","BOSS","M","$","M","M","?","E","R","E","T","E","R","?","M","?","R","BOSS"],"items_purchased_type":["Card","Card","Relic"],"build_version":"2020-12-22","purchased_purges":1,"victory":false,"max_hp_per_floor":[70,70,70,70,70,70,70,70,70,70,70,70,70,70,70,70,70,70,70,70,70,70,70,70,70,77,77,77,77,77,77,77,77,77],"relic_stats":{"counters":[16,95],"Tiny Chest":1,"PreservedInsect":135,"Bag of Preparation":[26],"Kunai":[3],"War Paint":["Defend_G","Defend_G"],"Boot":[32],"obtain_stats":[{"NeowsBlessing":0,"PreservedInsect":19,"Bag of Preparation":6,"War Paint":12,"Frozen Egg 2":13,"Boot":23,"Ancient Tea Set":27,"White Beast Statue":25,"Runic Dome":17,"Strawberry":26,"Tiny Chest":9,"Kunai":31,"Ring of the Snake":0},{"NeowsBlessing":0,"PreservedInsect":8,"Bag of Preparation":3,"War Paint":4,"Frozen Egg 2":5,"Boot":12,"Ancient Tea Set":14,"White Beast Statue":13,"Runic Dome":7,"Strawberry":13,"Tiny Chest":4,"Kunai":15,"Ring of the Snake":0},{"NeowsBlessing":0,"PreservedInsect":39,"Bag of Preparation":3,"War Paint":6,"Frozen Egg 2":16,"Boot":64,"Ancient Tea Set":75,"White Beast Statue":69,"Runic Dome":33,"Strawberry":69,"Tiny Chest":6,"Kunai":83,"Ring of the Snake":0}],"Ring of the Snake":[32]},"card_choices":[{"not_picked":["Calculated Gamble","Bane"],"picked":"Eviscerate","floor":1},{"not_picked":["Bane","Tactician"],"picked":"Dagger Spray","floor":2},{"not_picked":["Quick Slash","Prepared","Bane"],"picked":"SKIP","floor":6},{"not_picked":["Deadly Poison","Eviscerate"],"picked":"Burst","floor":8},{"not_picked":["Quick Slash","Flying Knee","Expertise"],"picked":"SKIP","floor":13},{"not_picked":["Deadly Poison","Backflip"],"picked":"Footwork+1","floor":14},{"not_picked":["Doppelganger","Burst"],"picked":"After Image+1","floor":16},{"not_picked":["Dagger Spray","Bouncing Flask"],"picked":"Caltrops+1","floor":18},{"not_picked":["Dash","Sucker Punch"],"picked":"Predator","floor":20},{"not_picked":["Riddle With Holes","Slice","Outmaneuver"],"picked":"SKIP","floor":21},{"not_picked":["Dagger Spray","Underhanded Strike"],"picked":"Footwork+1","floor":22},{"not_picked":["Flying Knee","Deflect"],"picked":"Accuracy+1","floor":23},{"not_picked":["Dagger Throw+1","Calculated Gamble"],"picked":"Distraction","floor":25},{"not_picked":["Tools of the Trade+1","Flechettes"],"picked":"Bouncing Flask+1","floor":27},{"not_picked":["Quick Slash","Masterful Stab+1"],"picked":"Backflip","floor":30}],"player_experience":757993,"relics_obtained":[{"floor":6,"key":"Bag of Preparation"},{"floor":9,"key":"Tiny Chest"},{"floor":13,"key":"Frozen Egg 2"},{"floor":23,"key":"Boot"},{"floor":25,"key":"White Beast Statue"},{"floor":26,"key":"Strawberry"},{"floor":27,"key":"Ancient Tea Set"},{"floor":31,"key":"Kunai"}],"event_choices":[{"damage_healed":0,"gold_gain":0,"player_choice":"Entered Light","damage_taken":14,"max_hp_gain":0,"max_hp_loss":0,"event_name":"Shining Light","floor":4,"gold_loss":0,"cards_upgraded":["Strike_G","Strike_G"]},{"damage_healed":0,"gold_gain":75,"player_choice":"Gather Gold","damage_taken":11,"max_hp_gain":0,"max_hp_loss":0,"event_name":"World of Goop","floor":5,"gold_loss":0},{"damage_healed":0,"gold_gain":0,"player_choice":"Paid Gold","damage_taken":0,"relics_obtained":["War Paint"],"max_hp_gain":0,"max_hp_loss":0,"event_name":"WeMeetAgain","floor":12,"gold_loss":63},{"cards_removed":["Strike_G"],"damage_healed":0,"gold_gain":0,"player_choice":"Purged","damage_taken":0,"max_hp_gain":0,"max_hp_loss":0,"event_name":"Purifier","floor":29,"gold_loss":0}],"is_beta":false,"boss_relics":[{"not_picked":["Sozu","WristBlade"],"picked":"Runic Dome"}],"items_purged_floors":[10],"is_endless":false,"potions_floor_spawned":[1,2,8,14,16,22,25,27,30],"killed_by":"Champ","ascension_level":9}}