{"host":"31zwhwtym9x8cse5","time":1609219602,"event":{"mods":["ATMod(°¢èªMod)","BaseMod","Dota2Spire","Faster Ascension Climbing","GungeonMod","Lobotomy","Minty Spire (QoL Compilation)","Quick Restart","Replay The Spire","StSLib","The Poker Player","Yakumo Yukari mod","Youmu£¨»êÆÇÑýÃÎ£©","[IsaacMod]ÒÔÈö¼âËþ","¡¾ÒÅÎï¿¨ÅÆ¡¿REMEMod"],"gold_per_floor":[119,194,4,4,29,61,93,93,93],"floor_reached":8,"playtime":401,"items_purged":["Strike_B"],"score":162,"play_id":"a4f879ae-1df8-4a16-85b6-73dd50a6157d","local_time":"20201229132642","daily_mods":["Heirloom","Flight","Elite Swarm"],"is_ascension_mode":true,"campfire_choices":[],"circlet_count":0,"master_deck":["Strike_B","Strike_B","Strike_B","Defend_B","Defend_B","Defend_B","Defend_B","Zap","Dualcast","Amplify"],"relics":["Cracked Core","AT_ATBox","HushsDoor","Void","DemoMod:GnawedKey","Dota2Spire:PhaseBoots","Shuriken"],"acts_visited":["Exordium"],"potions_floor_usage":[7],"damage_taken":[{"damage":2,"enemies":"2 Louse","floor":1,"turns":2},{"damage":33,"enemies":"Lagavulin","floor":6,"turns":8},{"damage":32,"enemies":"Gremlin Nob","floor":7,"turns":4},{"damage":10,"enemies":"Lagavulin","floor":8,"turns":7}],"seed_played":"-1734819374533195539","potions_obtained":[{"floor":6,"key":"BlessingOfTheForge"}],"is_trial":true,"path_per_floor":["M","?","$","?","T","E","E","E"],"character_chosen":"DEFECT","items_purchased":["DemoMod:GnawedKey"],"campfire_rested":0,"item_purchase_floors":[3],"current_hp_per_floor":[66,55,55,75,75,42,10,0,0],"gold":93,"neow_bonus":"","is_daily":false,"chose_seed":false,"campfire_upgraded":0,"win_rate":0.0,"timestamp":1609219602,"path_taken":["M","?","$","?","?","E","E","E"],"items_purchased_type":["Relic"],"build_version":"2020-12-22","purchased_purges":1,"victory":false,"max_hp_per_floor":[75,75,75,75,75,75,75,75,75],"card_choices":[{"not_picked":["ReplayTheSpireMod:Reroute Power","FTL","Rebound"],"picked":"SKIP","floor":1},{"not_picked":["ReplayTheSpireMod:Omega Cannon","Rainbow","Meteor Strike"],"picked":"SKIP","floor":6},{"not_picked":["Buffer","Fission"],"picked":"Amplify","floor":7}],"player_experience":76614,"relics_obtained":[{"floor":5,"key":"Dream Catcher"},{"floor":6,"key":"Dota2Spire:PhaseBoots"},{"floor":7,"key":"Shuriken"}],"event_choices":[{"damage_healed":0,"gold_gain":75,"player_choice":"Gather Gold","damage_taken":11,"max_hp_gain":0,"max_hp_loss":0,"event_name":"World of Goop","floor":2,"gold_loss":0},{"damage_healed":25,"gold_gain":0,"player_choice":"Banana","damage_taken":0,"max_hp_gain":0,"max_hp_loss":0,"event_name":"Big Fish","floor":4,"gold_loss":0}],"is_beta":false,"boss_relics":[],"items_purged_floors":[3],"is_endless":true,"potions_floor_spawned":[6],"killed_by":"Lagavulin","ascension_level":9}}