{"host":"z9grmtg2w0nmz8n1","time":1609208030,"event":{"mods":["Aspiration","Bard","BaseMod","Beaked The Cultist","Better Altar","Better Match","Better Note","Better Sensory Stone","Better Skull","Better Third Choice","BetterRewards","CCEM","Colored Map","Conspire","Downfall","GifTheSpireLib","Googly Eyes","Halation","Hermit","Highlight Path","Hubris","Hunter ??","Jedi Mod","Jorbs\u0027s Wanderer Trilogy","Mad Scientist","Marisa????????","Minty Spire (QoL Compilation)","Permanent Neow","Replay The Spire","Shade Mod","Shop Mod","Spicy Shops","StSLib","Stuff the Spire","The Bug Knight","The Construct","The Necromancer","The Runesmith","The Witch"],"gold_per_floor":[119,119,119,139,57,57,82,82,82,113,113,145,164,193,193,294,294,313,313,363,385,310,310,325,325,325,345,379,154,173,175,175],"floor_reached":31,"playtime":1091,"items_purged":["Strike_B","Strike_B"],"score":394,"play_id":"3df2200f-7301-4f50-8404-a66fcbc8edda","local_time":"20201229001350","is_ascension_mode":true,"campfire_choices":[{"floor":6,"key":"RECALL"},{"data":"StuffTheSpire:Synthwave","floor":8,"key":"SMITH"},{"floor":15,"key":"REST"},{"floor":23,"key":"REST"}],"circlet_count":0,"master_deck":["Strike_B","Defend_B","Defend_B","Defend_B","Defend_B","Zap+1","Dualcast","jedi:BurstLightning","Defragment","StuffTheSpire:Synthwave+1","Crystallizer+1","Conserve Battery","Loop","BootSequence","Writhe","StuffTheSpire:Plugnplay","Ball Lightning","StuffTheSpire:Plugnplay+1","Ball Lightning"],"relics":["Cracked Core","NeowsBlessing","halation:EternalFortune","Regal Pillow","CCEMRelics:PorcelainBowl","halation:IllGainedPizza","StuffTheSpire:Expresso","jedi:hotpepper","Mirror","Incense Burner","Centennial Puzzle"],"acts_visited":["Exordium","TheCity"],"potions_floor_usage":[12,14,27,28,31],"damage_taken":[{"damage":0,"enemies":"Small Slimes","floor":1,"turns":1},{"damage":0,"enemies":"2 Louse","floor":4,"turns":1},{"damage":0,"enemies":"Lagavulin","floor":7,"turns":2},{"damage":21,"enemies":"3 Sentries","floor":10,"turns":6},{"damage":26,"enemies":"Lagavulin","floor":12,"turns":4},{"damage":2,"enemies":"Jaw Worm","floor":13,"turns":2},{"damage":18,"enemies":"Gremlin Nob","floor":14,"turns":3},{"damage":0,"enemies":"Slime Boss","floor":16,"turns":8},{"damage":11,"enemies":"Spheric Guardian","floor":18,"turns":4},{"damage":12,"enemies":"3 Byrds","floor":20,"turns":5},{"damage":19,"enemies":"Cultist and Chosen","floor":21,"turns":6},{"damage":9,"enemies":"Snake Plant","floor":24,"turns":3},{"damage":21,"enemies":"Snecko","floor":27,"turns":5},{"damage":6,"enemies":"Book of Stabbing","floor":28,"turns":4},{"damage":8,"enemies":"Chosen and Byrds","floor":30,"turns":4},{"damage":8,"enemies":"conspire:SneckoGhost","floor":31,"turns":3}],"seed_played":"4058032081545438701","potions_obtained":[{"floor":1,"key":"DistilledChaos"},{"floor":10,"key":"Fire Potion"},{"floor":12,"key":"sneckomod:MuddlingPotion"},{"floor":21,"key":"PowerPotion"},{"floor":24,"key":"Block Potion"},{"floor":28,"key":"Cursed Concoction"},{"floor":30,"key":"Adrenaline Potion"}],"is_trial":false,"path_per_floor":["M","?","?","M","$","R","E","R","T","E","?","E","M","E","R","B",null,"M","?","M","M","?","R","M","?","T","M","E","$","M","E"],"character_chosen":"DEFECT","items_purchased":["StuffTheSpire:Synthwave","Ball Lightning"],"campfire_rested":2,"item_purchase_floors":[5,29],"current_hp_per_floor":[75,78,78,78,78,78,78,78,78,57,57,31,29,11,49,52,60,49,49,37,18,18,51,42,42,42,21,15,15,7,0,0],"gold":175,"neow_bonus":"THREE_ENEMY_KILL","is_daily":false,"chose_seed":false,"campfire_upgraded":1,"win_rate":0.0,"timestamp":1609208030,"path_taken":["M","?","?","?","$","R","E","R","T","E","?","E","M","E","R","BOSS","M","?","M","?","?","R","M","?","T","?","E","$","M","E"],"items_purchased_type":["Card","Card"],"build_version":"2020-12-22","purchased_purges":2,"victory":false,"max_hp_per_floor":[75,78,78,78,78,78,78,78,78,78,78,78,78,78,78,81,60,60,60,60,60,60,60,60,60,60,60,60,60,60,60,60],"card_choices":[{"not_picked":["Force Field","Compile Driver"],"picked":"jedi:BurstLightning","floor":1},{"not_picked":["Stack","jedi:blockon"],"picked":"Defragment","floor":4},{"not_picked":["FTL","Steam","Stack"],"picked":"SKIP","floor":7},{"not_picked":["Steam","FTL","Go for the Eyes"],"picked":"SKIP","floor":10},{"not_picked":["StuffTheSpire:NuclearReactor","Compile Driver"],"picked":"Conserve Battery","floor":12},{"not_picked":["Coolheaded","ReplayTheSpireMod:Repulse"],"picked":"Loop","floor":13},{"not_picked":["Fission","jedi:BurstLightning","StuffTheSpire:CleanHardDrive"],"picked":"SKIP","floor":14},{"not_picked":["StuffTheSpire:LoadUp","Chill"],"picked":"BootSequence","floor":18},{"not_picked":["Go for the Eyes+1","ReplayTheSpireMod:System Scan","Panic Button"],"picked":"SKIP","floor":20},{"not_picked":["Rebound","Streamline"],"picked":"StuffTheSpire:Plugnplay","floor":21},{"not_picked":["Sweeping Beam","Go for the Eyes"],"picked":"Ball Lightning","floor":22},{"not_picked":["jedi:hex","Coolheaded","Cold Snap"],"picked":"SKIP","floor":24},{"not_picked":["Consume+1","Heatsinks+1"],"picked":"StuffTheSpire:Plugnplay+1","floor":27},{"not_picked":["Buffer","conspire:SharedLibrary","Redo"],"picked":"SKIP","floor":28},{"not_picked":["jedi:BurstLightning","StuffTheSpire:ShieldGenerator","jedi:markofdeath"],"picked":"SKIP","floor":30}],"player_experience":740528,"relics_obtained":[{"floor":7,"key":"Regal Pillow"},{"floor":10,"key":"CCEMRelics:PorcelainBowl"},{"floor":12,"key":"halation:IllGainedPizza"},{"floor":14,"key":"StuffTheSpire:Expresso"},{"floor":16,"key":"halation:EternalFortune"},{"floor":26,"key":"Incense Burner"},{"floor":28,"key":"Centennial Puzzle"}],"event_choices":[{"damage_healed":0,"gold_gain":0,"player_choice":"Opened","damage_taken":0,"relics_obtained":["Mirror"],"max_hp_gain":0,"max_hp_loss":0,"event_name":"The Mausoleum","floor":19,"gold_loss":0,"cards_obtained":["Writhe"]},{"damage_healed":0,"gold_gain":0,"player_choice":"1","damage_taken":0,"max_hp_gain":0,"max_hp_loss":0,"event_name":"betterMatch:BetterMatch","floor":22,"gold_loss":0,"cards_obtained":["betterMatch:CommonCard"]},{"damage_healed":0,"gold_gain":0,"player_choice":"Bought 0 Potions","damage_taken":0,"max_hp_gain":0,"max_hp_loss":0,"event_name":"The Woman in Blue","floor":25,"gold_loss":0}],"is_beta":false,"boss_relics":[{"not_picked":["aspiration:IroncladSkillbook","halation:MonkeysPaw"],"picked":"jedi:hotpepper"}],"items_purged_floors":[29,29],"is_endless":false,"potions_floor_spawned":[1,10,12,21,24,28,30],"killed_by":"conspire:SneckoGhost","ascension_level":2}}