{"host":"m3nvt13i50wb5dv0","time":1609248588,"event":{"mods":["2.2 Compatiblity","Act Like it!","BaseMod","Better Third Choice","Downfall","Minty Spire (QoL Compilation)","Relic Stats","Robot Space Explorer","StSLib","The Dragon Tamer","The Gatherer","The Jungle","The Marked"],"gold_per_floor":[109,128,128,139,64,89,89,115,183,183,208,56,81,81,81,202,202,225,241,241,256,271,302,302,341,392,392,411,449,470,483,483,613,613,631,644,644,977,991,1020,1034,1045,1072,1083,1102,1102,1133,1150,1150,1150,1150,1150,338,370,370,370,370],"floor_reached":55,"playtime":7675,"items_purged":["DTMod:Strike","DTMod:Strike"],"score":912,"play_id":"c115f7b5-ebbc-4887-9eed-9bfa7f8d5b9e","local_time":"20201229202948","is_ascension_mode":true,"metric_token":851,"campfire_choices":[{"data":"DTMod:HeatWave","floor":7.0,"key":"SMITH"},{"data":"DTMod:CleansingStrike","floor":10.0,"key":"SMITH"},{"data":"DTMod:OpeningTactic","floor":15.0,"key":"SMITH"},{"data":"DTMod:LightShield","floor":24.0,"key":"SMITH"},{"floor":27.0,"key":"REST"},{"data":"DTMod:InvisibleFlame","floor":32.0,"key":"SMITH"},{"floor":46,"key":"RECALL"},{"floor":49,"key":"REST"},{"data":"DTMod:Cover","floor":52,"key":"SMITH"}],"dtmod_dragon_data":[8,58,2,0,4,8],"circlet_count":0,"master_deck":["DTMod:DoubleHit","DTMod:TargetDefense","DTMod:TargetDefense","DTMod:TargetDefense+1","DTMod:TargetDefense","DTMod:SwitchingTactic+1","DTMod:OpeningTactic+1","DTMod:HeatWave+1","DTMod:BurningEnergy","DTMod:BlueScale","DTMod:ComboAttack","DTMod:CleansingStrike+1","DTMod:InvisibleFlame+1","DTMod:LightShield+1","DTMod:MagiciansMark+1","DTMod:Hide","DTMod:WarmUp","DTMod:BlazingStrike","DTMod:Observe+1","DTMod:BurningEnergy","DTMod:Outburst","DTMod:Adaptation","DTMod:Training","DTMod:Cover+1","DTMod:CalculatedDefense","DTMod:Cover+1","DTMod:LightShield"],"relics":["DTMod:MagicStone","Ice Cream","Art of War","Letter Opener","War Paint","Nunchaku","Anchor","GremlinMask","Happy Flower","Singing Bowl","Bag of Marbles","Shuriken","Busted Crown","Pocketwatch","Ancient Tea Set","Strawberry","StoneCalendar","DTMod:TacticalNote"],"acts_visited":["Exordium","TheCity","TheBeyond","TheEnding"],"potions_floor_usage":[40,40,47,55,55],"damage_taken":[{"damage":0.0,"enemies":"Small Slimes","floor":1.0,"turns":3.0},{"damage":0.0,"enemies":"Cultist","floor":2.0,"turns":3.0},{"damage":0.0,"enemies":"Jaw Worm","floor":4.0,"turns":3.0},{"damage":6.0,"enemies":"Lagavulin","floor":6.0,"turns":11.0},{"damage":1.0,"enemies":"Gremlin Nob","floor":8.0,"turns":3.0},{"damage":10.0,"enemies":"3 Sentries","floor":11.0,"turns":9.0},{"damage":5.0,"enemies":"Gremlin Nob","floor":13.0,"turns":4.0},{"damage":2.0,"enemies":"The Guardian","floor":16.0,"turns":14.0},{"damage":0.0,"enemies":"Chosen","floor":18.0,"turns":4.0},{"damage":0.0,"enemies":"2 Thieves","floor":19.0,"turns":5.0},{"damage":0.0,"enemies":"Cultist and Chosen","floor":21.0,"turns":9.0},{"damage":0.0,"enemies":"Shelled Parasite and Fungi","floor":22.0,"turns":7.0},{"damage":27.0,"enemies":"Slavers","floor":23.0,"turns":10.0},{"damage":3.0,"enemies":"Book of Stabbing","floor":25.0,"turns":11.0},{"damage":9.0,"enemies":"Chosen and Byrds","floor":28.0,"turns":7.0},{"damage":4.0,"enemies":"Gremlin Leader","floor":29.0,"turns":7.0},{"damage":2.0,"enemies":"Cultist and Chosen","floor":30.0,"turns":7.0},{"damage":0.0,"enemies":"Centurion and Healer","floor":31.0,"turns":6.0},{"damage":0.0,"enemies":"Champ","floor":33.0,"turns":12.0},{"damage":0.0,"enemies":"Orb Walker","floor":35.0,"turns":3.0},{"damage":0.0,"enemies":"3 Darklings","floor":36.0,"turns":4.0},{"damage":0.0,"enemies":"Jaw Worm Horde","floor":39.0,"turns":5.0},{"damage":30,"enemies":"Giant Head","floor":40,"turns":8},{"damage":0,"enemies":"Spire Growth","floor":41,"turns":4},{"damage":2,"enemies":"Transient","floor":42,"turns":5},{"damage":0,"enemies":"4 Shapes","floor":44,"turns":5},{"damage":1,"enemies":"Sphere and 2 Shapes","floor":45,"turns":5},{"damage":6,"enemies":"Reptomancer","floor":47,"turns":6},{"damage":5,"enemies":"Spire Growth","floor":48,"turns":5},{"damage":30,"enemies":"Donu and Deca","floor":50,"turns":13},{"damage":43,"enemies":"Shield and Spear","floor":54,"turns":9},{"damage":32,"enemies":"The Heart","floor":55,"turns":5}],"seed_played":"-4082889372306225103","potions_obtained":[{"floor":6.0,"key":"Fire Potion"},{"floor":8.0,"key":"Weak Potion"},{"floor":11.0,"key":"Regen Potion"},{"floor":13.0,"key":"LiquidMemories"},{"floor":18.0,"key":"Explosive Potion"},{"floor":23.0,"key":"GamblersBrew"},{"floor":25.0,"key":"EssenceOfSteel"},{"floor":30.0,"key":"FearPotion"},{"floor":31.0,"key":"Explosive Potion"},{"floor":35.0,"key":"hexamod:EctoCoolerPotion"},{"floor":44,"key":"LiquidBronze"},{"floor":45,"key":"ColorlessPotion"}],"is_trial":false,"path_per_floor":["M","M","?","M","$","E","R","E","T","R","E","$","E","?","R","B",null,"M","M","?","M","M","E","R","E","T","R","M","E","M","M","R","B",null,"M","M","?","?","M","E","M","M","T","M","M","R","E","M","R","B",null,"R","$","E","B"],"character_chosen":"THE_DT","items_purchased":["Nunchaku","DTMod:LightShield","Strawberry","Block Potion","SteroidPotion","StoneCalendar"],"campfire_rested":2,"item_purchase_floors":[12,53,53,53,53,53],"current_hp_per_floor":[33,33,33,33,33,27,27,26,26,26,16,16,23,23,23,21,42,42,42,42,42,42,15,15,19,19,31,29,32,37,42,42,44,44,44,46,46,46,46,18,27,34,34,43,51,51,50,53,58,28,58,58,65,24,0,0,0],"gold":370,"neow_bonus":"THREE_RARE_CARDS","is_daily":false,"chose_seed":false,"campfire_upgraded":6,"win_rate":0.0,"timestamp":1609248588,"path_taken":["M","M","?","M","?","E","R","E","T","R","E","?","E","?","R","BOSS","M","M","?","M","?","E","R","E","T","R","?","E","?","M","R","BOSS","M","M","?","?","?","E","M","M","T","M","M","R","E","M","R","BOSS","R","$","E","BOSS"],"items_purchased_type":["Relic","Card","Relic","Potion","Potion","Relic"],"build_version":"2020-12-22","purchased_purges":2,"victory":false,"max_hp_per_floor":[45,45,45,45,45,45,45,45,45,45,45,45,45,42,42,42,42,42,42,42,42,42,42,42,42,42,42,42,42,42,42,42,44,44,44,46,46,46,46,48,50,52,52,54,56,56,56,58,58,58,58,58,65,67,67,67,67],"relic_stats":{"Nunchaku":[29],"Busted Crown":22,"Happy Flower":[42],"Singing Bowl":18,"counters":[32,212],"Shuriken":[23],"StoneCalendar":[46],"Art of War":[28],"Letter Opener":[455],"War Paint":["DTMod:SwitchingTactic","DTMod:TargetDefense"],"obtain_stats":[{"Ice Cream":6,"Happy Flower":23,"Singing Bowl":25,"Golden Idol":14,"GremlinMask":20,"StoneCalendar":53,"Letter Opener":9,"War Paint":11,"Ancient Tea Set":47,"Nunchaku":12,"Anchor":13,"Busted Crown":34,"DTMod:TacticalNote":54,"DTMod:PactStone":0,"Shuriken":29,"Strawberry":53,"Art of War":8,"Bag of Marbles":26,"DTMod:MagicStone":17,"Pocketwatch":40},{"Ice Cream":4,"Happy Flower":13,"Singing Bowl":14,"Golden Idol":7,"GremlinMask":10,"StoneCalendar":30,"Letter Opener":5,"War Paint":6,"Ancient Tea Set":28,"Nunchaku":6,"Anchor":7,"Busted Crown":19,"DTMod:TacticalNote":31,"DTMod:PactStone":0,"Shuriken":16,"Strawberry":30,"Art of War":5,"Bag of Marbles":14,"DTMod:MagicStone":8,"Pocketwatch":23},{"Ice Cream":20,"Happy Flower":85,"Singing Bowl":96,"Golden Idol":36,"GremlinMask":59,"StoneCalendar":198,"Letter Opener":23,"War Paint":32,"Ancient Tea Set":180,"Nunchaku":32,"Anchor":36,"Busted Crown":135,"DTMod:TacticalNote":207,"DTMod:PactStone":0,"Shuriken":110,"Strawberry":198,"Art of War":23,"Bag of Marbles":96,"DTMod:MagicStone":50,"Pocketwatch":155}],"Pocketwatch":[31]},"card_choices":[{"not_picked":["DTMod:FierySynthesis","DTMod:LightShield"],"picked":"DTMod:OpeningTactic","floor":0.0},{"not_picked":["DTMod:Weaken","DTMod:MagicField"],"picked":"DTMod:HeatWave","floor":1.0},{"not_picked":["DTMod:StarRain","DTMod:Shift"],"picked":"DTMod:BurningEnergy","floor":2.0},{"not_picked":["DTMod:QuickFly","DTMod:SneakAttack"],"picked":"DTMod:BlueScale","floor":4.0},{"not_picked":["DTMod:Astonish","DTMod:Threaten"],"picked":"DTMod:ComboAttack","floor":6.0},{"not_picked":["DTMod:FlameSlash","DTMod:ExcessFootwork"],"picked":"DTMod:CleansingStrike","floor":8.0},{"not_picked":["DTMod:MagicField","DTMod:CrossStep"],"picked":"DTMod:InvisibleFlame","floor":11.0},{"not_picked":["DTMod:Weaken","DTMod:BuildUp","DTMod:BreakAttack"],"picked":"SKIP","floor":13.0},{"not_picked":["DTMod:Safeguard","DTMod:EchoTactic"],"picked":"DTMod:LightShield","floor":16.0},{"not_picked":["DTMod:HeatWave+1","DTMod:MagicField"],"picked":"DTMod:MagiciansMark+1","floor":18.0},{"not_picked":["DTMod:Weaken","DTMod:BizarreTactic+1"],"picked":"DTMod:Hide","floor":19.0},{"not_picked":["DTMod:Threaten","DTMod:Shift","DTMod:Overwhelm"],"picked":"SKIP","floor":21.0},{"not_picked":["DTMod:TagTeam","DTMod:SneakAttack"],"picked":"DTMod:WarmUp","floor":22.0},{"not_picked":["DTMod:BizarreTactic","DTMod:Threaten"],"picked":"DTMod:BlazingStrike","floor":23.0},{"not_picked":["DTMod:PurifyingFlame","DTMod:Dissolve"],"picked":"DTMod:Observe+1","floor":25.0},{"not_picked":["DTMod:CleansingStrike","DTMod:BlazingStrike"],"picked":"DTMod:BurningEnergy","floor":28.0},{"not_picked":["DTMod:CleansingStrike","DTMod:TagTeam+1"],"picked":"DTMod:Outburst","floor":29.0},{"not_picked":["DTMod:BalancedStrike","DTMod:LastStand"],"picked":"DTMod:Adaptation","floor":30.0},{"not_picked":["DTMod:Threaten","DTMod:Overwhelm"],"picked":"DTMod:Training","floor":31.0},{"not_picked":["DTMod:Outburst","DTMod:SealedStrike","DTMod:FierySynthesis"],"picked":"Singing Bowl","floor":33.0},{"not_picked":[],"picked":"DTMod:Cover","floor":35.0},{"not_picked":["DTMod:MasterPlan"],"picked":"Singing Bowl","floor":36.0},{"not_picked":[],"picked":"DTMod:CalculatedDefense","floor":39.0},{"not_picked":["DTMod:BreakAttack+1"],"picked":"Singing Bowl","floor":40},{"not_picked":["DTMod:Hide"],"picked":"Singing Bowl","floor":41},{"not_picked":["DTMod:MasterPlan"],"picked":"Singing Bowl","floor":42},{"not_picked":["DTMod:Conduct+1"],"picked":"Singing Bowl","floor":44},{"not_picked":["DTMod:BlazingStrike"],"picked":"Singing Bowl","floor":45},{"not_picked":[],"picked":"DTMod:Cover+1","floor":47},{"not_picked":["DTMod:Weaken+1"],"picked":"Singing Bowl","floor":48},{"not_picked":["DTMod:Weaken"],"picked":"Singing Bowl","floor":54}],"player_experience":1362715,"relics_obtained":[{"floor":6.0,"key":"Ice Cream"},{"floor":8.0,"key":"Art of War"},{"floor":9.0,"key":"Letter Opener"},{"floor":11.0,"key":"War Paint"},{"floor":13.0,"key":"Anchor"},{"floor":23.0,"key":"Happy Flower"},{"floor":25.0,"key":"Singing Bowl"},{"floor":26.0,"key":"Bag of Marbles"},{"floor":29.0,"key":"Shuriken"},{"floor":40,"key":"Pocketwatch"},{"floor":47,"key":"Ancient Tea Set"},{"floor":54,"key":"DTMod:TacticalNote"}],"event_choices":[{"cards_removed":["DTMod:Strike"],"damage_healed":0.0,"max_hp_gain":0.0,"max_hp_loss":0.0,"gold_gain":0.0,"event_name":"Purifier","player_choice":"Purged","floor":3.0,"gold_loss":0.0,"damage_taken":0.0},{"damage_healed":0.0,"max_hp_gain":0.0,"max_hp_loss":3.0,"gold_gain":0.0,"event_name":"Golden Idol","player_choice":"Lose Max HP","floor":14.0,"gold_loss":0.0,"damage_taken":0.0,"relics_obtained":["Golden Idol"]},{"damage_healed":0.0,"max_hp_gain":0.0,"max_hp_loss":0.0,"gold_gain":0.0,"event_name":"FaceTrader","player_choice":"Trade","floor":20.0,"gold_loss":0.0,"damage_taken":0.0,"relics_obtained":["GremlinMask"]},{"cards_removed":["DTMod:Strike"],"damage_healed":0.0,"max_hp_gain":0.0,"max_hp_loss":0.0,"gold_gain":0.0,"event_name":"Falling","player_choice":"Removed Attack","floor":37.0,"gold_loss":0.0,"damage_taken":0.0},{"damage_healed":0.0,"max_hp_gain":0.0,"max_hp_loss":0.0,"gold_gain":333.0,"event_name":"The Moai Head","player_choice":"Gave Idol","floor":38.0,"relics_lost":["Golden Idol"],"gold_loss":0.0,"damage_taken":0.0}],"is_beta":false,"boss_relics":[{"not_picked":["Philosopher\u0027s Stone","Runic Dome"],"picked":"DTMod:MagicStone"},{"not_picked":["Snecko Eye","Fusion Hammer"],"picked":"Busted Crown"}],"items_purged_floors":[5,53],"is_endless":false,"potions_floor_spawned":[6,8,11,13,18,23,25,30,31,35,44,45],"killed_by":"The Heart","ascension_level":1}}