{"host":"a1eatafr7pisesky","time":1609259151,"event":{"mods":["BaseMod","Colored Map","DeckTracker","Highlight Path","Keyboard Shortcuts","Minty Spire (QoL Compilation)","Permanent Neow","Random Character Button","StSLib","SuperFastMode","The Cursed","everything is the same but u backflip on backflip"],"gold_per_floor":[114,114,39,49,59,86,68,133,133,33,33,52,66,76,76,173,173,183,200,75,75,93,93,110,110,136,161,161,176,126,146,146,246,246,246,246],"floor_reached":35,"playtime":1510,"items_purged":["TheCursedMod:Strike_TheCursed","TheCursedMod:Strike_TheCursed","TheCursedMod:Strike_TheCursed","TheCursedMod:Defend_TheCursed"],"score":361,"play_id":"418a9841-fa5a-44de-9215-8ca85d4e7ab5","local_time":"20201230012551","is_ascension_mode":false,"campfire_choices":[{"floor":11.0,"key":"REST"},{"floor":15.0,"key":"REST"},{"floor":23.0,"key":"REST"},{"data":"TheCursedMod:SaltUponWound","floor":25.0,"key":"SMITH"},{"floor":32,"key":"REST"}],"circlet_count":0,"master_deck":["TheCursedMod:Defend_TheCursed","TheCursedMod:CursedWand","TheCursedMod:CleanUpWorkshop+1","TheCursedMod:Dregs","TheCursedMod:SaltUponWound+1","TheCursedMod:Evocation","TheCursedMod:VitalStrike","TheCursedMod:RapidMovement","TheCursedMod:SoulReap","TheCursedMod:CircleOfBlood","TheCursedMod:CursedArmor","TheCursedMod:SaltUponWound+1","TheCursedMod:Torture","TheCursedMod:CollectTribute","TheCursedMod:RapidMovement+1","TheCursedMod:Stigma","TheCursedMod:WearCloak+1","TheCursedMod:HellfireBreathing","TheCursedMod:Obscuration","TheCursedMod:VoidForm","TheCursedMod:CursedBlade","TheCursedMod:SurpriseAttack+1","TheCursedMod:CursedArmor","TheCursedMod:CircleOfAbyss"],"relics":["TheCursedMod:BlackMagic101","Shuriken","Blood Vial","Darkstone Periapt","TheCursedMod:OminousMark","Smiling Mask","Red Mask","Runic Pyramid"],"acts_visited":["Exordium","TheCity","TheBeyond"],"potions_floor_usage":[29,29,33,33],"damage_taken":[{"damage":0.0,"enemies":"Small Slimes","floor":1.0,"turns":4.0},{"damage":10.0,"enemies":"Cultist","floor":4.0,"turns":3.0},{"damage":6.0,"enemies":"Jaw Worm","floor":5.0,"turns":3.0},{"damage":26.0,"enemies":"Lagavulin","floor":6.0,"turns":4.0},{"damage":5.0,"enemies":"Exordium Thugs","floor":7.0,"turns":4.0},{"damage":24.0,"enemies":"Gremlin Nob","floor":8.0,"turns":4.0},{"damage":18.0,"enemies":"Exordium Wildlife","floor":12.0,"turns":7.0},{"damage":15.0,"enemies":"2 Fungi Beasts","floor":13.0,"turns":5.0},{"damage":20.0,"enemies":"3 Louse","floor":14.0,"turns":5.0},{"damage":33.0,"enemies":"The Guardian","floor":16.0,"turns":8.0},{"damage":3.0,"enemies":"Chosen","floor":18.0,"turns":4.0},{"damage":42.0,"enemies":"3 Byrds","floor":19.0,"turns":6.0},{"damage":27.0,"enemies":"Centurion and Healer","floor":22.0,"turns":6.0},{"damage":13.0,"enemies":"Snecko","floor":24.0,"turns":6.0},{"damage":25.0,"enemies":"Masked Bandits","floor":27.0,"turns":5.0},{"damage":3,"enemies":"Snake Plant","floor":29,"turns":3},{"damage":7,"enemies":"Centurion and Healer","floor":31,"turns":6},{"damage":56,"enemies":"Collector","floor":33,"turns":8},{"damage":25,"enemies":"3 Darklings","floor":35,"turns":7}],"seed_played":"-301460925265418323","potions_obtained":[{"floor":1.0,"key":"TheCursedMod:DregsPotion"},{"floor":6.0,"key":"FearPotion"},{"floor":7.0,"key":"AttackPotion"},{"floor":12.0,"key":"DistilledChaos"},{"floor":13.0,"key":"EssenceOfSteel"},{"floor":22.0,"key":"SteroidPotion"},{"floor":24.0,"key":"SpeedPotion"},{"floor":29,"key":"DuplicationPotion"},{"floor":31,"key":"PowerPotion"}],"is_trial":false,"path_per_floor":["M","?","$","M","M","E","M","?","T","$","R","M","M","M","R","B",null,"M","M","$","?","M","R","M","R","T","?","?","M","$","M","R","B",null,"M"],"character_chosen":"THE_CURSED","items_purchased":[],"campfire_rested":4,"item_purchase_floors":[],"current_hp_per_floor":[75,75,75,65,59,33,28,11,11,11,33,26,22,9,31,7,75,72,33,33,33,17,39,28,28,28,7,7,13,13,14,36,3,75,58,58],"gold":246,"neow_bonus":"UPGRADE_CARD","is_daily":false,"chose_seed":false,"campfire_upgraded":1,"win_rate":0.0,"timestamp":1609259151,"path_taken":["M","?","$","M","M","E","?","?","T","?","R","M","M","M","R","BOSS","M","M","$","?","M","R","M","R","T","?","?","M","$","M","R","BOSS","M"],"items_purchased_type":[],"build_version":"2020-12-22","purchased_purges":4,"victory":false,"max_hp_per_floor":[75,75,75,75,75,75,75,75,75,75,75,75,75,75,75,75,75,75,75,75,75,75,75,75,75,75,75,75,75,75,75,75,75,75,75,75],"card_choices":[{"not_picked":["TheCursedMod:Torture","TheCursedMod:Mangle"],"picked":"TheCursedMod:SaltUponWound","floor":1.0},{"not_picked":["TheCursedMod:VitalStrike","TheCursedMod:PrepareRite"],"picked":"TheCursedMod:Evocation","floor":4.0},{"not_picked":["TheCursedMod:FleshFromBone","TheCursedMod:ManaBullet"],"picked":"TheCursedMod:VitalStrike","floor":5.0},{"not_picked":["TheCursedMod:CursedShiv","TheCursedMod:PrepareRite"],"picked":"TheCursedMod:RapidMovement","floor":6.0},{"not_picked":["TheCursedMod:CursedStaff","TheCursedMod:CursedBlade"],"picked":"TheCursedMod:SoulReap","floor":7.0},{"not_picked":["TheCursedMod:CircleOfAmplification","TheCursedMod:VitalStrike"],"picked":"TheCursedMod:CircleOfBlood","floor":8.0},{"not_picked":["TheCursedMod:RapidMovement","TheCursedMod:WearCloak"],"picked":"TheCursedMod:CursedArmor","floor":12.0},{"not_picked":["TheCursedMod:CursedAmulet","TheCursedMod:Obscuration"],"picked":"TheCursedMod:SaltUponWound","floor":13.0},{"not_picked":["TheCursedMod:CursedMace","TheCursedMod:TacticalStrike"],"picked":"TheCursedMod:Torture","floor":14.0},{"not_picked":["TheCursedMod:CursedRelics","TheCursedMod:ForbiddenAlchemy"],"picked":"TheCursedMod:CollectTribute","floor":16.0},{"not_picked":["TheCursedMod:FleshFromBone","TheCursedMod:CursedArmor"],"picked":"TheCursedMod:RapidMovement+1","floor":18.0},{"not_picked":["TheCursedMod:RapidMovement","TheCursedMod:FleshFromBone+1"],"picked":"TheCursedMod:Stigma","floor":19.0},{"not_picked":["TheCursedMod:CursedStaff+1","TheCursedMod:SmokeScreen"],"picked":"TheCursedMod:WearCloak+1","floor":22.0},{"not_picked":["TheCursedMod:EmpowerCircles","TheCursedMod:CursedAmulet"],"picked":"TheCursedMod:HellfireBreathing","floor":24.0},{"not_picked":["TheCursedMod:TacticalStrike+1","TheCursedMod:SmokeScreen"],"picked":"TheCursedMod:Obscuration","floor":27.0},{"not_picked":["TheCursedMod:CursedAmulet","TheCursedMod:CircleOfWindfury"],"picked":"TheCursedMod:SurpriseAttack+1","floor":29},{"not_picked":["TheCursedMod:CursedArmor","TheCursedMod:SurpriseAttack","TheCursedMod:SpitefulStrike+1"],"picked":"SKIP","floor":31},{"not_picked":["TheCursedMod:SurpriseAttack","TheCursedMod:SpitefulStrike+1"],"picked":"TheCursedMod:CursedArmor","floor":31},{"not_picked":["TheCursedMod:OutForBlood","TheCursedMod:Neurasthenia"],"picked":"TheCursedMod:CircleOfAbyss","floor":33}],"player_experience":273820,"relics_obtained":[{"floor":6.0,"key":"Shuriken"},{"floor":9.0,"key":"Darkstone Periapt"},{"floor":26.0,"key":"Smiling Mask"},{"floor":27.0,"key":"Red Mask"}],"event_choices":[{"damage_healed":0.0,"max_hp_gain":0.0,"max_hp_loss":0.0,"gold_gain":0.0,"event_name":"Upgrade Shrine","player_choice":"Upgraded","floor":2.0,"gold_loss":0.0,"damage_taken":0.0,"cards_upgraded":["TheCursedMod:SaltUponWound"]},{"damage_healed":0.0,"max_hp_gain":0.0,"max_hp_loss":0.0,"gold_gain":30.0,"event_name":"Dead Adventurer","player_choice":"Searched \u00273\u0027 times","floor":8.0,"gold_loss":0.0,"damage_taken":0.0,"relics_obtained":["Blood Vial"]},{"cards_removed":["TheCursedMod:Strike_TheCursed"],"damage_healed":0.0,"max_hp_gain":0.0,"max_hp_loss":0.0,"gold_gain":0.0,"event_name":"Back to Basics","player_choice":"Elegance","floor":21.0,"gold_loss":0.0,"damage_taken":0.0},{"damage_healed":0.0,"max_hp_gain":0.0,"max_hp_loss":0.0,"gold_gain":0.0,"event_name":"Masked Bandits","player_choice":"Fought Bandits","floor":27.0,"gold_loss":0.0,"damage_taken":0.0},{"damage_healed":0.0,"max_hp_gain":0.0,"max_hp_loss":0.0,"gold_gain":0.0,"cards_transformed":["TheCursedMod:Defend_TheCursed","TheCursedMod:Defend_TheCursed"],"event_name":"Drug Dealer","player_choice":"Became Test Subject","floor":28.0,"gold_loss":0.0,"damage_taken":0.0,"cards_obtained":["TheCursedMod:VoidForm","TheCursedMod:CursedBlade"]}],"is_beta":false,"boss_relics":[{"not_picked":["Tiny House","Busted Crown"],"picked":"TheCursedMod:OminousMark"},{"not_picked":["Philosopher\u0027s Stone","Cursed Key"],"picked":"Runic Pyramid"}],"items_purged_floors":[3,10,20,30],"is_endless":false,"potions_floor_spawned":[1,6,7,12,13,22,24,29,31],"killed_by":"3 Darklings","ascension_level":0}}