{"host":"Qube","time":1609273323,"event":{"mods":["AchievementEnabler","BaseMod","Colored Powertips","Minty Spire (QoL Compilation)","Quick Restart","Random Character Button"],"gold_per_floor":[109,259,259,5,5,37,48,76,76,103,116,130,161,172,172,246,246,256,181,181,191,209,236,13,13,36,56,56,75,100,111,111,111,111],"floor_reached":33,"playtime":1310,"items_purged":["Doubt"],"score":764,"play_id":"b488bea3-de8a-497b-af69-00ed984e91b0","local_time":"20201229122203","is_ascension_mode":true,"campfire_choices":[{"data":"Sweeping Beam","floor":15.0,"key":"SMITH"},{"floor":25,"key":"REST"},{"floor":28,"key":"REST"},{"floor":32,"key":"REST"}],"circlet_count":0,"master_deck":["AscendersBane","Strike_B","Strike_B","Strike_B","Defend_B","Defend_B","Defend_B","Defend_B","Zap+1","Dualcast","Streamline","Sadistic Nature","FTL","Beam Cell","Loop","Lockon","Glacier","Conserve Battery","Sweeping Beam+1","Reboot","Beam Cell","Creative AI","Conserve Battery","Self Repair","Beam Cell+1","Stack","Leap+1"],"relics":["Cracked Core","NeowsBlessing","HornCleat","Mercury Hourglass","InkBottle","Orichalcum","Turnip","Bag of Marbles","Nuclear Battery","Matryoshka","Kunai","Lantern","Strawberry","DataDisk","Bottled Flame"],"acts_visited":["Exordium","TheCity"],"potions_floor_usage":[18,21,23,30],"damage_taken":[{"damage":0.0,"enemies":"Small Slimes","floor":1.0,"turns":1.0},{"damage":0.0,"enemies":"3 Sentries","floor":6.0,"turns":1.0},{"damage":0.0,"enemies":"2 Louse","floor":7.0,"turns":1.0},{"damage":0.0,"enemies":"Gremlin Nob","floor":8.0,"turns":3.0},{"damage":10.0,"enemies":"3 Sentries","floor":10.0,"turns":6.0},{"damage":0.0,"enemies":"Cultist","floor":11.0,"turns":2.0},{"damage":14.0,"enemies":"Exordium Wildlife","floor":12.0,"turns":3.0},{"damage":0.0,"enemies":"Gremlin Nob","floor":13.0,"turns":3.0},{"damage":0.0,"enemies":"Blue Slaver","floor":14.0,"turns":3.0},{"damage":6.0,"enemies":"Slime Boss","floor":16.0,"turns":7.0},{"damage":0,"enemies":"Shell Parasite","floor":18,"turns":1},{"damage":6,"enemies":"3 Byrds","floor":21,"turns":2},{"damage":6,"enemies":"3 Cultists","floor":22,"turns":4},{"damage":45,"enemies":"Book of Stabbing","floor":23,"turns":6},{"damage":4,"enemies":"Snecko","floor":27,"turns":5},{"damage":18,"enemies":"Cultist and Chosen","floor":29,"turns":5},{"damage":36,"enemies":"Slavers","floor":30,"turns":5},{"damage":6,"enemies":"Chosen and Byrds","floor":31,"turns":5},{"damage":53,"enemies":"Champ","floor":33,"turns":11}],"seed_played":"2571676671040939367","potions_obtained":[{"floor":6.0,"key":"DuplicationPotion"},{"floor":8.0,"key":"FairyPotion"},{"floor":10.0,"key":"Energy Potion"},{"floor":13.0,"key":"FocusPotion"},{"floor":16.0,"key":"SteroidPotion"},{"floor":18,"key":"AttackPotion"},{"floor":22,"key":"Dexterity Potion"},{"floor":27,"key":"SpeedPotion"},{"floor":29,"key":"Ancient Potion"}],"is_trial":false,"path_per_floor":["M","?","?","$","?","E","M","E","T","E","M","M","E","M","R","B",null,"M","?","T","M","M","E","$","R","T","M","R","M","E","M","R","B"],"character_chosen":"DEFECT","items_purchased":["Sadistic Nature","Lantern","Conserve Battery"],"campfire_rested":3,"item_purchase_floors":[4,24,24],"current_hp_per_floor":[64,64,59,59,59,59,59,59,59,49,49,35,35,35,35,29,61,61,61,61,55,49,4,4,25,32,28,51,40,4,23,46,0,0],"gold":111,"neow_bonus":"THREE_ENEMY_KILL","is_daily":false,"chose_seed":false,"campfire_upgraded":1,"win_rate":0.0,"timestamp":1609273323,"path_taken":["M","?","?","$","?","E","M","E","T","E","M","M","E","M","R","BOSS","M","?","?","M","M","E","?","R","T","M","R","?","E","M","R","BOSS"],"items_purchased_type":["Card","Relic","Card"],"build_version":"2020-12-18","purchased_purges":1,"victory":false,"max_hp_per_floor":[71,71,71,71,71,71,71,71,71,71,71,71,71,71,71,71,71,71,71,71,71,71,71,71,71,78,78,78,78,78,78,78,78,78],"card_choices":[{"not_picked":["Coolheaded","Auto Shields"],"picked":"Streamline","floor":1.0},{"not_picked":["Conserve Battery","Steam"],"picked":"FTL","floor":6.0},{"not_picked":["Hello World","Fusion"],"picked":"Beam Cell","floor":7.0},{"not_picked":["Storm","Turbo"],"picked":"Loop","floor":8.0},{"not_picked":["Conserve Battery","Stack"],"picked":"Lockon","floor":10.0},{"not_picked":["Reprogram","Coolheaded","Turbo"],"picked":"SKIP","floor":11.0},{"not_picked":["Blizzard","Capacitor"],"picked":"Glacier","floor":12.0},{"not_picked":["Darkness","Compile Driver"],"picked":"Conserve Battery","floor":13.0},{"not_picked":["Reinforced Body","Rainbow"],"picked":"Sweeping Beam","floor":14.0},{"not_picked":["Multi-Cast","Seek"],"picked":"Reboot","floor":16.0},{"not_picked":["Fusion+1","Rebound","Coolheaded"],"picked":"SKIP","floor":18},{"not_picked":["Darkness","Tempest","Sweeping Beam"],"picked":"SKIP","floor":21},{"not_picked":["Gash","Cold Snap"],"picked":"Beam Cell","floor":22},{"not_picked":["Redo","Fusion"],"picked":"Creative AI","floor":23},{"not_picked":["Doom and Gloom+1","Barrage"],"picked":"Self Repair","floor":27},{"not_picked":["Heatsinks","BootSequence"],"picked":"Beam Cell+1","floor":29},{"not_picked":["Rebound","Steam"],"picked":"Stack","floor":30},{"not_picked":["Defragment","Sweeping Beam"],"picked":"Leap+1","floor":31}],"player_experience":729508,"relics_obtained":[{"floor":6.0,"key":"Mercury Hourglass"},{"floor":8.0,"key":"InkBottle"},{"floor":9.0,"key":"Orichalcum"},{"floor":10.0,"key":"Turnip"},{"floor":13.0,"key":"Bag of Marbles"},{"floor":20,"key":"Matryoshka"},{"floor":23,"key":"Kunai"},{"floor":26,"key":"Strawberry"},{"floor":26,"key":"DataDisk"},{"floor":30,"key":"Bottled Flame"}],"event_choices":[{"damage_healed":0.0,"max_hp_gain":0.0,"max_hp_loss":0.0,"gold_gain":150.0,"event_name":"Liars Game","player_choice":"AGREE","floor":2.0,"gold_loss":0.0,"damage_taken":0.0,"cards_obtained":["Doubt"]},{"damage_healed":0.0,"max_hp_gain":0.0,"max_hp_loss":0.0,"gold_gain":0.0,"event_name":"Scrap Ooze","player_choice":"Success","floor":3.0,"gold_loss":0.0,"damage_taken":5.0,"relics_obtained":["HornCleat"]},{"damage_healed":0.0,"max_hp_gain":0.0,"max_hp_loss":0.0,"gold_gain":0.0,"event_name":"Upgrade Shrine","player_choice":"Upgraded","floor":5.0,"gold_loss":0.0,"damage_taken":0.0,"cards_upgraded":["Zap"]},{"cards_removed":["Strike_B"],"damage_healed":0,"gold_gain":0,"player_choice":"Gave Gold","damage_taken":0,"max_hp_gain":0,"max_hp_loss":0,"event_name":"Beggar","floor":19,"gold_loss":75}],"is_beta":true,"boss_relics":[{"not_picked":["Ectoplasm","Philosopher\u0027s Stone"],"picked":"Nuclear Battery"}],"items_purged_floors":[4],"is_endless":false,"potions_floor_spawned":[6,8,10,12,13,16,18,22,27,29],"killed_by":"Champ","ascension_level":19}}