{"host":"tr12w2fixbnujl15","time":1609266958,"event":{"mods":["2.2 Compatiblity","BaseMod","Better Skull","BetterRewards","CatGirl Mod","Colored Powertips","Hubris","Infinite Spire","Jorbs\u0027s Wanderer Trilogy","Luminous","Minty Spire (QoL Compilation)","Quick Restart","Reimu??????","Replay The Spire","StSLib","SuperFastMode","Td1madao Mod","The Sage","The Spell Scribe","WarShipGirlsR/????R mod"],"gold_per_floor":[117,160,114,126,126,156,156,173,173,173,173,173,204,218,218,348,348,364,364,364,364,364],"floor_reached":21,"playtime":844,"items_purged":[],"score":210,"play_id":"4df62c63-ccf3-4ec2-86db-fe0edde70fef","local_time":"20201229133558","is_ascension_mode":false,"campfire_choices":[{"floor":7,"key":"REST"},{"floor":15,"key":"REST"}],"circlet_count":0,"master_deck":["theScribe:StarterAttack","theScribe:StarterAttack","theScribe:LightningStrike","theScribe:LightningStrike","theScribe:StarterDefend","theScribe:StarterDefend","theScribe:StarterDefend","theScribe:IcyDefend","theScribe:IcyDefend","theScribe:StarterModifier","theScribe:AmplifyingSpellstone","theScribe:ToxicSpellstone","theScribe:Thunder","theScribe:ArcaneArcing","theScribe:LightningBolt","theScribe:MirrorImage","Pot Of Greed","Pot Of Greed","theScribe:MagicMissiles","theScribe:BarrierOfLight","theScribe:ForkedBolt+1","theScribe:Frost"],"relics":["theScribe:StarterRelic1","NeowsBlessing","Darkstone Periapt","Replay:Rubber Ducky","Mummified Hand","Bronze Scales","Golden Idol","Grinning Jar","Busted Crown","hubris:Towel"],"acts_visited":["Exordium","TheCity"],"potions_floor_usage":[13,13,13],"damage_taken":[{"damage":0,"enemies":"Jaw Worm","floor":1,"turns":1},{"damage":0,"enemies":"Small Slimes","floor":4,"turns":2},{"damage":0,"enemies":"Lagavulin","floor":6,"turns":1},{"damage":0,"enemies":"Cultist","floor":8,"turns":3},{"damage":18,"enemies":"Gremlin Nob","floor":13,"turns":3},{"damage":14,"enemies":"Looter","floor":14,"turns":3},{"damage":48,"enemies":"Hexaghost","floor":16,"turns":14},{"damage":3,"enemies":"3 Byrds","floor":18,"turns":5},{"damage":0,"enemies":"Chosen","floor":21,"turns":1}],"seed_played":"832668536341910196","potions_obtained":[{"floor":2,"key":"DuplicationPotion"},{"floor":4,"key":"FearPotion"},{"floor":6,"key":"ZuzhouPotion:ReiMu"},{"floor":8,"key":"ColorlessPotion"}],"is_trial":false,"path_per_floor":["M","?","$","M","?","E","R","M","T","?","?","?","E","M","R","B",null,"M","?","?","M"],"character_chosen":"THE_SCRIBE","items_purchased":["theScribe:Thunder"],"campfire_rested":2,"item_purchase_floors":[3],"current_hp_per_floor":[75,57,57,57,57,57,75,75,75,81,61,61,43,29,53,5,81,78,78,78,78,78],"gold":364,"neow_bonus":"THREE_ENEMY_KILL","is_daily":false,"chose_seed":false,"campfire_upgraded":0,"win_rate":0.0,"timestamp":1609266958,"path_taken":["M","?","$","M","?","E","R","?","T","?","?","?","E","M","R","BOSS","M","?","?","?"],"items_purchased_type":["Card"],"build_version":"2020-12-22","purchased_purges":0,"victory":false,"max_hp_per_floor":[75,75,75,75,75,75,75,75,75,81,81,81,81,81,81,81,81,81,81,81,81,81],"card_choices":[{"not_picked":["theScribe:ThrownScroll","theScribe:InvigoratingStrike"],"picked":"theScribe:AmplifyingSpellstone","floor":1},{"not_picked":["theScribe:TelumSpellstone","theScribe:EnchantedStrike"],"picked":"theScribe:ToxicSpellstone","floor":2},{"not_picked":["theScribe:GatherComponents","theScribe:Divination"],"picked":"theScribe:FlowLikeWater","floor":4},{"not_picked":["theScribe:SanguineSurge","theScribe:EnchantedStrike"],"picked":"theScribe:LightningBolt","floor":6},{"not_picked":["theScribe:FrostvenomToxin","theScribe:FocusingBarrier"],"picked":"theScribe:MirrorImage","floor":8},{"not_picked":["theScribe:ArcaneArcing","theScribe:BluntWeapons"],"picked":"theScribe:MagicMissiles","floor":13},{"not_picked":["theScribe:GatherComponents","theScribe:Focused"],"picked":"theScribe:BarrierOfLight","floor":14},{"not_picked":["theScribe:StemTheFlow","theScribe:AbsoluteZero"],"picked":"theScribe:ForkedBolt","floor":16},{"not_picked":[],"picked":"theScribe:Frost","floor":18}],"player_experience":2484,"relics_obtained":[{"floor":2,"key":"Darkstone Periapt"},{"floor":6,"key":"Replay:Rubber Ducky"},{"floor":9,"key":"Mummified Hand"},{"floor":13,"key":"Grinning Jar"}],"event_choices":[{"damage_healed":0,"gold_gain":0,"cards_transformed":["theScribe:FlowLikeWater"],"player_choice":"Transformed","damage_taken":0,"max_hp_gain":0,"max_hp_loss":0,"event_name":"Transmorgrifier","floor":5,"gold_loss":0,"cards_obtained":["theScribe:ArcaneArcing"]},{"damage_healed":0,"gold_gain":0,"player_choice":"Box","damage_taken":0,"relics_obtained":["Bronze Scales"],"max_hp_gain":0,"max_hp_loss":0,"event_name":"Big Fish","floor":10,"gold_loss":0,"cards_obtained":["Regret"]},{"damage_healed":0,"gold_gain":0,"player_choice":"Take Damage","damage_taken":20,"relics_obtained":["Golden Idol"],"max_hp_gain":0,"max_hp_loss":0,"event_name":"Golden Idol","floor":11,"gold_loss":0},{"damage_healed":0,"gold_gain":0,"player_choice":"Upgraded","damage_taken":0,"max_hp_gain":0,"max_hp_loss":0,"event_name":"Upgrade Shrine","floor":20,"gold_loss":0,"cards_upgraded":["theScribe:ForkedBolt"]}],"is_beta":false,"boss_relics":[{"not_picked":["Sozu","Replay:Drink Me"],"picked":"Busted Crown"}],"items_purged_floors":[],"is_endless":false,"potions_floor_spawned":[4,6,8],"killed_by":"Chosen","ascension_level":0}}