{"host":"9c5kazgg71l3jb6l","time":1609239823,"event":{"mods":["Arknights The Spire","BaseMod","Minty Spire (QoL Compilation)","StSLib","Waifu the Spire"],"gold_per_floor":[119,119,130,148,148,148,166,166,166,179,210,235,235,245,245,340,340,356,142,158,185,185,185,212,223,223,223,123,123,153,167,167,270,270,285,285,305,305,305,336,348,380,380,380,380],"floor_reached":44,"playtime":4407,"items_purged":["Decay"],"score":506,"play_id":"926976ed-8940-4ada-a5b5-3157762f5a87","local_time":"20201229190343","is_ascension_mode":false,"campfire_choices":[{"data":"ats:Armor Crushing Shot","floor":6.0,"key":"SMITH"},{"data":"ats:Encircling Forest","floor":8.0,"key":"SMITH"},{"data":"ats:Disruption Kick","floor":13.0,"key":"SMITH"},{"data":"ats:Magnetic Hammer","floor":15.0,"key":"SMITH"},{"data":"ats:Chain Hook","floor":23.0,"key":"SMITH"},{"floor":27.0,"key":"REST"},{"data":"ats:Collapsing Strike","floor":32.0,"key":"SMITH"}],"circlet_count":1,"master_deck":["ats:Strike C","ats:Strike G","ats:Strike S","ats:Armor Crushing Shot+1","ats:Defend+1","ats:Defend+1","ats:Defend","ats:Defend+1","ats:Emotion Absorption+1","ats:Encircling Forest+1","ats:Charging Defense","ats:True Silver Slash","ats:Curse Doll","ats:Chain Hook+1","ats:Disruption Kick+1","ats:Magnetic Hammer+1","ats:Rat Pack+1","ats:Collapsing Strike+1","ats:Spore Proliferation+1","ats:Apocalypse+1","ats:Beaten Up+1","ats:Composite Medical Shells+1","ats:Hammer On","ats:Automatic Cover+1","ats:Calcification+1","ats:Burning Ground+1","ats:Spore Proliferation+1","Writhe","ats:Chain Hook+1"],"relics":["ats:Sanity Plus","NeowsBlessing","Blue Candle","ats:Originium","Toxic Egg 2","Circlet","ats:Tactical Delivery","Oddly Smooth Stone","Red Mask","ats:Originium","War Paint","ats:Berate","ats:Originium","PreservedInsect","ats:Originium","Smiling Mask","Blood Vial"],"acts_visited":["Exordium","TheCity","TheBeyond"],"potions_floor_usage":[],"damage_taken":[{"damage":0.0,"enemies":"Cultist","floor":1.0,"turns":1.0},{"damage":0.0,"enemies":"Small Slimes","floor":3.0,"turns":1.0},{"damage":0.0,"enemies":"2 Louse","floor":4.0,"turns":1.0},{"damage":13.0,"enemies":"Large Slime","floor":7.0,"turns":7.0},{"damage":6.0,"enemies":"Exordium Thugs","floor":10.0,"turns":8.0},{"damage":14.0,"enemies":"Lagavulin","floor":11.0,"turns":7.0},{"damage":4.0,"enemies":"2 Fungi Beasts","floor":14.0,"turns":3.0},{"damage":13.0,"enemies":"The Guardian","floor":16.0,"turns":19.0},{"damage":2.0,"enemies":"Shell Parasite","floor":18.0,"turns":7.0},{"damage":0.0,"enemies":"3 Byrds","floor":20.0,"turns":3.0},{"damage":8.0,"enemies":"Masked Bandits","floor":21.0,"turns":5.0},{"damage":33.0,"enemies":"Slavers","floor":24.0,"turns":8.0},{"damage":10.0,"enemies":"Sentry and Sphere","floor":25.0,"turns":4.0},{"damage":5.0,"enemies":"Book of Stabbing","floor":30.0,"turns":6.0},{"damage":10.0,"enemies":"Snecko","floor":31.0,"turns":7.0},{"damage":77.0,"enemies":"Collector","floor":33.0,"turns":22.0},{"damage":0.0,"enemies":"3 Shapes","floor":35.0,"turns":7.0},{"damage":29.0,"enemies":"3 Darklings","floor":37.0,"turns":5.0},{"damage":27.0,"enemies":"Reptomancer","floor":40.0,"turns":9.0},{"damage":1.0,"enemies":"Maw","floor":41.0,"turns":12.0},{"damage":22.0,"enemies":"Giant Head","floor":42.0,"turns":12.0},{"damage":0,"enemies":"4 Shapes","floor":44,"turns":1}],"seed_played":"5026974482247623003","potions_obtained":[{"floor":4.0,"key":"SpeedPotion"},{"floor":10.0,"key":"Fire Potion"},{"floor":11.0,"key":"SteroidPotion"},{"floor":16.0,"key":"FearPotion"},{"floor":21.0,"key":"Regen Potion"},{"floor":24.0,"key":"Dexterity Potion"},{"floor":33.0,"key":"LiquidBronze"}],"is_trial":false,"path_per_floor":["M","?","M","M","?","R","M","R","T","M","E","T","R","M","R","B",null,"M","$","M","?","?","R","E","M","T","R","$","?","E","M","R","B",null,"M","?","M","?","?","E","M","E","T","M"],"character_chosen":"DOCTOR_CLASS","items_purchased":["ats:Spore Proliferation+1","Oddly Smooth Stone","ats:Hammer On"],"campfire_rested":1,"item_purchase_floors":[19,19,28],"current_hp_per_floor":[72,58,58,58,58,58,45,45,45,39,25,25,25,21,21,8,72,70,70,70,65,65,65,42,37,37,58,58,58,63,58,58,21,72,72,72,49,67,67,51,68,51,51,53,53],"gold":380,"neow_bonus":"THREE_ENEMY_KILL","is_daily":false,"chose_seed":false,"campfire_upgraded":6,"win_rate":0.0,"timestamp":1609239823,"path_taken":["M","?","M","M","?","R","M","R","T","?","E","?","R","M","R","BOSS","M","$","M","?","?","R","E","?","T","R","$","?","E","M","R","BOSS","M","?","?","?","?","E","M","E","T","?"],"items_purchased_type":["Card","Relic","Card"],"build_version":"2020-12-22","purchased_purges":1,"victory":false,"max_hp_per_floor":[72,72,72,72,72,72,72,72,72,72,72,72,72,72,72,72,72,72,72,72,72,72,72,72,72,72,72,72,72,72,72,72,72,72,72,72,72,72,72,72,72,72,72,72,72],"card_choices":[{"not_picked":["ats:Revitalization","ats:Apocalypse"],"picked":"ats:Encircling Forest","floor":1.0},{"not_picked":["ats:Flexible Camouflage","ats:Part Time Job"],"picked":"ats:Charging Defense","floor":3.0},{"not_picked":["ats:Steam Pump","ats:Childhood Dance"],"picked":"ats:True Silver Slash","floor":4.0},{"not_picked":["ats:Revitalization","ats:Cat Scratch"],"picked":"ats:Curse Doll","floor":7.0},{"not_picked":["ats:Soul Absorption","ats:Counter Healing Mode"],"picked":"ats:Chain Hook","floor":10.0},{"not_picked":["ats:Shell Defense+1","ats:Curse Doll+1"],"picked":"ats:Disruption Kick","floor":11.0},{"not_picked":["ats:Assault Order+1","ats:Flexible Camouflage+1"],"picked":"ats:Magnetic Hammer","floor":14.0},{"not_picked":["ats:Soul Rend","ats:Dogmatic Field"],"picked":"ats:Rat Pack+1","floor":16.0},{"not_picked":["ats:Curse Doll+1","ats:Powerful Strike"],"picked":"ats:Collapsing Strike","floor":18.0},{"not_picked":["ats:Support Order+1","ats:Childhood Dance+1"],"picked":"ats:Apocalypse+1","floor":20.0},{"not_picked":["ats:Defend Order","ats:Revitalization+1"],"picked":"ats:Beaten Up+1","floor":21.0},{"not_picked":["ats:Collapsing Strike","ats:Childhood Dance+1"],"picked":"ats:Composite Medical Shells+1","floor":24.0},{"not_picked":["ats:Leaping Hammer","ats:Childhood Dance+1","ats:Powerful Strike"],"picked":"SKIP","floor":25.0},{"not_picked":["ats:Encircling Forest+1","ats:Flexible Camouflage+1","ats:Cat Scratch"],"picked":"SKIP","floor":30.0},{"not_picked":["ats:Overload","ats:LN2 Cannon"],"picked":"ats:Automatic Cover+1","floor":31.0},{"not_picked":["ats:Echo Reverb+1","ats:True Silver Slash"],"picked":"ats:Calcification+1","floor":33.0},{"not_picked":["ats:Leaping Hammer+1","ats:Rapid Magazine"],"picked":"ats:Burning Ground+1","floor":35.0},{"not_picked":["ats:Flexible Camouflage+1","ats:Support Order+1"],"picked":"ats:Spore Proliferation+1","floor":37.0},{"not_picked":["ats:Leaping Hammer+1","ats:Powerful Strike"],"picked":"ats:Chain Hook+1","floor":40.0},{"not_picked":["ats:Support Order+1","ats:Assault Order+1","ats:Soul Absorption+1"],"picked":"SKIP","floor":41.0},{"not_picked":["ats:Powerful Strike","ats:Guardian Obelisk+1","ats:Defend Order+1"],"picked":"SKIP","floor":42.0}],"player_experience":1286661,"relics_obtained":[{"floor":9.0,"key":"Blue Candle"},{"floor":11.0,"key":"ats:Originium"},{"floor":11.0,"key":"Toxic Egg 2"},{"floor":12.0,"key":"ats:MaxSp1"},{"floor":21.0,"key":"Red Mask"},{"floor":24.0,"key":"ats:Originium"},{"floor":24.0,"key":"War Paint"},{"floor":26.0,"key":"ats:Berate"},{"floor":30.0,"key":"ats:Originium"},{"floor":30.0,"key":"PreservedInsect"},{"floor":40.0,"key":"ats:Originium"},{"floor":40.0,"key":"Smiling Mask"},{"floor":42.0,"key":"Blood Vial"},{"floor":43,"key":"Circlet"}],"event_choices":[{"damage_healed":0.0,"max_hp_gain":0.0,"max_hp_loss":0.0,"gold_gain":0.0,"event_name":"Shining Light","player_choice":"Entered Light","floor":2.0,"gold_loss":0.0,"damage_taken":14.0,"cards_upgraded":["ats:Defend","ats:Emotion Absorption"]},{"damage_healed":0.0,"max_hp_gain":0.0,"max_hp_loss":0.0,"gold_gain":0.0,"event_name":"Wheel of Change","player_choice":"Cursed","floor":5.0,"gold_loss":0.0,"damage_taken":0.0,"cards_obtained":["Decay"]},{"damage_healed":0.0,"max_hp_gain":0.0,"max_hp_loss":0.0,"gold_gain":0.0,"event_name":"Masked Bandits","player_choice":"Fought Bandits","floor":21.0,"gold_loss":0.0,"damage_taken":0.0},{"damage_healed":0.0,"max_hp_gain":0.0,"max_hp_loss":0.0,"gold_gain":0.0,"event_name":"Ghosts","player_choice":"Ignored","floor":22.0,"gold_loss":0.0,"damage_taken":0.0},{"cards_removed":["ats:Strike V"],"damage_healed":0.0,"max_hp_gain":0.0,"max_hp_loss":0.0,"gold_gain":0.0,"event_name":"Back to Basics","player_choice":"Elegance","floor":29.0,"gold_loss":0.0,"damage_taken":0.0},{"damage_healed":0.0,"max_hp_gain":0.0,"max_hp_loss":0.0,"gold_gain":0.0,"event_name":"NoteForYourself","player_choice":"Ignored","floor":36.0,"gold_loss":0.0,"damage_taken":0.0},{"damage_healed":18.0,"max_hp_gain":0.0,"max_hp_loss":0.0,"gold_gain":0.0,"event_name":"Winding Halls","player_choice":"Writhe","floor":38.0,"gold_loss":0.0,"damage_taken":0.0,"cards_obtained":["Writhe"]},{"damage_healed":0.0,"max_hp_gain":0.0,"max_hp_loss":0.0,"gold_gain":0.0,"event_name":"The Woman in Blue","player_choice":"Bought 0 Potions","floor":39.0,"gold_loss":0.0,"damage_taken":0.0}],"is_beta":false,"boss_relics":[{"not_picked":["Snecko Eye","Astrolabe"],"picked":"ats:Tactical Delivery"},{"not_picked":["Philosopher\u0027s Stone","Coffee Dripper"],"picked":"ats:Sanity Plus"}],"items_purged_floors":[28],"is_endless":false,"potions_floor_spawned":[4,10,11,16,21,24,25,30,33,35,40],"killed_by":"4 Shapes","ascension_level":0}}