{"host":"novohdx135h0xyrr","time":1609259766,"event":{"mods":["BaseMod","Colored Map","Colored Powertips","Highlight Path","Minty Spire (QoL Compilation)"],"gold_per_floor":[112,112,112,122,136,163,163,195,221,240,190,190,217,217,217,319,319,329,329,345,364,364,364,364],"floor_reached":23,"playtime":1936,"items_purged":[],"score":272,"play_id":"fdda1def-5e7c-42ff-b588-65505d0cd4c0","local_time":"20201229083606","is_ascension_mode":true,"campfire_choices":[{"floor":7,"key":"REST"},{"data":"White Noise","floor":12,"key":"SMITH"},{"data":"Cold Snap","floor":15,"key":"SMITH"}],"circlet_count":0,"master_deck":["Strike_B","Strike_B","Strike_B","Strike_B","Defend_B","Defend_B","Defend_B","Zap+1","Dualcast","Cold Snap+1","Compile Driver","Cold Snap+1","Lockon","White Noise+1","Coolheaded","Capacitor","Rainbow","Rebound+1","Zap","Self Repair","Barrage"],"relics":["Cracked Core","Anchor","Strawberry","Regal Pillow","Centennial Puzzle","Meat on the Bone","Philosopher\u0027s Stone","Nilry\u0027s Codex"],"acts_visited":["Exordium","TheCity"],"potions_floor_usage":[6,8,13,16,23,23],"damage_taken":[{"damage":6,"enemies":"Small Slimes","floor":1,"turns":3},{"damage":6,"enemies":"Jaw Worm","floor":4,"turns":4},{"damage":0,"enemies":"2 Louse","floor":5,"turns":2},{"damage":3,"enemies":"Lagavulin","floor":6,"turns":6},{"damage":8,"enemies":"Gremlin Nob","floor":8,"turns":3},{"damage":2,"enemies":"Exordium Thugs","floor":10,"turns":4},{"damage":15,"enemies":"Lagavulin","floor":13,"turns":6},{"damage":0,"enemies":"Slime Boss","floor":16,"turns":11},{"damage":19,"enemies":"2 Thieves","floor":18,"turns":4},{"damage":25,"enemies":"3 Byrds","floor":20,"turns":4},{"damage":28,"enemies":"Snake Plant","floor":21,"turns":4},{"damage":35,"enemies":"Gremlin Leader","floor":23,"turns":6}],"seed_played":"-5472970073109353404","potions_obtained":[{"floor":0,"key":"DistilledChaos"},{"floor":0,"key":"FocusPotion"},{"floor":0,"key":"LiquidMemories"},{"floor":8,"key":"GamblersBrew"},{"floor":16,"key":"Energy Potion"},{"floor":18,"key":"GamblersBrew"}],"is_trial":false,"path_per_floor":["M","?","?","M","M","E","R","E","T","M","?","R","E","T","R","B",null,"M","?","M","M","?","E"],"character_chosen":"DEFECT","items_purchased":[],"campfire_rested":1,"item_purchase_floors":[],"current_hp_per_floor":[69,54,54,48,48,45,67,66,66,64,64,64,49,49,49,49,82,63,63,50,41,25,0,0],"gold":364,"neow_bonus":"THREE_SMALL_POTIONS","is_daily":false,"chose_seed":false,"campfire_upgraded":2,"win_rate":0.0,"timestamp":1609259766,"path_taken":["M","?","?","M","M","E","R","E","T","M","?","R","E","?","R","BOSS","M","?","M","?","?","E"],"items_purchased_type":[],"build_version":"2020-12-22","purchased_purges":0,"victory":false,"max_hp_per_floor":[75,75,75,75,75,75,75,82,82,82,82,82,82,82,82,82,82,82,82,82,82,82,82,82],"card_choices":[{"not_picked":["Gash","Conserve Battery"],"picked":"Cold Snap","floor":1},{"not_picked":["Streamline","Double Energy"],"picked":"Compile Driver","floor":4},{"not_picked":["Auto Shields","Doom and Gloom"],"picked":"Cold Snap","floor":5},{"not_picked":["Turbo","Loop"],"picked":"Lockon","floor":6},{"not_picked":["Turbo","Amplify"],"picked":"White Noise","floor":8},{"not_picked":["Sweeping Beam","Leap"],"picked":"Coolheaded","floor":10},{"not_picked":["Coolheaded","Cold Snap"],"picked":"Capacitor","floor":13},{"not_picked":["Multi-Cast","All For One"],"picked":"Rainbow","floor":16},{"not_picked":["Streamline","White Noise"],"picked":"Rebound+1","floor":18},{"not_picked":["Self Repair","Undo+1","Reprogram"],"picked":"SKIP","floor":20},{"not_picked":["Gash","Conserve Battery+1"],"picked":"Barrage","floor":21}],"player_experience":143608,"relics_obtained":[{"floor":6,"key":"Anchor"},{"floor":8,"key":"Strawberry"},{"floor":9,"key":"Regal Pillow"},{"floor":13,"key":"Centennial Puzzle"},{"floor":14,"key":"Meat on the Bone"},{"floor":22,"key":"Nilry\u0027s Codex"}],"event_choices":[{"damage_healed":0,"gold_gain":0,"player_choice":"Entered Light","damage_taken":15,"max_hp_gain":0,"max_hp_loss":0,"event_name":"Shining Light","floor":2,"gold_loss":0,"cards_upgraded":["Zap","Cold Snap"]},{"damage_healed":0,"gold_gain":0,"player_choice":"Ignored","damage_taken":0,"max_hp_gain":0,"max_hp_loss":0,"event_name":"Liars Game","floor":3,"gold_loss":0},{"cards_removed":["Defend_B"],"damage_healed":0,"gold_gain":0,"player_choice":"Card Removal","damage_taken":0,"max_hp_gain":0,"max_hp_loss":0,"event_name":"The Cleric","floor":11,"gold_loss":50},{"damage_healed":0,"gold_gain":0,"player_choice":"2 cards matched","damage_taken":0,"max_hp_gain":0,"max_hp_loss":0,"event_name":"Match and Keep!","floor":19,"gold_loss":0,"cards_obtained":["Zap","Self Repair"]},{"damage_healed":0,"gold_gain":0,"player_choice":"Obtained Book","damage_taken":16,"max_hp_gain":0,"max_hp_loss":0,"event_name":"Cursed Tome","floor":22,"gold_loss":0}],"is_beta":false,"boss_relics":[{"not_picked":["Black Star","Snecko Eye"],"picked":"Philosopher\u0027s Stone"}],"items_purged_floors":[],"is_endless":false,"potions_floor_spawned":[5,8,16,18],"killed_by":"Gremlin Leader","ascension_level":1}}