{"host":"ixenv8b8actib82w","time":1609245803,"event":{"mods":["Act Like it!","BaseMod","Conspire","Downfall","Gremlin Mod","Hallownest","Lobotomy","Minty Spire (QoL Compilation)","Replay The Spire","Spicy Shops","StSLib","The Gatherer","The Jungle","The Marked","The Runesmith","vexMod"],"gold_per_floor":[111,203,222,237,247,277,306,306,306],"floor_reached":8,"playtime":706,"items_purged":[],"score":58,"play_id":"3082c5a3-fc16-406d-883e-86998b4268b6","local_time":"20201229204323","is_ascension_mode":false,"campfire_choices":[],"circlet_count":0,"master_deck":["Strike_G","Strike_G","Strike_G","Strike_G","Strike_G","Defend_G","Defend_G","Defend_G","Defend_G","Defend_G","Survivor","Neutralize","Scorched","PiercingWail","Toxin Wave","WallGazer","Footwork","MeltingLove","Caltrops","Murderer","Crippling Poison","MHz","Deflect","UniverseFragment","Toxin Wave"],"relics":["Ring of the Snake","CogitoBucket","Happy Flower","Runesmith:AutoHammer","Regal Pillow"],"acts_visited":["Exordium"],"potions_floor_usage":[6,6,8],"damage_taken":[{"damage":1,"enemies":"Jaw Worm","floor":1,"turns":6},{"damage":0,"enemies":"Cultist","floor":3,"turns":2},{"damage":2,"enemies":"Small Slimes","floor":4,"turns":2},{"damage":8,"enemies":"Looter","floor":5,"turns":4},{"damage":14,"enemies":"3 Sentries","floor":6,"turns":4},{"damage":14,"enemies":"conspire:MimicChest","floor":7,"turns":6},{"damage":43,"enemies":"Lagavulin","floor":8,"turns":5}],"seed_played":"6571635428267905411","potions_obtained":[{"floor":3,"key":"CunningPotion"},{"floor":5,"key":"conspire:TimeTravelPotion"},{"floor":7,"key":"EssenceOfSteel"}],"is_trial":false,"path_per_floor":["M","?","M","M","M","E","?","E"],"character_chosen":"THE_SILENT","items_purchased":[],"campfire_rested":0,"item_purchase_floors":[],"current_hp_per_floor":[69,69,69,67,59,57,43,0,0],"gold":306,"neow_bonus":"","is_daily":false,"chose_seed":false,"campfire_upgraded":0,"win_rate":0.0,"timestamp":1609245803,"path_taken":["M","?","?","?","?","E","?","E"],"items_purchased_type":[],"build_version":"2020-12-22","purchased_purges":0,"victory":false,"max_hp_per_floor":[70,70,70,70,70,70,70,70,70],"card_choices":[{"not_picked":["BeautyBeast","CherryBlossoms"],"picked":"Scorched","floor":1},{"not_picked":["Underhanded Strike","Dash"],"picked":"PiercingWail","floor":1},{"not_picked":["ReplayTheSpireMod:Shiv Toss","Backstab"],"picked":"Toxin Wave","floor":2},{"not_picked":["HeroicMonk","SpiderBud"],"picked":"WallGazer","floor":3},{"not_picked":["Slice","Hidden Blade"],"picked":"Footwork","floor":3},{"not_picked":["OSAHOGD","CherryBlossoms","Bloodbath"],"picked":"Singing Bowl","floor":4},{"not_picked":["NakedNest","OldLady"],"picked":"MeltingLove","floor":4},{"not_picked":["Outmaneuver","Dodge and Roll"],"picked":"Caltrops","floor":4},{"not_picked":["HeroicMonk","Bloodbath","OSAHOGD"],"picked":"Singing Bowl","floor":5},{"not_picked":["BeautyBeast","OldLady"],"picked":"Murderer","floor":5},{"not_picked":["Expertise","Acrobatics"],"picked":"Crippling Poison","floor":5},{"not_picked":["FairyFestival","OSAHOGD","SpiderBud"],"picked":"Singing Bowl","floor":6},{"not_picked":["Variant","FairyFestival"],"picked":"MHz","floor":6},{"not_picked":["Underhanded Strike","PiercingWail"],"picked":"Deflect","floor":6},{"not_picked":["Woodsman","Bloodbath"],"picked":"UniverseFragment","floor":7},{"not_picked":["Tactician","Dagger Spray"],"picked":"Toxin Wave","floor":7}],"player_experience":97682,"relics_obtained":[{"floor":2,"key":"Happy Flower"},{"floor":6,"key":"Runesmith:AutoHammer"},{"floor":7,"key":"Regal Pillow"}],"event_choices":[],"is_beta":false,"boss_relics":[],"items_purged_floors":[],"is_endless":false,"potions_floor_spawned":[3,5,7],"killed_by":"Lagavulin","ascension_level":0}}