{"host":"x1qj4d8ympd5jdqh","time":1609210277,"event":{"mods":["AchievementEnabler","AlwaysNeverKeys","BaseMod","Colored Map","Custom Start","DeckTracker","Highlight Path","Minty Spire (QoL Compilation)","StSLib","SuperFastMode"],"gold_per_floor":[116,133,147,147,166,166,48,48,48,68,68,80,5,25,25,102,102,112,126,26,42,42,42,42],"floor_reached":23,"playtime":671,"items_purged":["Strike_G","Strike_G"],"score":370,"play_id":"93206940-a3f8-4567-8afe-778e8945c500","local_time":"20201229115117","is_ascension_mode":true,"campfire_choices":[{"data":"Strike_G","floor":6.0,"key":"PURGE"},{"data":"Strike_G","floor":8.0,"key":"PURGE"},{"floor":11.0,"key":"REST"},{"data":"Eviscerate","floor":15,"key":"SMITH"}],"circlet_count":0,"master_deck":["AscendersBane","Strike_G","Defend_G","Defend_G","Defend_G","Defend_G","Defend_G","Survivor","Neutralize","Dagger Throw","Acrobatics","Blade Dance","Reflex","Eviscerate+1","Tactician","Terror","Prepared","Decay"],"relics":["Ring of the Snake","Peace Pipe","Runic Pyramid"],"acts_visited":["Exordium","TheCity"],"potions_floor_usage":[14,16],"damage_taken":[{"damage":16.0,"enemies":"Jaw Worm","floor":1.0,"turns":5.0},{"damage":0.0,"enemies":"Cultist","floor":2.0,"turns":3.0},{"damage":0.0,"enemies":"Small Slimes","floor":3.0,"turns":4.0},{"damage":11.0,"enemies":"Looter","floor":5.0,"turns":3.0},{"damage":16.0,"enemies":"2 Fungi Beasts","floor":10.0,"turns":4.0},{"damage":0.0,"enemies":"Blue Slaver","floor":12.0,"turns":3.0},{"damage":3,"enemies":"Lots of Slimes","floor":14,"turns":3},{"damage":8,"enemies":"Hexaghost","floor":16,"turns":6},{"damage":12,"enemies":"2 Thieves","floor":18,"turns":3},{"damage":4,"enemies":"Chosen","floor":19,"turns":3},{"damage":31,"enemies":"Sentry and Sphere","floor":21,"turns":5},{"damage":0,"enemies":"Cultist and Chosen","floor":23,"turns":1}],"seed_played":"-3022830358439689821","potions_obtained":[{"floor":10.0,"key":"ColorlessPotion"},{"floor":12.0,"key":"GamblersBrew"}],"is_trial":false,"path_per_floor":["M","M","M","?","M","R","$","R","T","M","R","M","$","M","R","B",null,"M","M","$","M","?","M"],"character_chosen":"THE_SILENT","items_purchased":["Eviscerate","Tactician"],"campfire_rested":1,"item_purchase_floors":[7,7],"current_hp_per_floor":[43,43,43,43,32,32,32,32,32,16,34,34,34,31,31,23,51,39,35,35,4,4,4,4],"gold":42,"neow_bonus":"ONE_RARE_RELIC","is_daily":false,"chose_seed":false,"campfire_upgraded":1,"win_rate":0.0,"timestamp":1609210277,"path_taken":["M","M","M","?","M","R","$","R","T","M","R","M","?","M","R","BOSS","M","M","$","?","?","M"],"items_purchased_type":["Card","Card"],"build_version":"2020-12-22","purchased_purges":2,"victory":false,"max_hp_per_floor":[60,60,60,60,60,60,60,60,60,60,60,60,60,60,60,60,60,60,60,60,60,60,60,60],"card_choices":[{"not_picked":["PiercingWail","Acrobatics"],"picked":"Dagger Throw","floor":1.0},{"not_picked":["Dodge and Roll","Expertise"],"picked":"Acrobatics","floor":2.0},{"not_picked":["Flechettes","Heel Hook"],"picked":"Blade Dance","floor":3.0},{"not_picked":["Riddle With Holes","Quick Slash","Dodge and Roll"],"picked":"SKIP","floor":5.0},{"not_picked":["Cloak And Dagger","Flying Knee","Catalyst"],"picked":"SKIP","floor":10.0},{"not_picked":["PiercingWail","Slice"],"picked":"Terror","floor":12.0},{"not_picked":["Dodge and Roll","Concentrate","Finisher"],"picked":"SKIP","floor":14},{"not_picked":["Flechettes","Acrobatics"],"picked":"Prepared","floor":18},{"not_picked":["Backflip","Dash","Dagger Spray"],"picked":"SKIP","floor":19},{"not_picked":["Bane","Accuracy","Blade Dance"],"picked":"SKIP","floor":21}],"player_experience":1284540,"relics_obtained":[],"event_choices":[{"damage_healed":0.0,"max_hp_gain":0.0,"max_hp_loss":0.0,"gold_gain":0.0,"event_name":"Match and Keep!","player_choice":"1 cards matched","floor":4.0,"gold_loss":0.0,"damage_taken":0.0,"cards_obtained":["Reflex"]},{"damage_healed":0.0,"max_hp_gain":0.0,"max_hp_loss":0.0,"gold_gain":0.0,"event_name":"Match and Keep!","player_choice":"1 cards matched","floor":4.0,"gold_loss":0.0,"damage_taken":0.0,"cards_obtained":["Reflex"]},{"damage_healed":0,"gold_gain":0,"player_choice":"Smashed Altar","damage_taken":0,"max_hp_gain":0,"max_hp_loss":0,"event_name":"Forgotten Altar","floor":22,"gold_loss":0,"cards_obtained":["Decay"]}],"is_beta":false,"boss_relics":[{"not_picked":["Tiny House","Ring of the Serpent"],"picked":"Runic Pyramid"}],"items_purged_floors":[13,20],"is_endless":false,"potions_floor_spawned":[10,12],"killed_by":"Cultist and Chosen","ascension_level":20}}