{"host":"od099uxc49ip1k8b","time":1609286270,"event":{"mods":["AchievementEnabler","Act Like it!","BaseMod","Downfall","Friendly Minions","Gensokyo","Hermit","Highlight Path","Infinite Spire","Koishi","KomeijiMod","Marisa????????","Minty Spire (QoL Compilation)","Quick Restart","Rare Cards Sparkle","Reimu??????","Remilia??????","Replay The Spire","StSLib","Td1madao Mod","The Administrix","The Alterego","The Animator","The Cursed","The Gatherer","The Servant 0.9.4","The Wild Card","Waifu the Spire","WarShipGirlsR/????R mod","Yohane!","Yuyuko"],"gold_per_floor":[123,145,177,197,212,212,225,225,251,265,265,265,297,316,316,431,431,447,464,484,498,408,408,408],"floor_reached":23,"playtime":2989,"items_purged":[],"score":191,"play_id":"87495621-a783-4cb8-9424-db22a6dc6637","local_time":"20201229185750","is_ascension_mode":false,"campfire_choices":[{"data":"animator:Benimaru","floor":6,"key":"SMITH"},{"floor":8,"key":"REST"},{"data":"animator:CrowleyEusford","floor":11,"key":"SMITH"},{"floor":15,"key":"REST"}],"circlet_count":0,"master_deck":["animator:Strike_Konosuba","animator:Defend_Konosuba","animator:Strike+1","animator:Strike+1","animator:Strike","animator:Defend","animator:Defend","animator:Defend","animator:Kazuma","animator:Aqua","animator:Entoma+4","animator:Shuna","animator:CrowleyEusford+1","animator:Megumin+5","animator:Benimaru+1","animator:Spearman","animator:Yoichi","animator:Darkness","animator:GoblinSlayer","animator:FeridBathory","animator:Mitsurugi","animator:Mitsuba"],"relics":["animator:LivingPicture","animator:TheMissingPiece","Mark of Pain"],"acts_visited":["Exordium","TheCity"],"potions_floor_usage":[16,16,23,23,23],"damage_taken":[{"damage":11,"enemies":"Cultist","floor":1,"turns":6},{"damage":1,"enemies":"2 Louse","floor":2,"turns":5},{"damage":0,"enemies":"Small Slimes","floor":3,"turns":4},{"damage":8,"enemies":"2 Fungi Beasts","floor":4,"turns":5},{"damage":13,"enemies":"Large Slime","floor":5,"turns":7},{"damage":9,"enemies":"Exordium Thugs","floor":7,"turns":5},{"damage":2,"enemies":"2 Fungi Beasts","floor":10,"turns":3},{"damage":8,"enemies":"Exordium Wildlife","floor":13,"turns":4},{"damage":0,"enemies":"3 Louse","floor":14,"turns":1},{"damage":26,"enemies":"The Guardian","floor":16,"turns":10},{"damage":19,"enemies":"3 Byrds","floor":18,"turns":5},{"damage":16,"enemies":"2 Thieves","floor":19,"turns":4},{"damage":14,"enemies":"Chosen and Byrds","floor":20,"turns":6},{"damage":27,"enemies":"Snake Plant","floor":21,"turns":4},{"damage":25,"enemies":"Slavers","floor":23,"turns":3}],"seed_played":"1059319114563548255","potions_obtained":[{"floor":1,"key":"ZuzhouPotion:ReiMu"},{"floor":3,"key":"Block Potion"},{"floor":4,"key":"animator:GrowthPotion"},{"floor":16,"key":"BlessingOfTheForge"},{"floor":18,"key":"Explosive Potion"}],"is_trial":false,"path_per_floor":["M","M","M","M","M","R","M","R","T","M","R","?","M","M","R","B",null,"M","M","M","M","?","E"],"character_chosen":"THE_ANIMATOR","items_purchased":[],"campfire_rested":2,"item_purchase_floors":[],"current_hp_per_floor":[57,60,64,59,48,48,42,63,63,64,64,49,46,46,67,46,73,59,51,42,21,21,0,0],"gold":408,"neow_bonus":"THREE_CARDS","is_daily":false,"chose_seed":false,"campfire_upgraded":2,"win_rate":0.0,"timestamp":1609286270,"path_taken":["M","M","M","M","M","R","M","R","T","M","R","?","M","M","R","BOSS","M","M","M","M","?","E"],"items_purchased_type":[],"build_version":"2020-12-22","purchased_purges":0,"victory":false,"max_hp_per_floor":[66,68,70,71,71,71,72,72,72,73,73,73,73,73,73,73,73,73,76,76,77,77,77,77],"card_choices":[{"not_picked":["animator:Assassin","animator:Kaijin"],"picked":"animator:Entoma","floor":0},{"not_picked":["animator:Sonic","animator:Kazuma"],"picked":"animator:Shuna","floor":1},{"not_picked":["animator:Kaijin","animator:Shalltear"],"picked":"animator:CrowleyEusford","floor":2},{"not_picked":["animator:Shigure","animator:Entoma"],"picked":"animator:Megumin","floor":3},{"not_picked":["animator:Vesta","animator:Kaijin"],"picked":"animator:Benimaru","floor":4},{"not_picked":["animator:Assassin","animator:Geryuganshoop"],"picked":"animator:Spearman","floor":5},{"not_picked":["animator:Vesta","animator:Entoma"],"picked":"animator:Yoichi","floor":7},{"not_picked":["animator:Benimaru","animator:CrowleyEusford"],"picked":"animator:Eris","floor":10},{"not_picked":["animator:Kazuma","animator:Chris"],"picked":"animator:Darkness","floor":13},{"not_picked":["animator:Geryuganshoop","animator:Illya"],"picked":"animator:GoblinSlayer","floor":14},{"not_picked":["animator:Eris","animator:Hans"],"picked":"animator:FeridBathory","floor":16},{"not_picked":["animator:Shigure+1","animator:Illya","animator:Verdia"],"picked":"SKIP","floor":18},{"not_picked":["animator:Caster","animator:Tatsumaki"],"picked":"animator:Mitsurugi","floor":19},{"not_picked":["animator:Chris","animator:Vanir"],"picked":"animator:Darkness","floor":20},{"not_picked":["animator:Millim","animator:Alexander"],"picked":"animator:Mitsuba","floor":21}],"player_experience":183713,"relics_obtained":[],"event_choices":[{"damage_healed":0,"gold_gain":0,"player_choice":"Entered Light","damage_taken":15,"max_hp_gain":0,"max_hp_loss":0,"event_name":"Shining Light","floor":12,"gold_loss":0,"cards_upgraded":["animator:Strike","animator:Strike"]},{"cards_removed":["animator:Darkness"],"damage_healed":0,"gold_gain":0,"player_choice":"Upgrade and Remove","damage_taken":0,"max_hp_gain":0,"max_hp_loss":0,"event_name":"Designer","floor":22,"gold_loss":90,"cards_upgraded":["animator:Entoma"]}],"is_beta":false,"boss_relics":[{"not_picked":["Ectoplasm","Replay:Wanted Poster"],"picked":"Mark of Pain"}],"items_purged_floors":[],"is_endless":false,"potions_floor_spawned":[1,3,4,16,18,20],"killed_by":"Slavers","ascension_level":0}}