{"host":"dpbezu80jg8zk7un","time":1609259431,"event":{"mods":["BaseMod","Colored Map","Colored Powertips","Custom Start","DeckTracker","Minty Spire (QoL Compilation)","Quick Restart","StSLib","SuperFastMode"],"gold_per_floor":[118,137,155,172,192,192,227,227,227,257,106,123,153,153,153,225,225,238,238,250,150,150,150,167,167,167,196,196,209,244,119,119,196,196,213,227,246,96,0,32,32,64,64,90,102,142,67,47,47,47,47,47,47,47,79,79],"floor_reached":57,"playtime":2206,"items_purged":["Strike_P","Defend_P","Nirvana+1","Defend_P+1"],"score":3352,"play_id":"b3b3a578-7641-4048-851e-31da24857db8","local_time":"20201230013031","is_ascension_mode":true,"campfire_choices":[{"floor":6.0,"key":"REST"},{"data":"EmptyMind","floor":8.0,"key":"SMITH"},{"floor":15.0,"key":"RECALL"},{"floor":23.0,"key":"REST"},{"data":"Scrawl","floor":28.0,"key":"SMITH"},{"floor":32.0,"key":"REST"},{"floor":41.0,"key":"REST"},{"floor":45.0,"key":"REST"},{"data":"Meditate","floor":49.0,"key":"SMITH"},{"floor":53,"key":"REST"}],"circlet_count":0,"master_deck":["AscendersBane","Strike_P+1","Strike_P+1","Defend_P+1","Eruption+1","Vigilance+1","LessonLearned+1","EmptyMind+1","FollowUp+1","Tantrum+1","Scrawl+1","Establishment+1","Scrawl+1","Blasphemy+1","InnerPeace+1","MentalFortress+1","FlurryOfBlows+1","Vault+1","Meditate+1"],"relics":["PureWater","Kunai","Shuriken","Matryoshka","Whetstone","VioletLotus","Centennial Puzzle","InkBottle","Regal Pillow","Mercury Hourglass","GoldenEye","Happy Flower","Sozu","Red Mask","Bottled Tornado","Gambling Chip","MawBank","Lizard Tail","Bag of Preparation"],"acts_visited":["Exordium","TheCity","TheBeyond","TheEnding"],"potions_floor_usage":[56],"damage_taken":[{"damage":5.0,"enemies":"Cultist","floor":1.0,"turns":4.0},{"damage":0.0,"enemies":"Small Slimes","floor":2.0,"turns":2.0},{"damage":0.0,"enemies":"Jaw Worm","floor":3.0,"turns":8.0},{"damage":10.0,"enemies":"Exordium Wildlife","floor":4.0,"turns":3.0},{"damage":3.0,"enemies":"Blue Slaver","floor":5.0,"turns":3.0},{"damage":0.0,"enemies":"Gremlin Nob","floor":7.0,"turns":2.0},{"damage":5.0,"enemies":"Lagavulin","floor":10.0,"turns":3.0},{"damage":0.0,"enemies":"Gremlin Gang","floor":12.0,"turns":3.0},{"damage":21.0,"enemies":"3 Sentries","floor":13.0,"turns":4.0},{"damage":18.0,"enemies":"Hexaghost","floor":16.0,"turns":7.0},{"damage":0.0,"enemies":"2 Thieves","floor":18.0,"turns":2.0},{"damage":12.0,"enemies":"3 Byrds","floor":20.0,"turns":4.0},{"damage":0.0,"enemies":"Centurion and Healer","floor":24.0,"turns":3.0},{"damage":0.0,"enemies":"Gremlin Leader","floor":27.0,"turns":4.0},{"damage":0.0,"enemies":"Cultist and Chosen","floor":29.0,"turns":4.0},{"damage":26.0,"enemies":"Slavers","floor":30.0,"turns":2.0},{"damage":14.0,"enemies":"Champ","floor":33.0,"turns":4.0},{"damage":0.0,"enemies":"3 Shapes","floor":35.0,"turns":1.0},{"damage":1.0,"enemies":"3 Darklings","floor":36.0,"turns":2.0},{"damage":0.0,"enemies":"Jaw Worm Horde","floor":37.0,"turns":2.0},{"damage":0.0,"enemies":"Reptomancer","floor":40.0,"turns":3.0},{"damage":0.0,"enemies":"Giant Head","floor":42.0,"turns":2.0},{"damage":0.0,"enemies":"Reptomancer","floor":44.0,"turns":2.0},{"damage":0.0,"enemies":"Nemesis","floor":46.0,"turns":1.0},{"damage":18,"enemies":"Donu and Deca","floor":50,"turns":5},{"damage":0,"enemies":"Time Eater","floor":51,"turns":5},{"damage":0,"enemies":"Shield and Spear","floor":55,"turns":2},{"damage":76,"enemies":"The Heart","floor":56,"turns":7}],"seed_played":"-4811072999458329891","potions_obtained":[{"floor":3.0,"key":"Weak Potion"},{"floor":5.0,"key":"Fire Potion"},{"floor":10.0,"key":"LiquidMemories"},{"floor":16.0,"key":"SkillPotion"},{"floor":18.0,"key":"Dexterity Potion"},{"floor":30.0,"key":"FairyPotion"},{"floor":33.0,"key":"Strength Potion"}],"is_trial":false,"path_per_floor":["M","M","M","M","M","R","E","R","T","E","$","M","E","?","R","B",null,"M","?","M","$","?","R","M","T","T","E","R","M","E","$","R","B",null,"M","M","M","$","?","E","R","E","T","E","R","E","$","?","R","B","B",null,"R","$","E","B",null],"character_chosen":"WATCHER","items_purchased":["Scrawl","Meditate"],"campfire_rested":6,"item_purchase_floors":[11,47],"current_hp_per_floor":[38,38,38,28,25,45,45,45,45,40,40,40,19,19,19,1,51,51,51,39,39,39,59,59,59,59,59,59,59,33,33,68,54,65,65,64,64,64,64,64,68,68,68,68,68,68,68,68,68,50,50,64,68,68,68,13],"gold":79,"neow_bonus":"THREE_RARE_CARDS","is_daily":false,"chose_seed":false,"campfire_upgraded":3,"win_rate":0.0,"timestamp":1609259431,"path_taken":["M","M","?","M","?","R","E","R","T","E","?","M","E","?","R","BOSS","M","?","M","$","?","R","M","?","T","E","R","?","E","$","R","BOSS","M","M","?","$","?","E","R","E","T","E","R","E","?","?","R","BOSS","BOSS","R","$","E","BOSS"],"items_purchased_type":["Card","Card"],"build_version":"2020-12-22","purchased_purges":4,"victory":true,"max_hp_per_floor":[68,68,68,68,68,68,68,68,68,68,68,68,68,68,68,68,68,68,68,68,68,68,68,68,68,68,68,68,68,68,68,68,68,68,68,68,68,68,68,68,68,68,68,68,68,68,68,68,68,68,68,68,68,68,68,68],"card_choices":[{"not_picked":["Scrawl","Vault"],"picked":"LessonLearned","floor":0.0},{"not_picked":["Crescendo","SashWhip"],"picked":"EmptyMind","floor":1.0},{"not_picked":["ClearTheMind","DevaForm","FlyingSleeves"],"picked":"SKIP","floor":2.0},{"not_picked":["Prostrate","Sanctity"],"picked":"FollowUp","floor":3.0},{"not_picked":["ThirdEye","BowlingBash","PathToVictory"],"picked":"SKIP","floor":4.0},{"not_picked":["CutThroughFate","LikeWater","Fasting2"],"picked":"SKIP","floor":5.0},{"not_picked":["Consecrate","Halt"],"picked":"Tantrum","floor":7.0},{"not_picked":["Indignation","Nirvana","JustLucky"],"picked":"SKIP","floor":10.0},{"not_picked":["Establishment","CutThroughFate","SignatureMove"],"picked":"SKIP","floor":12.0},{"not_picked":["CutThroughFate","SignatureMove"],"picked":"Establishment","floor":12.0},{"not_picked":["BowlingBash","ClearTheMind","Crescendo"],"picked":"SKIP","floor":13.0},{"not_picked":["Ragnarok","ConjureBlade"],"picked":"Scrawl","floor":16.0},{"not_picked":["EmptyMind","ClearTheMind","FlyingSleeves+1"],"picked":"SKIP","floor":18.0},{"not_picked":["Protect","ClearTheMind+1"],"picked":"InnerPeace","floor":20.0},{"not_picked":["SandsOfTime","FlurryOfBlows"],"picked":"MentalFortress+1","floor":24.0},{"not_picked":["Scrawl","Pray","Consecrate"],"picked":"SKIP","floor":27.0},{"not_picked":["Protect+1","CutThroughFate"],"picked":"FlurryOfBlows+1","floor":29.0},{"not_picked":["Fasting2","Study","ForeignInfluence"],"picked":"SKIP","floor":30.0},{"not_picked":["DevaForm","Scrawl"],"picked":"Vault","floor":33.0},{"not_picked":["FlurryOfBlows","Evaluate","FollowUp"],"picked":"SKIP","floor":35.0},{"not_picked":["Halt","DeceiveReality","BowlingBash"],"picked":"SKIP","floor":36.0},{"not_picked":["ThirdEye","BowlingBash","Consecrate"],"picked":"SKIP","floor":37.0},{"not_picked":["Omniscience","Pray+1","FlyingSleeves+1"],"picked":"SKIP","floor":40.0},{"not_picked":["EmptyMind","SignatureMove","DeceiveReality"],"picked":"SKIP","floor":42.0},{"not_picked":["CutThroughFate","FlyingSleeves+1","Halt"],"picked":"SKIP","floor":44.0},{"not_picked":["JustLucky+1","Evaluate","Prostrate"],"picked":"SKIP","floor":46.0},{"not_picked":["Meditate+1","BowlingBash","CarveReality+1"],"picked":"SKIP","floor":55}],"player_experience":2796621,"relics_obtained":[{"floor":7.0,"key":"Kunai"},{"floor":9.0,"key":"Shuriken"},{"floor":10.0,"key":"Matryoshka"},{"floor":13.0,"key":"Whetstone"},{"floor":25.0,"key":"Centennial Puzzle"},{"floor":25.0,"key":"InkBottle"},{"floor":26.0,"key":"Regal Pillow"},{"floor":26.0,"key":"Mercury Hourglass"},{"floor":27.0,"key":"GoldenEye"},{"floor":30.0,"key":"Happy Flower"},{"floor":40.0,"key":"Bottled Tornado"},{"floor":42.0,"key":"Gambling Chip"},{"floor":44.0,"key":"MawBank"},{"floor":46.0,"key":"Lizard Tail"},{"floor":55,"key":"Bag of Preparation"}],"event_choices":[{"damage_healed":0.0,"max_hp_gain":0.0,"max_hp_loss":0.0,"gold_gain":0.0,"event_name":"Shining Light","player_choice":"Ignored","floor":14.0,"gold_loss":0.0,"damage_taken":0.0},{"damage_healed":0.0,"max_hp_gain":0.0,"max_hp_loss":0.0,"gold_gain":0.0,"cards_transformed":["Defend_P","Strike_P"],"event_name":"Drug Dealer","player_choice":"Became Test Subject","floor":19.0,"gold_loss":0.0,"damage_taken":0.0,"cards_obtained":["Nirvana","Blasphemy"]},{"damage_healed":0.0,"max_hp_gain":0.0,"max_hp_loss":0.0,"gold_gain":0.0,"event_name":"Vampires","player_choice":"Ignored","floor":22.0,"gold_loss":0.0,"damage_taken":0.0},{"damage_healed":0.0,"max_hp_gain":0.0,"max_hp_loss":0.0,"gold_gain":0.0,"event_name":"Tomb of Lord Red Mask","player_choice":"Paid","floor":39.0,"gold_loss":96.0,"damage_taken":0.0,"relics_obtained":["Red Mask"]},{"damage_healed":0.0,"max_hp_gain":0.0,"max_hp_loss":0.0,"gold_gain":0.0,"event_name":"The Woman in Blue","player_choice":"Bought 1 Potion","floor":48.0,"gold_loss":0.0,"damage_taken":0.0}],"is_beta":false,"boss_relics":[{"not_picked":["Busted Crown","HolyWater"],"picked":"VioletLotus"},{"not_picked":["SlaversCollar","Coffee Dripper"],"picked":"Sozu"}],"items_purged_floors":[11,21,31,38],"is_endless":false,"potions_floor_spawned":[3,5,10,16,18,30,33,37,40,46,55],"ascension_level":20}}