{"host":"szp1d6dso4pv7ddl","time":1609206522,"event":{"mods":["AchievementEnabler","Alarm Clock","BaseMod","Bestiary","Block Reminder","Colored Map","Colored Powertips","Curses Come First","Displayed Cursed Tome","Highlight Path","Minty Spire (QoL Compilation)","Permanent Neow","Quick Restart","Relic Sorter","Relic Stats","StSLib","Synergy Search"],"gold_per_floor":[112,112,130,55,71,71,99,99,99,99,115,43,61,78,78,78,78],"floor_reached":16,"playtime":670,"items_purged":[],"score":179,"play_id":"1da8ed3b-eff3-44f7-bff0-d069161cd5ba","local_time":"20201228174842","is_ascension_mode":true,"campfire_choices":[{"data":"Blade Dance","floor":6.0,"key":"SMITH"},{"floor":8,"key":"REST"},{"floor":10,"key":"REST"},{"data":"Neutralize","floor":15,"key":"SMITH"}],"circlet_count":0,"master_deck":["AscendersBane","Strike_G","Strike_G","Strike_G","Strike_G","Strike_G","Defend_G","Defend_G","Defend_G","Defend_G","Survivor","Neutralize+1","Finisher+1","Blade Dance+1","Terror+1","Burst+1"],"relics":["Sozu","Gremlin Horn","Toxic Egg 2"],"acts_visited":["Exordium"],"potions_floor_usage":[],"damage_taken":[{"damage":1.0,"enemies":"Small Slimes","floor":1.0,"turns":5.0},{"damage":0.0,"enemies":"Cultist","floor":3.0,"turns":3.0},{"damage":7.0,"enemies":"Jaw Worm","floor":5.0,"turns":3.0},{"damage":32,"enemies":"3 Sentries","floor":7,"turns":6},{"damage":0,"enemies":"Blue Slaver","floor":11,"turns":1},{"damage":3,"enemies":"Looter","floor":13,"turns":2},{"damage":9,"enemies":"Red Slaver","floor":14,"turns":2},{"damage":50,"enemies":"The Guardian","floor":16,"turns":13}],"seed_played":"-5806166723523343518","potions_obtained":[],"is_trial":false,"path_per_floor":["M","?","M","?","M","R","E","R","T","R","M","$","M","M","R","B"],"character_chosen":"THE_SILENT","items_purchased":["Terror+1"],"campfire_rested":2,"item_purchase_floors":[12],"current_hp_per_floor":[58,58,58,58,51,51,19,38,38,57,57,57,54,45,45,0,0],"gold":78,"neow_bonus":"BOSS_RELIC","is_daily":false,"chose_seed":false,"campfire_upgraded":2,"win_rate":0.0,"timestamp":1609206522,"path_taken":["M","?","?","?","M","R","E","R","T","R","M","?","M","M","R","BOSS"],"items_purchased_type":["Card"],"build_version":"2020-12-22","purchased_purges":0,"victory":false,"max_hp_per_floor":[66,66,66,66,66,66,66,66,66,66,66,66,66,66,66,66,66],"relic_stats":{"Sozu":3,"Gremlin Horn":[0,0],"counters":[8,35],"obtain_stats":[{"Sozu":0,"Gremlin Horn":7,"Toxic Egg 2":9,"Ring of the Snake":0},{"Sozu":0,"Gremlin Horn":4,"Toxic Egg 2":4,"Ring of the Snake":0},{"Sozu":0,"Gremlin Horn":17,"Toxic Egg 2":17,"Ring of the Snake":0}]},"card_choices":[{"not_picked":["Outmaneuver","Dagger Throw"],"picked":"Finisher","floor":1.0},{"not_picked":["Reflex","Predator"],"picked":"Blade Dance","floor":3.0},{"not_picked":["Expertise","Dagger Spray","All Out Attack"],"picked":"SKIP","floor":5.0},{"not_picked":["Footwork","Heel Hook","Calculated Gamble"],"picked":"SKIP","floor":7},{"not_picked":["Dodge and Roll+1","Flying Knee","Bouncing Flask+1"],"picked":"SKIP","floor":11},{"not_picked":["Deflect+1","Bouncing Flask+1","Sucker Punch"],"picked":"SKIP","floor":13},{"not_picked":["Deflect+1","Sucker Punch"],"picked":"Burst+1","floor":14}],"player_experience":1058375,"relics_obtained":[{"floor":7,"key":"Gremlin Horn"},{"floor":9,"key":"Toxic Egg 2"}],"event_choices":[{"damage_healed":0.0,"max_hp_gain":0.0,"max_hp_loss":0.0,"gold_gain":0.0,"event_name":"Upgrade Shrine","player_choice":"Upgraded","floor":2.0,"gold_loss":0.0,"damage_taken":0.0,"cards_upgraded":["Finisher"]},{"cards_removed":["Defend_G"],"damage_healed":0.0,"max_hp_gain":0.0,"max_hp_loss":0.0,"gold_gain":0.0,"event_name":"The Cleric","player_choice":"Card Removal","floor":4.0,"gold_loss":75.0,"damage_taken":0.0}],"is_beta":false,"boss_relics":[],"items_purged_floors":[],"is_endless":false,"potions_floor_spawned":[5,7,11],"killed_by":"The Guardian","ascension_level":15}}