{"host":"mi0eibewekhugwl1","time":1609235110,"event":{"mods":["AchievementEnabler","BaseMod","Colored Map","Colored Powertips","DeckTracker","Keyboard Shortcuts","Minty Spire (QoL Compilation)","Quick Restart","Rare Cards Sparkle","Relic Stats","StSLib","SuperFastMode","everything is the same but u backflip on backflip"],"gold_per_floor":[361,361,377,46,69,113,137,137,163,163,23,23,37,58,58,156,156,172,196,246,271,271,271,284,284,284,299,322,343,79,79,79,174,174,198,38,38,38,51,51,51],"floor_reached":40,"playtime":872,"items_purged":["Decay","Strike_B","Strike_B"],"score":780,"play_id":"77e3cc5f-c0da-4fbb-ab0a-8d1ea67f4e11","local_time":"20201229184510","is_ascension_mode":true,"campfire_choices":[{"floor":12,"key":"REST"},{"data":"Apotheosis","floor":15,"key":"SMITH"},{"floor":23,"key":"REST"},{"floor":25,"key":"REST"},{"floor":32,"key":"REST"}],"circlet_count":0,"master_deck":["AscendersBane","Strike_B","Defend_B","Defend_B","Defend_B","Defend_B","Zap","Dualcast+1","Self Repair","Cold Snap","Apotheosis+1","Streamline+1","Melter+1","Buffer","Turbo","Tempest","Go for the Eyes","Compile Driver","Core Surge","Glacier","FTL","Writhe","Tempest","Glacier+1","Capacitor","Thunder Strike","Defragment","Loop"],"relics":["Cracked Core","Golden Idol","Toy Ornithopter","Whetstone","Potion Belt","Cursed Key","Nuclear Battery"],"acts_visited":["Exordium","TheCity","TheBeyond"],"potions_floor_usage":[6,16,18,28,33,33,35,35,39,40,40],"damage_taken":[{"damage":0,"enemies":"Cultist","floor":1,"turns":3},{"damage":6,"enemies":"2 Louse","floor":3,"turns":4},{"damage":5,"enemies":"Jaw Worm","floor":5,"turns":4},{"damage":23,"enemies":"Gremlin Nob","floor":6,"turns":4},{"damage":5,"enemies":"Blue Slaver","floor":7,"turns":3},{"damage":24,"enemies":"Exordium Thugs","floor":13,"turns":5},{"damage":0,"enemies":"2 Fungi Beasts","floor":14,"turns":2},{"damage":7,"enemies":"Hexaghost","floor":16,"turns":9},{"damage":11,"enemies":"2 Thieves","floor":18,"turns":3},{"damage":17,"enemies":"Shell Parasite","floor":19,"turns":6},{"damage":18,"enemies":"Centurion and Healer","floor":21,"turns":8},{"damage":28,"enemies":"Snake Plant","floor":24,"turns":5},{"damage":52,"enemies":"Shelled Parasite and Fungi","floor":27,"turns":8},{"damage":13,"enemies":"Cultist and Chosen","floor":28,"turns":6},{"damage":2,"enemies":"Snecko","floor":29,"turns":4},{"damage":14,"enemies":"Automaton","floor":33,"turns":15},{"damage":55,"enemies":"3 Darklings","floor":35,"turns":9},{"damage":13,"enemies":"Orb Walker","floor":39,"turns":5},{"damage":52,"enemies":"Reptomancer","floor":40,"turns":4}],"seed_played":"4339062403559331318","potions_obtained":[{"floor":1,"key":"LiquidBronze"},{"floor":3,"key":"Block Potion"},{"floor":13,"key":"Fire Potion"},{"floor":14,"key":"Strength Potion"},{"floor":21,"key":"FocusPotion"},{"floor":27,"key":"Explosive Potion"},{"floor":29,"key":"Block Potion"},{"floor":33,"key":"PowerPotion"},{"floor":35,"key":"FocusPotion"}],"is_trial":false,"path_per_floor":["M","?","M","$","M","E","M","?","T","T","$","R","M","M","R","B",null,"M","M","?","M","?","R","M","R","T","M","M","M","$","?","R","B",null,"M","$","?","?","M","E"],"character_chosen":"DEFECT","items_purchased":["Apotheosis","Streamline","Tempest","Capacitor","SkillPotion","Defragment","Regen Potion"],"campfire_rested":4,"item_purchase_floors":[4,4,11,30,30,36,36],"current_hp_per_floor":[64,64,64,64,64,41,43,24,24,24,24,43,26,26,26,31,56,60,50,50,39,39,58,37,56,56,14,16,14,14,14,33,39,58,23,23,23,23,36,0,0],"gold":51,"neow_bonus":"TWO_FIFTY_GOLD","is_daily":false,"chose_seed":false,"campfire_upgraded":1,"win_rate":0.0,"timestamp":1609235110,"path_taken":["M","?","M","$","M","E","M","?","T","?","?","R","?","M","R","BOSS","M","M","?","M","?","R","M","R","T","M","M","M","$","?","R","BOSS","M","$","?","?","M","E"],"items_purchased_type":["Card","Card","Card","Card","Potion","Card","Potion"],"build_version":"2020-12-22","purchased_purges":3,"victory":false,"max_hp_per_floor":[71,64,64,64,64,64,64,64,64,64,64,64,64,64,64,64,64,64,64,64,64,64,64,64,64,64,64,64,64,64,64,64,64,64,64,64,64,64,64,64,64],"relic_stats":{"counters":[19,107],"Golden Idol":104,"Whetstone":["Streamline","Strike_B"],"Cursed Key":1,"obtain_stats":[{"Potion Belt":10,"Golden Idol":2,"Whetstone":9,"Cracked Core":0,"Cursed Key":17,"Toy Ornithopter":6,"Nuclear Battery":34},{"Potion Belt":5,"Golden Idol":1,"Whetstone":5,"Cracked Core":0,"Cursed Key":8,"Toy Ornithopter":4,"Nuclear Battery":16},{"Potion Belt":18,"Golden Idol":3,"Whetstone":18,"Cracked Core":0,"Cursed Key":34,"Toy Ornithopter":15,"Nuclear Battery":89}],"Toy Ornithopter":50},"card_choices":[{"not_picked":["Streamline","BootSequence"],"picked":"Self Repair","floor":1},{"not_picked":["Streamline","Conserve Battery"],"picked":"Cold Snap","floor":3},{"not_picked":["Steam","Conserve Battery"],"picked":"Melter","floor":5},{"not_picked":["Self Repair","Gash"],"picked":"Buffer","floor":6},{"not_picked":["Go for the Eyes","Double Energy"],"picked":"Turbo","floor":7},{"not_picked":["Double Energy","Sweeping Beam"],"picked":"Go for the Eyes","floor":13},{"not_picked":["Beam Cell","Aggregate"],"picked":"Compile Driver","floor":14},{"not_picked":["Biased Cognition","Thunder Strike"],"picked":"Core Surge","floor":16},{"not_picked":["Auto Shields","Gash"],"picked":"Glacier","floor":18},{"not_picked":["Beam Cell","Rebound","Leap"],"picked":"SKIP","floor":19},{"not_picked":["Doom and Gloom","Leap","Gash"],"picked":"SKIP","floor":21},{"not_picked":["Rebound","Redo"],"picked":"FTL","floor":24},{"not_picked":["Streamline","Hyperbeam","Sweeping Beam"],"picked":"SKIP","floor":27},{"not_picked":["Conserve Battery","Rip and Tear"],"picked":"Tempest","floor":28},{"not_picked":["Sweeping Beam","Darkness"],"picked":"Glacier+1","floor":29},{"not_picked":["Machine Learning","All For One"],"picked":"Thunder Strike","floor":33},{"not_picked":["Go for the Eyes+1","Turbo","Hologram"],"picked":"SKIP","floor":35},{"not_picked":["Hologram+1","Reprogram"],"picked":"Loop","floor":39}],"player_experience":1719289,"relics_obtained":[{"floor":6,"key":"Toy Ornithopter"},{"floor":9,"key":"Whetstone"},{"floor":10,"key":"Potion Belt"}],"event_choices":[{"damage_healed":0,"gold_gain":0,"player_choice":"Lose Max HP","damage_taken":0,"relics_obtained":["Golden Idol"],"max_hp_gain":0,"max_hp_loss":7,"event_name":"Golden Idol","floor":2,"gold_loss":0},{"damage_healed":0,"gold_gain":0,"player_choice":"Entered Light","damage_taken":19,"max_hp_gain":0,"max_hp_loss":0,"event_name":"Shining Light","floor":8,"gold_loss":0,"cards_upgraded":["Dualcast","Melter"]},{"damage_healed":0,"gold_gain":50,"player_choice":"Stole From Cult","damage_taken":0,"max_hp_gain":0,"max_hp_loss":0,"event_name":"Nest","floor":20,"gold_loss":0},{"damage_healed":0,"gold_gain":0,"player_choice":"Ignored","damage_taken":0,"max_hp_gain":0,"max_hp_loss":0,"event_name":"Cursed Tome","floor":22,"gold_loss":0},{"damage_healed":0,"gold_gain":0,"player_choice":"Ignored","damage_taken":0,"max_hp_gain":0,"max_hp_loss":0,"event_name":"Ghosts","floor":31,"gold_loss":0},{"cards_removed":["Strike_B"],"damage_healed":0,"gold_gain":0,"player_choice":"Removed Attack","damage_taken":0,"max_hp_gain":0,"max_hp_loss":0,"event_name":"Falling","floor":37,"gold_loss":0},{"damage_healed":0,"gold_gain":0,"player_choice":"Ignored","damage_taken":0,"max_hp_gain":0,"max_hp_loss":0,"event_name":"Mysterious Sphere","floor":38,"gold_loss":0}],"is_beta":false,"boss_relics":[{"not_picked":["SacredBark","FrozenCore"],"picked":"Cursed Key"},{"not_picked":["Sozu","Calling Bell"],"picked":"Nuclear Battery"}],"items_purged_floors":[4,11,30],"is_endless":false,"potions_floor_spawned":[1,3,13,14,21,27,29,33,35],"killed_by":"Reptomancer","ascension_level":20}}