{"host":"4nqeo0vu1vuav7gg","time":1609245253,"event":{"mods":["AchievementEnabler","BaseMod","Block Reminder","Colored Map","Colored Powertips","Highlight Path","Minty Spire (QoL Compilation)","Quick Restart","Rare Cards Sparkle","Relic Relevance Reorder","StSLib"],"gold_per_floor":[19,19,32,32,6,50,50,69,93,116,157,157,17,58,58,157,157,175,19,19,19,44,44,44],"floor_reached":23,"playtime":1016,"items_purged":["Hello World+1"],"score":393,"play_id":"e3f91c7d-b9f1-403c-a4c3-733cc26fe833","local_time":"20201229133413","is_ascension_mode":true,"campfire_choices":[{"floor":7.0,"key":"REST"},{"floor":12.0,"key":"REST"},{"floor":15.0,"key":"REST"}],"circlet_count":0,"master_deck":["AscendersBane","Strike_B","Strike_B","Strike_B","Strike_B","Defend_B","Defend_B","Defend_B","Defend_B","Zap","Dualcast","Genetic Algorithm","Conserve Battery","Redo","Leap","Go for the Eyes","Biased Cognition","Gash","Streamline","Coolheaded","Buffer+1","Self Repair+1","Defragment+1","Reprogram","Zap","Glacier"],"relics":["Cracked Core","Toy Ornithopter","Pocketwatch","Bronze Scales","Philosopher\u0027s Stone","Frozen Egg 2","Molten Egg 2","Golden Idol"],"acts_visited":["Exordium","TheCity"],"potions_floor_usage":[18],"damage_taken":[{"damage":4.0,"enemies":"Small Slimes","floor":1.0,"turns":3.0},{"damage":2.0,"enemies":"Jaw Worm","floor":3.0,"turns":3.0},{"damage":38.0,"enemies":"3 Sentries","floor":6.0,"turns":10.0},{"damage":0.0,"enemies":"Cultist","floor":8.0,"turns":3.0},{"damage":6.0,"enemies":"Looter","floor":10.0,"turns":3.0},{"damage":26.0,"enemies":"Lagavulin","floor":11.0,"turns":6.0},{"damage":8.0,"enemies":"Gremlin Nob","floor":14.0,"turns":3.0},{"damage":40.0,"enemies":"The Guardian","floor":16.0,"turns":11.0},{"damage":6,"enemies":"2 Thieves","floor":18,"turns":5},{"damage":40,"enemies":"Shell Parasite","floor":22,"turns":8},{"damage":30,"enemies":"Slavers","floor":23,"turns":5}],"seed_played":"4076087452768267815","potions_obtained":[{"floor":6.0,"key":"SneckoOil"},{"floor":8.0,"key":"LiquidBronze"},{"floor":11.0,"key":"EssenceOfDarkness"},{"floor":16.0,"key":"DuplicationPotion"}],"is_trial":false,"path_per_floor":["M","?","M","?","$","E","R","M","T","M","E","R","$","E","R","B",null,"M","$","?","?","M","E"],"character_chosen":"DEFECT","items_purchased":["Redo","Hello World+1","Streamline","Defragment+1"],"campfire_rested":3,"item_purchase_floors":[5,13,13,19],"current_hp_per_floor":[60,60,58,51,51,13,34,39,39,33,12,33,33,30,51,11,56,55,55,55,55,25,0,0],"gold":44,"neow_bonus":"ONE_RARE_RELIC","is_daily":false,"chose_seed":false,"campfire_upgraded":0,"win_rate":0.0,"timestamp":1609245253,"path_taken":["M","?","M","?","?","E","R","M","T","M","E","R","$","E","R","BOSS","M","$","?","?","?","E"],"items_purchased_type":["Card","Card","Card","Card"],"build_version":"2020-12-22","purchased_purges":1,"victory":false,"max_hp_per_floor":[71,71,71,71,71,71,71,71,71,71,71,71,71,71,71,71,71,71,71,71,71,71,71,71],"card_choices":[{"not_picked":["Coolheaded","Auto Shields"],"picked":"Genetic Algorithm","floor":1.0},{"not_picked":["FTL","Aggregate"],"picked":"Conserve Battery","floor":3.0},{"not_picked":["Amplify","Barrage"],"picked":"Leap","floor":6.0},{"not_picked":["Leap","Stack"],"picked":"Go for the Eyes","floor":8.0},{"not_picked":["Compile Driver","Rebound"],"picked":"Biased Cognition","floor":10.0},{"not_picked":["Rebound","Hologram"],"picked":"Gash","floor":11.0},{"not_picked":["Redo","Barrage+1"],"picked":"Coolheaded","floor":14.0},{"not_picked":["Multi-Cast","All For One+1"],"picked":"Buffer+1","floor":16.0},{"not_picked":["Streamline+1","Turbo+1"],"picked":"Self Repair+1","floor":18},{"not_picked":["Skim","Blizzard+1"],"picked":"Glacier","floor":22}],"player_experience":1025427,"relics_obtained":[{"floor":6.0,"key":"Toy Ornithopter"},{"floor":9.0,"key":"Bronze Scales"},{"floor":11.0,"key":"Frozen Egg 2"},{"floor":14.0,"key":"Molten Egg 2"}],"event_choices":[{"damage_healed":0.0,"max_hp_gain":0.0,"max_hp_loss":0.0,"gold_gain":0.0,"event_name":"Golden Idol","player_choice":"Take Wound","floor":2.0,"gold_loss":0.0,"damage_taken":0.0,"relics_obtained":["Golden Idol"],"cards_obtained":["Injury"]},{"cards_removed":["Injury"],"damage_healed":0.0,"max_hp_gain":0.0,"max_hp_loss":0.0,"gold_gain":0.0,"event_name":"Golden Wing","player_choice":"Card Removal","floor":4.0,"gold_loss":0.0,"damage_taken":7.0},{"damage_healed":0,"gold_gain":0,"player_choice":"Ignored","damage_taken":0,"max_hp_gain":0,"max_hp_loss":0,"event_name":"Ghosts","floor":20,"gold_loss":0},{"damage_healed":0,"gold_gain":0,"player_choice":"2 cards matched","damage_taken":0,"max_hp_gain":0,"max_hp_loss":0,"event_name":"Match and Keep!","floor":21,"gold_loss":0,"cards_obtained":["Reprogram","Zap"]}],"is_beta":false,"boss_relics":[{"not_picked":["Busted Crown","SacredBark"],"picked":"Philosopher\u0027s Stone"}],"items_purged_floors":[19],"is_endless":false,"potions_floor_spawned":[6,8,11,16],"killed_by":"Slavers","ascension_level":18}}