{"host":"3a1ypf1irl30q4k8","time":1609238600,"event":{"mods":["AchievementEnabler","BaseMod","Bestiary","Colored Map","Minty Spire (QoL Compilation)","Relic Stats"],"gold_per_floor":[119,137,151,151,162,195,8,8,8,8,37,112,112,147,147,248,248,261,279,129,148,148,179,179,198,223,108,108,108],"floor_reached":28,"playtime":1338,"items_purged":["Clash","Second Wind"],"score":294,"play_id":"4e4c3866-f32e-4f83-a394-69cfd0fdbfbc","local_time":"20201229104320","is_ascension_mode":true,"campfire_choices":[{"floor":8,"key":"REST"},{"data":"Hemokinesis","floor":10,"key":"SMITH"},{"data":"Inflame","floor":13,"key":"SMITH"},{"floor":15,"key":"REST"},{"data":"Whirlwind","floor":24,"key":"SMITH"}],"circlet_count":0,"master_deck":["Bash+1","Wild Strike","Disarm","Fire Breathing","Hemokinesis+1","Inflame+1","Juggernaut","Feed","Hemokinesis","Double Tap","Iron Wave","Havoc","Dark Embrace","Body Slam","Battle Trance","Evolve","Whirlwind+1","Clothesline+1","Wild Strike+1","Ghostly Armor","Rupture","Mind Blast+1"],"relics":["Burning Blood","Ice Cream","Membership Card","Ginger","HornCleat","Pandora\u0027s Box","Chemical X","Molten Egg 2","PreservedInsect"],"acts_visited":["Exordium","TheCity"],"potions_floor_usage":[14,21,28],"damage_taken":[{"damage":13,"enemies":"Jaw Worm","floor":1,"turns":4},{"damage":5,"enemies":"Small Slimes","floor":2,"turns":3},{"damage":0,"enemies":"Cultist","floor":3,"turns":2},{"damage":19,"enemies":"3 Louse","floor":5,"turns":3},{"damage":58,"enemies":"3 Sentries","floor":6,"turns":15},{"damage":17,"enemies":"Lagavulin","floor":11,"turns":5},{"damage":17,"enemies":"3 Sentries","floor":14,"turns":5},{"damage":41,"enemies":"The Guardian","floor":16,"turns":11},{"damage":13,"enemies":"Shell Parasite","floor":18,"turns":3},{"damage":20,"enemies":"Spheric Guardian","floor":19,"turns":4},{"damage":10,"enemies":"Cultist and Chosen","floor":21,"turns":3},{"damage":21,"enemies":"Gremlin Leader","floor":23,"turns":5},{"damage":27,"enemies":"Centurion and Healer","floor":25,"turns":4},{"damage":39,"enemies":"Book of Stabbing","floor":28,"turns":3}],"seed_played":"-3260334324594951060","potions_obtained":[{"floor":11,"key":"SkillPotion"},{"floor":14,"key":"BlessingOfTheForge"},{"floor":19,"key":"Fire Potion"}],"is_trial":false,"path_per_floor":["M","M","M","?","M","E","$","R","T","R","E","?","R","E","R","B",null,"M","M","$","M","?","E","R","M","T","$","E"],"character_chosen":"IRONCLAD","items_purchased":["Membership Card","Hemokinesis","Whirlwind","Chemical X","Rupture","Mind Blast+1"],"campfire_rested":2,"item_purchase_floors":[7,7,20,20,27,27],"current_hp_per_floor":[81,82,88,88,75,23,23,49,49,49,38,30,30,19,45,10,88,81,67,67,63,63,51,51,33,33,33,0,0],"gold":108,"neow_bonus":"TEN_PERCENT_HP_BONUS","is_daily":false,"chose_seed":false,"campfire_upgraded":3,"win_rate":0.0,"timestamp":1609238600,"path_taken":["M","M","M","?","M","E","$","R","T","R","E","?","R","E","R","BOSS","M","M","?","M","?","E","R","M","T","$","E"],"items_purchased_type":["Relic","Card","Card","Relic","Card","Card"],"build_version":"2020-12-22","purchased_purges":2,"victory":false,"max_hp_per_floor":[88,88,88,88,88,88,88,88,88,88,88,88,88,88,88,88,88,88,88,88,88,88,91,91,94,94,94,94,94],"relic_stats":{"counters":[14,70],"Pandora\u0027s Box":["Hemokinesis","Double Tap","Iron Wave","Havoc","Clash","Dark Embrace","Body Slam","Battle Trance","Evolve"],"PreservedInsect":41,"Ginger":[0],"Chemical X":[6],"obtain_stats":[{"Ice Cream":6,"HornCleat":14,"Pandora\u0027s Box":17,"Molten Egg 2":23,"PreservedInsect":26,"Membership Card":7,"Ginger":11,"Chemical X":20,"Burning Blood":0},{"Ice Cream":5,"HornCleat":7,"Pandora\u0027s Box":8,"Molten Egg 2":12,"PreservedInsect":13,"Membership Card":5,"Ginger":6,"Chemical X":10,"Burning Blood":0},{"Ice Cream":27,"HornCleat":37,"Pandora\u0027s Box":48,"Molten Egg 2":63,"PreservedInsect":67,"Membership Card":27,"Ginger":32,"Chemical X":55,"Burning Blood":0}],"Burning Blood":78},"card_choices":[{"not_picked":["Thunderclap","Havoc"],"picked":"Wild Strike","floor":1},{"not_picked":["Heavy Blade","Evolve","Warcry"],"picked":"SKIP","floor":2},{"not_picked":["Body Slam","Pommel Strike"],"picked":"Disarm","floor":3},{"not_picked":["Warcry","Havoc"],"picked":"Second Wind","floor":5},{"not_picked":["Sever Soul","Twin Strike"],"picked":"Fire Breathing","floor":6},{"not_picked":["True Grit","Twin Strike"],"picked":"Inflame","floor":11},{"not_picked":["Feed","Metallicize"],"picked":"Juggernaut","floor":14},{"not_picked":["Limit Break","Brutality"],"picked":"Feed","floor":16},{"not_picked":["Flex","Rampage","Anger+1"],"picked":"SKIP","floor":18},{"not_picked":["Wild Strike","Clothesline","Clash"],"picked":"SKIP","floor":19},{"not_picked":["Sword Boomerang","Hemokinesis"],"picked":"Clothesline+1","floor":21},{"not_picked":["Limit Break","Searing Blow+1"],"picked":"Wild Strike+1","floor":23},{"not_picked":["Headbutt+1","Pommel Strike+1"],"picked":"Ghostly Armor","floor":25}],"player_experience":902573,"relics_obtained":[{"floor":6,"key":"Ice Cream"},{"floor":11,"key":"Ginger"},{"floor":14,"key":"HornCleat"},{"floor":23,"key":"Molten Egg 2"},{"floor":26,"key":"PreservedInsect"}],"event_choices":[{"damage_healed":0,"gold_gain":0,"player_choice":"Grow","damage_taken":0,"max_hp_gain":0,"max_hp_loss":0,"event_name":"Living Wall","floor":4,"gold_loss":0,"cards_upgraded":["Bash"]},{"damage_healed":0,"gold_gain":75,"player_choice":"Touch","damage_taken":8,"max_hp_gain":0,"max_hp_loss":0,"event_name":"FaceTrader","floor":12,"gold_loss":0},{"damage_healed":0,"gold_gain":0,"player_choice":"Ignored","damage_taken":0,"max_hp_gain":0,"max_hp_loss":0,"event_name":"Ghosts","floor":22,"gold_loss":0}],"is_beta":false,"boss_relics":[{"not_picked":["Runic Cube","Busted Crown"],"picked":"Pandora\u0027s Box"}],"items_purged_floors":[20,27],"is_endless":false,"potions_floor_spawned":[11,14,19],"killed_by":"Book of Stabbing","ascension_level":3}}