{"host":"Rich","time":1609213456,"event":{"mods":["AchievementEnabler","BaseMod","Highlight Path","Minty Spire (QoL Compilation)","Relic Stats"],"gold_per_floor":[113,131,206,206,226,244,279,279,279,307,361,117,143,154,154,229,229,240,240,240,255,48,81,81,81,81],"floor_reached":25,"playtime":1125,"items_purged":["Strike_B"],"score":578,"play_id":"6af3c61c-7283-4b9b-b698-7179fcb81cc1","local_time":"20201228224416","is_ascension_mode":true,"campfire_choices":[{"floor":8,"key":"REST"},{"floor":15,"key":"REST"},{"floor":24,"key":"REST"}],"circlet_count":0,"master_deck":["AscendersBane","Strike_B","Defend_B","Defend_B","Defend_B","Zap","Dualcast","Glacier","Ball Lightning","Ball Lightning","Genetic Algorithm","Creative AI","Rainbow","Coolheaded","Thunder Strike","Defragment","Self Repair","Capacitor","Doom and Gloom","Tempest","Buffer"],"relics":["Cracked Core","NeowsBlessing","Toy Ornithopter","Oddly Smooth Stone","Symbiotic Virus","Vajra","DataDisk","Runic Pyramid","ClockworkSouvenir","Bottled Flame"],"acts_visited":["Exordium","TheCity"],"potions_floor_usage":[7,13,16,23],"damage_taken":[{"damage":0,"enemies":"Jaw Worm","floor":1,"turns":1},{"damage":0,"enemies":"Cultist","floor":2,"turns":1},{"damage":0,"enemies":"2 Louse","floor":5,"turns":1},{"damage":1,"enemies":"Exordium Wildlife","floor":6,"turns":5},{"damage":16,"enemies":"3 Sentries","floor":7,"turns":7},{"damage":15,"enemies":"Lagavulin","floor":10,"turns":7},{"damage":34,"enemies":"3 Sentries","floor":13,"turns":9},{"damage":5,"enemies":"Looter","floor":14,"turns":2},{"damage":0,"enemies":"The Guardian","floor":16,"turns":12},{"damage":9,"enemies":"Shell Parasite","floor":18,"turns":7},{"damage":3,"enemies":"Chosen","floor":21,"turns":6},{"damage":30,"enemies":"Slavers","floor":23,"turns":4},{"damage":63,"enemies":"Book of Stabbing","floor":25,"turns":5}],"seed_played":"4563226209292900163","potions_obtained":[{"floor":6,"key":"PowerPotion"},{"floor":10,"key":"PotionOfCapacity"},{"floor":13,"key":"PowerPotion"},{"floor":16,"key":"PowerPotion"}],"is_trial":false,"path_per_floor":["M","M","?","?","M","M","E","R","T","E","T","$","E","M","R","B",null,"M","?","?","M","$","E","R","E"],"character_chosen":"DEFECT","items_purchased":["Creative AI","ClockworkSouvenir","Tempest"],"campfire_rested":3,"item_purchase_floors":[12,22,22],"current_hp_per_floor":[64,64,53,53,53,52,36,57,57,42,42,42,13,8,29,34,62,53,53,53,57,57,39,60,0,0],"gold":81,"neow_bonus":"THREE_ENEMY_KILL","is_daily":false,"chose_seed":false,"campfire_upgraded":0,"win_rate":0.0,"timestamp":1609213456,"path_taken":["M","M","?","?","?","M","E","R","T","E","?","$","E","M","R","BOSS","M","?","?","M","$","E","R","E"],"items_purchased_type":["Card","Relic","Card"],"build_version":"2020-12-18","purchased_purges":1,"victory":false,"max_hp_per_floor":[71,71,71,71,71,71,71,71,71,71,71,71,71,71,71,71,71,71,71,71,71,71,71,71,71,71],"relic_stats":{"counters":[13,67],"obtain_stats":[{"DataDisk":13,"Bottled Flame":23,"NeowsBlessing":0,"Oddly Smooth Stone":9,"Vajra":11,"Cracked Core":0,"Symbiotic Virus":10,"Toy Ornithopter":7,"Runic Pyramid":17,"ClockworkSouvenir":22},{"DataDisk":7,"Bottled Flame":12,"NeowsBlessing":0,"Oddly Smooth Stone":5,"Vajra":6,"Cracked Core":0,"Symbiotic Virus":6,"Toy Ornithopter":5,"Runic Pyramid":9,"ClockworkSouvenir":11},{"DataDisk":31,"Bottled Flame":62,"NeowsBlessing":0,"Oddly Smooth Stone":15,"Vajra":22,"Cracked Core":0,"Symbiotic Virus":22,"Toy Ornithopter":15,"Runic Pyramid":45,"ClockworkSouvenir":58}],"Toy Ornithopter":15},"card_choices":[{"not_picked":["Coolheaded","Rebound"],"picked":"Glacier","floor":1},{"not_picked":["Blizzard","Chaos","Steam"],"picked":"SKIP","floor":2},{"not_picked":["Turbo","Gash"],"picked":"Ball Lightning","floor":5},{"not_picked":["Hello World","Steam"],"picked":"Ball Lightning","floor":6},{"not_picked":["Conserve Battery","Skim"],"picked":"Genetic Algorithm","floor":7},{"not_picked":["Rip and Tear","Barrage","Rebound"],"picked":"SKIP","floor":10},{"not_picked":["Hologram","Leap"],"picked":"Rainbow","floor":13},{"not_picked":["Rebound","Compile Driver"],"picked":"Coolheaded","floor":14},{"not_picked":["Hyperbeam","Meteor Strike"],"picked":"Thunder Strike","floor":16},{"not_picked":["Scrape","Conserve Battery"],"picked":"Defragment","floor":18},{"not_picked":["Lockon+1","Hologram"],"picked":"Doom and Gloom","floor":21},{"not_picked":["Barrage","Conserve Battery"],"picked":"Buffer","floor":23}],"player_experience":1937443,"relics_obtained":[{"floor":7,"key":"Toy Ornithopter"},{"floor":9,"key":"Oddly Smooth Stone"},{"floor":10,"key":"Symbiotic Virus"},{"floor":11,"key":"Vajra"},{"floor":13,"key":"DataDisk"},{"floor":23,"key":"Bottled Flame"}],"event_choices":[{"damage_healed":0,"gold_gain":75,"player_choice":"Gather Gold","damage_taken":11,"max_hp_gain":0,"max_hp_loss":0,"event_name":"World of Goop","floor":3,"gold_loss":0},{"cards_removed":["Defend_B"],"damage_healed":0,"gold_gain":0,"player_choice":"Offered Basic","damage_taken":0,"max_hp_gain":0,"max_hp_loss":0,"event_name":"Bonfire Elementals","floor":4,"gold_loss":0},{"damage_healed":0,"gold_gain":0,"cards_transformed":["Strike_B","Strike_B"],"player_choice":"Became Test Subject","damage_taken":0,"max_hp_gain":0,"max_hp_loss":0,"event_name":"Drug Dealer","floor":19,"gold_loss":0,"cards_obtained":["Self Repair","Capacitor"]},{"damage_healed":0,"gold_gain":0,"player_choice":"Ignored","damage_taken":0,"max_hp_gain":0,"max_hp_loss":0,"event_name":"Cursed Tome","floor":20,"gold_loss":0}],"is_beta":true,"boss_relics":[{"not_picked":["Empty Cage","Calling Bell"],"picked":"Runic Pyramid"}],"items_purged_floors":[12],"is_endless":false,"potions_floor_spawned":[6,10,13,16],"killed_by":"Book of Stabbing","ascension_level":20}}