{"host":"sc0o2qwpf9j16a4i","time":1609261871,"event":{"mods":["AchievementEnabler","BaseMod","BetterRewards","Block Reminder","Colored Map","Colored Powertips","Custom Start","Highlight Path","Minty Spire (QoL Compilation)","Relic Stats"],"gold_per_floor":[111,38,38,38,55,85,85,100,100,100,134,134,165,25,25,127,127,145,145,157,1,21,49,49,81,106,106,131,148,24,56,56,160,160,173,173,222,222,249,249,284,304,328,355,395,395,445,43,43,43,43,43,33,67,67],"floor_reached":56,"playtime":2489,"items_purged":["Strike_B","Strike_B"],"score":1581,"play_id":"a7f7e802-93af-4f9a-9adb-a16450cb164f","local_time":"20201229191111","is_ascension_mode":true,"campfire_choices":[{"data":"Barrage","floor":7,"key":"SMITH"},{"data":"Chaos","floor":10,"key":"SMITH"},{"floor":12,"key":"REST"},{"floor":15,"key":"REST"},{"data":"Biased Cognition","floor":24,"key":"SMITH"},{"data":"Creative AI","floor":27,"key":"SMITH"},{"floor":32,"key":"REST"},{"data":"Biased Cognition","floor":40,"key":"SMITH"},{"data":"Buffer","floor":46,"key":"SMITH"},{"floor":49,"key":"RECALL"},{"data":"Seek","floor":52,"key":"SMITH"}],"circlet_count":0,"master_deck":["Defend_B+1","Defend_B","Defend_B","Zap+1","Dualcast+1","Glacier+1","BootSequence","Barrage+1","Capacitor","Chaos+1","Seek","Hologram","Coolheaded","Creative AI+1","Fusion+1","Rainbow+1","Ball Lightning+1","Conserve Battery","Glacier","Barrage","Seek+1","Biased Cognition+1","Chaos+1","Loop","Buffer+1","Loop+1","Biased Cognition+1","Genetic Algorithm","Capacitor","Cold Snap+1","Heatsinks","Hologram","Turbo","Conserve Battery+1"],"relics":["Black Star","Ice Cream","Cables","The Courier","Matryoshka","Centennial Puzzle","War Paint","Potion Belt","OrangePellets","Astrolabe","Tiny Chest","Vajra","Orichalcum","Omamori","Bronze Scales","Toy Ornithopter","Question Card","Pen Nib","Blood Vial","Calipers","Busted Crown","TungstenRod","CeramicFish","Pocketwatch","Pear","Juzu Bracelet","MealTicket","Happy Flower","Lizard Tail","Emotion Chip","Bag of Marbles","Anchor"],"acts_visited":["Exordium","TheCity","TheBeyond","TheEnding"],"potions_floor_usage":[6,16,23,23,31,31,37,50,55,55,55,55],"damage_taken":[{"damage":1,"enemies":"2 Louse","floor":1,"turns":4},{"damage":0,"enemies":"Small Slimes","floor":5,"turns":5},{"damage":3,"enemies":"Lagavulin","floor":6,"turns":10},{"damage":0,"enemies":"Jaw Worm","floor":8,"turns":5},{"damage":38,"enemies":"Gremlin Nob","floor":11,"turns":5},{"damage":0,"enemies":"3 Sentries","floor":13,"turns":8},{"damage":25,"enemies":"The Guardian","floor":16,"turns":11},{"damage":3,"enemies":"Spheric Guardian","floor":18,"turns":4},{"damage":1,"enemies":"Chosen","floor":20,"turns":4},{"damage":1,"enemies":"Snecko","floor":22,"turns":8},{"damage":23,"enemies":"Slavers","floor":23,"turns":6},{"damage":0,"enemies":"Gremlin Leader","floor":25,"turns":7},{"damage":8,"enemies":"Book of Stabbing","floor":28,"turns":5},{"damage":3,"enemies":"3 Cultists","floor":29,"turns":4},{"damage":0,"enemies":"Gremlin Leader","floor":31,"turns":7},{"damage":0,"enemies":"Automaton","floor":33,"turns":8},{"damage":0,"enemies":"Orb Walker","floor":35,"turns":3},{"damage":0,"enemies":"2 Orb Walkers","floor":37,"turns":5},{"damage":7,"enemies":"3 Darklings","floor":39,"turns":5},{"damage":0,"enemies":"Giant Head","floor":41,"turns":6},{"damage":3,"enemies":"Transient","floor":42,"turns":5},{"damage":0,"enemies":"Sphere and 2 Shapes","floor":44,"turns":5},{"damage":1,"enemies":"Reptomancer","floor":45,"turns":5},{"damage":0,"enemies":"Mind Bloom Boss Battle","floor":47,"turns":6},{"damage":0,"enemies":"Awakened One","floor":50,"turns":10},{"damage":8,"enemies":"Shield and Spear","floor":54,"turns":7},{"damage":4,"enemies":"The Heart","floor":55,"turns":8}],"seed_played":"-2284948544518887416","potions_obtained":[{"floor":1,"key":"Energy Potion"},{"floor":5,"key":"Fire Potion"},{"floor":16,"key":"FearPotion"},{"floor":19,"key":"SmokeBomb"},{"floor":19,"key":"Dexterity Potion"},{"floor":19,"key":"Energy Potion"},{"floor":20,"key":"SpeedPotion"},{"floor":23,"key":"LiquidMemories"},{"floor":29,"key":"SkillPotion"},{"floor":33,"key":"Dexterity Potion"},{"floor":37,"key":"BlessingOfTheForge"},{"floor":44,"key":"Dexterity Potion"},{"floor":54,"key":"Ancient Potion"}],"is_trial":false,"path_per_floor":["M","$","?","?","M","E","R","M","T","R","E","R","E","$","R","B",null,"M","?","M","$","M","E","R","E","T","R","E","M","$","E","R","B",null,"M","?","?","T","M","R","E","M","T","M","E","R","?","$","R","B",null,"R","$","E","B",null],"character_chosen":"DEFECT","items_purchased":["BootSequence","OrangePellets","Coolheaded","Barrage","Seek","Blood Vial","Heatsinks","Emotion Chip","Hologram","Turbo"],"campfire_rested":3,"item_purchase_floors":[2,14,14,21,21,30,48,48,48,53],"current_hp_per_floor":[74,74,59,59,59,56,56,56,56,56,18,40,40,40,62,37,75,72,72,71,71,70,47,47,47,47,47,39,36,36,48,70,72,75,75,71,71,71,64,64,76,75,75,77,78,78,80,81,81,81,81,81,81,73,77],"gold":67,"neow_bonus":"BOSS_RELIC","is_daily":false,"chose_seed":false,"campfire_upgraded":7,"win_rate":0.0,"timestamp":1609261871,"path_taken":["M","$","?","?","M","E","R","M","T","R","E","R","E","?","R","BOSS","M","?","M","$","M","E","R","E","T","R","E","M","?","E","R","BOSS","M","?","?","?","M","R","E","M","T","M","E","R","?","$","R","BOSS","R","$","E","BOSS"],"items_purchased_type":["Card","Relic","Card","Card","Card","Relic","Card","Relic","Card","Card"],"build_version":"2020-12-22","purchased_purges":2,"victory":true,"max_hp_per_floor":[75,75,75,75,75,75,75,75,75,75,75,75,75,75,75,75,75,75,75,75,75,75,75,75,75,75,75,75,75,75,75,75,75,75,75,71,71,71,71,71,81,81,81,81,81,81,81,81,81,81,81,81,81,81,81],"relic_stats":{"Happy Flower":[10],"counters":[27,166],"Astrolabe":["Fusion","Rainbow","Ball Lightning"],"CeramicFish":72,"Pen Nib":[7],"Juzu Bracelet":0,"War Paint":["Dualcast","Zap"],"Orichalcum":[30],"Question Card":12,"Cables":[119,38,63,14,4],"Blood Vial":16,"OrangePellets":[33],"Centennial Puzzle":[36],"Lizard Tail":0,"Emotion Chip":[5,2,1,1,1],"Busted Crown":18,"Bronze Scales":[354],"Tiny Chest":1,"MealTicket":1,"Black Star":10,"obtain_stats":[{"Ice Cream":6,"Calipers":31,"CeramicFish":38,"Vajra":23,"Juzu Bracelet":41,"Blood Vial":30,"Centennial Puzzle":11,"Lizard Tail":47,"Emotion Chip":48,"Matryoshka":11,"Tiny Chest":23,"MealTicket":45,"Cracked Core":0,"Potion Belt":13,"Pear":41,"Happy Flower":45,"Astrolabe":17,"The Courier":9,"Pen Nib":28,"Omamori":25,"War Paint":13,"Orichalcum":25,"Question Card":28,"Cables":6,"OrangePellets":14,"Anchor":54,"Busted Crown":34,"Bronze Scales":26,"Black Star":0,"Bag of Marbles":54,"Toy Ornithopter":26,"TungstenRod":37,"Pocketwatch":38},{"Ice Cream":3,"Calipers":15,"CeramicFish":18,"Vajra":11,"Juzu Bracelet":20,"Blood Vial":14,"Centennial Puzzle":5,"Lizard Tail":24,"Emotion Chip":24,"Matryoshka":5,"Tiny Chest":11,"MealTicket":23,"Cracked Core":0,"Potion Belt":6,"Pear":20,"Happy Flower":23,"Astrolabe":7,"The Courier":4,"Pen Nib":13,"Omamori":12,"War Paint":6,"Orichalcum":12,"Question Card":13,"Cables":3,"OrangePellets":6,"Anchor":26,"Busted Crown":16,"Bronze Scales":12,"Black Star":0,"Bag of Marbles":26,"Toy Ornithopter":12,"TungstenRod":18,"Pocketwatch":18},{"Ice Cream":19,"Calipers":93,"CeramicFish":109,"Vajra":70,"Juzu Bracelet":120,"Blood Vial":86,"Centennial Puzzle":29,"Lizard Tail":141,"Emotion Chip":141,"Matryoshka":29,"Tiny Chest":70,"MealTicket":135,"Cracked Core":0,"Potion Belt":37,"Pear":120,"Happy Flower":135,"Astrolabe":48,"The Courier":24,"Pen Nib":82,"Omamori":77,"War Paint":37,"Orichalcum":77,"Question Card":82,"Cables":19,"OrangePellets":37,"Anchor":158,"Busted Crown":101,"Bronze Scales":77,"Black Star":0,"Bag of Marbles":158,"Toy Ornithopter":77,"TungstenRod":109,"Pocketwatch":109}],"Toy Ornithopter":16,"TungstenRod":11,"Pocketwatch":[29]},"card_choices":[{"not_picked":["Self Repair","Conserve Battery"],"picked":"Glacier","floor":1},{"not_picked":["Undo","Skim"],"picked":"Barrage","floor":5},{"not_picked":["Rebound","Sweeping Beam"],"picked":"Capacitor","floor":6},{"not_picked":["Gash","Recycle"],"picked":"Chaos","floor":8},{"not_picked":["Heatsinks","Tempest"],"picked":"Seek","floor":11},{"not_picked":["Chill","Beam Cell"],"picked":"Hologram","floor":13},{"not_picked":["Seek","Hyperbeam"],"picked":"Creative AI","floor":16},{"not_picked":["Barrage","Auto Shields+1"],"picked":"Conserve Battery","floor":18},{"not_picked":["Gash","Conserve Battery"],"picked":"Glacier","floor":20},{"not_picked":["Reprogram+1","Steam+1","Undo"],"picked":"SKIP","floor":22},{"not_picked":["BootSequence","Conserve Battery"],"picked":"Biased Cognition","floor":23},{"not_picked":["Capacitor","Rebound","Undo"],"picked":"SKIP","floor":25},{"not_picked":["Go for the Eyes","Fusion"],"picked":"Chaos+1","floor":28},{"not_picked":["Redo+1","Rip and Tear","Skim"],"picked":"Loop","floor":29},{"not_picked":["Steam Power+1","Rebound","BootSequence+1","Ball Lightning"],"picked":"SKIP","floor":31},{"not_picked":["Reboot","Rainbow","All For One"],"picked":"Buffer","floor":33},{"not_picked":["Barrage","Gash"],"picked":"SKIP","floor":35},{"not_picked":["Coolheaded"],"picked":"Loop+1","floor":37},{"not_picked":["Go for the Eyes"],"picked":"Biased Cognition","floor":39},{"not_picked":["Barrage","Steam"],"picked":"SKIP","floor":41},{"not_picked":["Turbo+1"],"picked":"Genetic Algorithm","floor":42},{"not_picked":["Barrage"],"picked":"Capacitor","floor":44},{"not_picked":["Ball Lightning+1"],"picked":"Cold Snap+1","floor":45},{"not_picked":["Genetic Algorithm+1"],"picked":"Conserve Battery+1","floor":54}],"player_experience":400641,"relics_obtained":[{"floor":6,"key":"Ice Cream"},{"floor":6,"key":"Cables"},{"floor":9,"key":"The Courier"},{"floor":11,"key":"Matryoshka"},{"floor":11,"key":"Centennial Puzzle"},{"floor":13,"key":"War Paint"},{"floor":13,"key":"Potion Belt"},{"floor":23,"key":"Tiny Chest"},{"floor":23,"key":"Vajra"},{"floor":25,"key":"Orichalcum"},{"floor":25,"key":"Omamori"},{"floor":26,"key":"Bronze Scales"},{"floor":26,"key":"Toy Ornithopter"},{"floor":28,"key":"Question Card"},{"floor":28,"key":"Pen Nib"},{"floor":31,"key":"Calipers"},{"floor":37,"key":"TungstenRod"},{"floor":38,"key":"CeramicFish"},{"floor":38,"key":"Pocketwatch"},{"floor":41,"key":"Pear"},{"floor":41,"key":"Juzu Bracelet"},{"floor":45,"key":"MealTicket"},{"floor":45,"key":"Happy Flower"},{"floor":47,"key":"Lizard Tail"},{"floor":54,"key":"Bag of Marbles"},{"floor":54,"key":"Anchor"}],"event_choices":[{"damage_healed":0,"gold_gain":0,"player_choice":"Entered Light","damage_taken":15,"max_hp_gain":0,"max_hp_loss":0,"event_name":"Shining Light","floor":3,"gold_loss":0,"cards_upgraded":["Defend_B","Glacier"]},{"damage_healed":0,"gold_gain":0,"player_choice":"Ignored","damage_taken":0,"max_hp_gain":0,"max_hp_loss":0,"event_name":"Liars Game","floor":4,"gold_loss":0},{"damage_healed":0,"gold_gain":0,"player_choice":"Got Potions","damage_taken":0,"max_hp_gain":0,"max_hp_loss":0,"event_name":"Lab","floor":19,"gold_loss":0},{"damage_healed":0,"gold_gain":0,"player_choice":"Max HP","damage_taken":0,"max_hp_gain":0,"max_hp_loss":4,"event_name":"Winding Halls","floor":36,"gold_loss":0},{"damage_healed":0,"gold_gain":0,"player_choice":"Fight","damage_taken":0,"max_hp_gain":0,"max_hp_loss":0,"event_name":"Mysterious Sphere","floor":37,"gold_loss":0},{"damage_healed":0,"gold_gain":0,"player_choice":"Fight","damage_taken":0,"max_hp_gain":0,"max_hp_loss":0,"event_name":"MindBloom","floor":47,"gold_loss":0}],"is_beta":false,"boss_relics":[{"not_picked":["Inserter","Ectoplasm"],"picked":"Astrolabe"},{"not_picked":["Nuclear Battery","Cursed Key"],"picked":"Busted Crown"}],"items_purged_floors":[21,48],"is_endless":false,"potions_floor_spawned":[1,5,16,20,23,29,33,37,44,45,54],"ascension_level":1}}