{"host":"mi0eibewekhugwl1","time":1609234235,"event":{"mods":["AchievementEnabler","BaseMod","Colored Map","Colored Powertips","DeckTracker","Keyboard Shortcuts","Minty Spire (QoL Compilation)","Quick Restart","Rare Cards Sparkle","Relic Stats","StSLib","SuperFastMode","everything is the same but u backflip on backflip"],"gold_per_floor":[113,113,125,125,69,69,104,104,153,163,163,175,175,187,187,260,260,277,57,76,76,76,109,109,129,181,181,181,181],"floor_reached":28,"playtime":458,"items_purged":[],"score":476,"play_id":"8447607f-99c7-4bcb-9bea-a201b255956c","local_time":"20201229183035","is_ascension_mode":true,"campfire_choices":[{"floor":6,"key":"REST"},{"floor":8,"key":"REST"},{"data":"Zap","floor":11,"key":"SMITH"},{"data":"Static Discharge","floor":13,"key":"SMITH"},{"data":"Thunder Strike","floor":15,"key":"SMITH"},{"floor":24,"key":"REST"}],"circlet_count":0,"master_deck":["AscendersBane","Strike_B","Strike_B","Strike_B","Defend_B","Defend_B","Defend_B","Defend_B","Zap+1","Dualcast","Thunder Strike+1","Compile Driver","Static Discharge+1","Self Repair","Turbo","Reboot","Thunder Strike","Defragment","Chill","Ball Lightning","Ball Lightning","Biased Cognition","Defragment","Defragment"],"relics":["Cracked Core","PreservedInsect","Nuclear Battery","Orrery","Matryoshka","Darkstone Periapt","Centennial Puzzle"],"acts_visited":["Exordium","TheCity"],"potions_floor_usage":[7,14,16,20,23,23,27],"damage_taken":[{"damage":0.0,"enemies":"Small Slimes","floor":1.0,"turns":3.0},{"damage":7.0,"enemies":"Jaw Worm","floor":3.0,"turns":2.0},{"damage":37,"enemies":"Gremlin Nob","floor":7,"turns":4},{"damage":1,"enemies":"Cultist","floor":10,"turns":3},{"damage":15,"enemies":"3 Louse","floor":12,"turns":4},{"damage":6,"enemies":"2 Fungi Beasts","floor":14,"turns":2},{"damage":33,"enemies":"Slime Boss","floor":16,"turns":8},{"damage":30,"enemies":"Spheric Guardian","floor":18,"turns":3},{"damage":12,"enemies":"Chosen","floor":20,"turns":5},{"damage":18,"enemies":"Gremlin Leader","floor":23,"turns":3},{"damage":30,"enemies":"Centurion and Healer","floor":25,"turns":7},{"damage":0,"enemies":"Chosen and Byrds","floor":27,"turns":2},{"damage":27,"enemies":"Shelled Parasite and Fungi","floor":28,"turns":2}],"seed_played":"5962515178981325606","potions_obtained":[{"floor":7,"key":"ColorlessPotion"},{"floor":14,"key":"Fire Potion"},{"floor":16,"key":"Swift Potion"},{"floor":20,"key":"Dexterity Potion"},{"floor":23,"key":"Fruit Juice"},{"floor":25,"key":"SmokeBomb"}],"is_trial":false,"path_per_floor":["M","?","M","?","$","R","E","R","T","M","R","M","R","M","R","B",null,"M","$","M","?","?","E","R","M","T","M","M"],"character_chosen":"DEFECT","items_purchased":["FearPotion","Orrery","FocusPotion"],"campfire_rested":3,"item_purchase_floors":[5,19,19],"current_hp_per_floor":[46,39,32,32,32,53,16,37,37,43,43,35,35,36,36,10,56,33,33,28,28,28,22,44,21,21,21,0,0],"gold":181,"neow_bonus":"THREE_RARE_CARDS","is_daily":false,"chose_seed":false,"campfire_upgraded":3,"win_rate":0.0,"timestamp":1609234235,"path_taken":["M","?","M","?","$","R","E","R","T","?","R","M","R","M","R","BOSS","M","$","M","?","?","E","R","M","T","M","M"],"items_purchased_type":["Potion","Relic","Potion"],"build_version":"2020-12-22","purchased_purges":0,"victory":false,"max_hp_per_floor":[71,71,71,71,71,71,71,71,71,71,71,71,71,71,71,71,71,71,71,71,71,71,76,76,76,76,76,76,76],"relic_stats":{"Darkstone Periapt":0,"Centennial Puzzle":[3],"counters":[13,48],"PreservedInsect":49,"obtain_stats":[{"Darkstone Periapt":26,"Centennial Puzzle":26,"Matryoshka":23,"Orrery":19,"PreservedInsect":9,"Cracked Core":0,"Nuclear Battery":17},{"Darkstone Periapt":11,"Centennial Puzzle":11,"Matryoshka":10,"Orrery":8,"PreservedInsect":3,"Cracked Core":0,"Nuclear Battery":7},{"Darkstone Periapt":44,"Centennial Puzzle":44,"Matryoshka":37,"Orrery":29,"PreservedInsect":9,"Cracked Core":0,"Nuclear Battery":26}]},"card_choices":[{"not_picked":["Buffer","Biased Cognition"],"picked":"Thunder Strike","floor":0.0},{"not_picked":["Go for the Eyes","Gash"],"picked":"Compile Driver","floor":1.0},{"not_picked":["Blizzard","Compile Driver"],"picked":"Static Discharge","floor":3.0},{"not_picked":["Hologram","Undo"],"picked":"Self Repair","floor":7},{"not_picked":["Reprogram","Rebound"],"picked":"Turbo","floor":10},{"not_picked":["Darkness","Stack"],"picked":"Reboot","floor":12},{"not_picked":["Streamline","Undo","Leap"],"picked":"SKIP","floor":14},{"not_picked":["Amplify","Multi-Cast"],"picked":"Thunder Strike","floor":16},{"not_picked":["Streamline","Consume","Rebound"],"picked":"SKIP","floor":18},{"not_picked":["Gash","Self Repair"],"picked":"Defragment","floor":19},{"not_picked":["Leap","Barrage+1"],"picked":"Chill","floor":19},{"not_picked":["Rebound","Barrage"],"picked":"Ball Lightning","floor":19},{"not_picked":["Undo","Compile Driver"],"picked":"Ball Lightning","floor":19},{"not_picked":["Conserve Battery","Coolheaded"],"picked":"Biased Cognition","floor":20},{"not_picked":["Reboot","Go for the Eyes"],"picked":"Defragment","floor":23},{"not_picked":["Stack","Steam Power"],"picked":"Defragment","floor":25}],"player_experience":1719289,"relics_obtained":[{"floor":9,"key":"PreservedInsect"},{"floor":23,"key":"Matryoshka"},{"floor":26,"key":"Darkstone Periapt"},{"floor":26,"key":"Centennial Puzzle"}],"event_choices":[{"cards_removed":["Strike_B"],"damage_healed":0.0,"max_hp_gain":0.0,"max_hp_loss":0.0,"gold_gain":0.0,"event_name":"Golden Wing","player_choice":"Card Removal","floor":2.0,"gold_loss":0.0,"damage_taken":7.0},{"damage_healed":0,"gold_gain":0,"player_choice":"Ignored","damage_taken":0,"max_hp_gain":0,"max_hp_loss":0,"event_name":"WeMeetAgain","floor":4,"gold_loss":0},{"damage_healed":0,"gold_gain":0,"player_choice":"Ignored","damage_taken":0,"max_hp_gain":0,"max_hp_loss":0,"event_name":"Vampires","floor":21,"gold_loss":0}],"is_beta":false,"boss_relics":[{"not_picked":["Inserter","Astrolabe"],"picked":"Nuclear Battery"}],"items_purged_floors":[],"is_endless":false,"potions_floor_spawned":[7,14,16,20,23,25],"killed_by":"Shelled Parasite and Fungi","ascension_level":20}}