{"host":"Zion","time":1609221798,"event":{"mods":["AchievementEnabler","BaseMod","Colored Map","DeckTracker","Minty Spire (QoL Compilation)","Quick Restart","Rare Cards Sparkle"],"gold_per_floor":[115,115,115,132,143,173,184,214,214,248,104,138,150,150,150,270,270,283,198,216,216,229,229,267,267,293,332,348,248,248,64,64,194,194,218,68,77,77,102,144,207,207,231,255,255,80,104,143,143,143,143,143,143,184,184],"floor_reached":56,"playtime":2955,"items_purged":["Strike_P","Defend_P","Strike_P","Defend_P","Defend_P"],"score":1795,"play_id":"0d9bf701-b035-4a47-8b42-e664d2bb1869","local_time":"20201229150318","is_ascension_mode":true,"campfire_choices":[{"data":"Wallop","floor":15.0,"key":"SMITH"},{"data":"Scrawl","floor":23.0,"key":"SMITH"},{"data":"Scrawl","floor":25.0,"key":"SMITH"},{"data":"1","floor":32.0,"key":"LIFT"},{"data":"Tantrum","floor":42.0,"key":"SMITH"},{"data":"2","floor":45.0,"key":"LIFT"},{"floor":49.0,"key":"RECALL"},{"data":"3","floor":52.0,"key":"LIFT"}],"circlet_count":0,"master_deck":["Strike_P","Strike_P","Eruption+1","Vigilance","CutThroughFate","Wallop+1","EmptyBody","Scrawl+1","FearNoEvil","Scrawl+1","FollowUp+1","Adaptation+1","Master of Strategy","Tantrum+1","WreathOfFlame+1"],"relics":["PureWater","NeowsBlessing","Bag of Preparation","Frozen Egg 2","Ornamental Fan","Singing Bowl","PreservedInsect","Golden Idol","VioletLotus","Girya","Damaru","CeramicFish","MutagenicStrength","Sozu","Meat on the Bone","CloakClasp","Pen Nib","Bronze Scales","Nunchaku"],"acts_visited":["Exordium","TheCity","TheBeyond","TheEnding"],"potions_floor_usage":[55],"damage_taken":[{"damage":0.0,"enemies":"Cultist","floor":1.0,"turns":1.0},{"damage":0.0,"enemies":"2 Louse","floor":4.0,"turns":1.0},{"damage":0.0,"enemies":"Small Slimes","floor":5.0,"turns":1.0},{"damage":18.0,"enemies":"Gremlin Nob","floor":6.0,"turns":3.0},{"damage":0.0,"enemies":"3 Louse","floor":7.0,"turns":2.0},{"damage":12.0,"enemies":"Lagavulin","floor":8.0,"turns":5.0},{"damage":16.0,"enemies":"3 Sentries","floor":10.0,"turns":9.0},{"damage":0.0,"enemies":"Gremlin Nob","floor":12.0,"turns":3.0},{"damage":0.0,"enemies":"Lots of Slimes","floor":13.0,"turns":2.0},{"damage":6.0,"enemies":"Hexaghost","floor":16.0,"turns":8.0},{"damage":0.0,"enemies":"2 Thieves","floor":18.0,"turns":2.0},{"damage":6.0,"enemies":"Spheric Guardian","floor":20.0,"turns":3.0},{"damage":0.0,"enemies":"3 Cultists","floor":22.0,"turns":4.0},{"damage":2.0,"enemies":"Gremlin Leader","floor":24.0,"turns":3.0},{"damage":0.0,"enemies":"Book of Stabbing","floor":27.0,"turns":2.0},{"damage":0.0,"enemies":"Centurion and Healer","floor":28.0,"turns":3.0},{"damage":0.0,"enemies":"Automaton","floor":33.0,"turns":3.0},{"damage":0.0,"enemies":"Orb Walker","floor":35.0,"turns":1.0},{"damage":0.0,"enemies":"3 Shapes","floor":39.0,"turns":1.0},{"damage":0.0,"enemies":"Giant Head","floor":40.0,"turns":3.0},{"damage":0.0,"enemies":"Mind Bloom Boss Battle","floor":41.0,"turns":2.0},{"damage":0.0,"enemies":"Jaw Worm Horde","floor":44.0,"turns":1.0},{"damage":0.0,"enemies":"Writhing Mass","floor":47.0,"turns":1.0},{"damage":0.0,"enemies":"Reptomancer","floor":48.0,"turns":1.0},{"damage":0.0,"enemies":"Time Eater","floor":50.0,"turns":2.0},{"damage":0.0,"enemies":"Shield and Spear","floor":54.0,"turns":1.0},{"damage":53,"enemies":"The Heart","floor":55,"turns":4}],"seed_played":"2732448804939526819","potions_obtained":[{"floor":4.0,"key":"AttackPotion"},{"floor":5.0,"key":"Swift Potion"},{"floor":6.0,"key":"DuplicationPotion"},{"floor":16.0,"key":"Weak Potion"},{"floor":20.0,"key":"SteroidPotion"},{"floor":22.0,"key":"StancePotion"},{"floor":27.0,"key":"DuplicationPotion"}],"is_trial":false,"path_per_floor":["M","?","?","M","M","E","M","E","T","E","$","E","M","?","R","B",null,"M","?","M","?","M","R","E","R","T","E","M","$","?","$","R","B",null,"M","$","?","?","M","E","?","R","T","M","R","$","M","E","R","B",null,"R","$","E","B",null],"character_chosen":"WATCHER","items_purchased":["FearNoEvil","Adaptation+1"],"campfire_rested":0,"item_purchase_floors":[11,31],"current_hp_per_floor":[72,72,72,72,72,54,54,42,42,26,26,26,28,10,10,6,59,61,61,57,57,59,59,57,57,57,59,61,61,61,61,61,63,82,84,84,84,84,84,84,86,86,86,88,88,88,90,92,92,92,93,93,93,95,54],"gold":184,"neow_bonus":"THREE_ENEMY_KILL","is_daily":false,"chose_seed":false,"campfire_upgraded":4,"win_rate":0.0,"timestamp":1609221798,"path_taken":["M","?","?","M","?","E","M","E","T","E","$","E","M","?","R","BOSS","M","?","M","?","M","R","E","R","T","E","?","$","?","$","R","BOSS","M","$","?","?","M","E","?","R","T","M","R","$","M","E","R","BOSS","R","$","E","BOSS"],"items_purchased_type":["Card","Card"],"build_version":"2020-12-18","purchased_purges":5,"victory":true,"max_hp_per_floor":[72,72,72,72,72,72,72,72,72,72,72,72,74,74,74,76,76,78,78,80,80,82,82,82,82,82,84,86,86,86,86,86,88,88,90,90,90,85,85,85,87,87,87,89,89,89,91,93,93,93,93,93,93,95,95],"card_choices":[{"not_picked":["SignatureMove","ForeignInfluence"],"picked":"CutThroughFate","floor":1.0},{"not_picked":["FlurryOfBlows","CarveReality"],"picked":"Wallop","floor":4.0},{"not_picked":["Pray","Protect","Weave"],"picked":"SKIP","floor":5.0},{"not_picked":["ConjureBlade","LikeWater","CrushJoints"],"picked":"SKIP","floor":6.0},{"not_picked":["ConjureBlade","LikeWater","CrushJoints"],"picked":"SKIP","floor":6.0},{"not_picked":["Prostrate","FlurryOfBlows"],"picked":"EmptyBody","floor":7.0},{"not_picked":["Prostrate","JustLucky","Consecrate"],"picked":"SKIP","floor":8.0},{"not_picked":["ThirdEye","JustLucky"],"picked":"Scrawl","floor":10.0},{"not_picked":["WindmillStrike","Conclude"],"picked":"Scrawl","floor":12.0},{"not_picked":["Collect","EmptyBody","SashWhip"],"picked":"Singing Bowl","floor":13.0},{"not_picked":["MasterReality+1","DevaForm+1","Brilliance"],"picked":"Singing Bowl","floor":16.0},{"not_picked":["Protect","Halt","ForeignInfluence"],"picked":"Singing Bowl","floor":18.0},{"not_picked":["InnerPeace","JustLucky","PathToVictory"],"picked":"Singing Bowl","floor":20.0},{"not_picked":["Indignation+1","DeceiveReality","SandsOfTime"],"picked":"Singing Bowl","floor":22.0},{"not_picked":["Omniscience","Consecrate+1"],"picked":"FollowUp+1","floor":24.0},{"not_picked":["Crescendo","CrushJoints","BowlingBash"],"picked":"Singing Bowl","floor":27.0},{"not_picked":["LikeWater+1","Crescendo","WaveOfTheHand"],"picked":"Singing Bowl","floor":28.0},{"not_picked":["LessonLearned","Omniscience","DevaForm+1"],"picked":"Singing Bowl","floor":33.0},{"not_picked":["Conclude","LikeWater+1","EmptyFist+1"],"picked":"Singing Bowl","floor":35.0},{"not_picked":["Deep Breath","Enlightenment"],"picked":"Master of Strategy","floor":37.0},{"not_picked":["WindmillStrike+1","CrushJoints"],"picked":"Tantrum","floor":39.0},{"not_picked":["WindmillStrike","Conclude"],"picked":"WreathOfFlame+1","floor":40.0},{"not_picked":["Consecrate+1","Wallop+1","FlyingSleeves+1"],"picked":"Singing Bowl","floor":41.0},{"not_picked":["ThirdEye+1","EmptyBody","Pray"],"picked":"Singing Bowl","floor":44.0},{"not_picked":["Wallop+1","LikeWater+1","JustLucky"],"picked":"Singing Bowl","floor":47.0},{"not_picked":["Prostrate","Evaluate+1","FlurryOfBlows"],"picked":"Singing Bowl","floor":48.0},{"not_picked":["ReachHeaven+1","Establishment+1","Fasting2+1"],"picked":"Singing Bowl","floor":54.0}],"player_experience":188988,"relics_obtained":[{"floor":6.0,"key":"Bag of Preparation"},{"floor":8.0,"key":"Frozen Egg 2"},{"floor":9.0,"key":"Ornamental Fan"},{"floor":10.0,"key":"Singing Bowl"},{"floor":12.0,"key":"PreservedInsect"},{"floor":24.0,"key":"Damaru"},{"floor":27.0,"key":"CeramicFish"},{"floor":40.0,"key":"Meat on the Bone"},{"floor":41.0,"key":"CloakClasp"},{"floor":43.0,"key":"Pen Nib"},{"floor":48.0,"key":"Bronze Scales"},{"floor":54.0,"key":"Nunchaku"}],"event_choices":[{"cards_removed":["Defend_P"],"damage_healed":0.0,"max_hp_gain":0.0,"max_hp_loss":0.0,"gold_gain":0.0,"event_name":"Living Wall","player_choice":"Forget","floor":2.0,"gold_loss":0.0,"damage_taken":0.0},{"damage_healed":0.0,"max_hp_gain":0.0,"max_hp_loss":0.0,"gold_gain":0.0,"event_name":"Accursed Blacksmith","player_choice":"Forge","floor":3.0,"gold_loss":0.0,"damage_taken":0.0,"cards_upgraded":["Eruption"]},{"damage_healed":0.0,"max_hp_gain":0.0,"max_hp_loss":0.0,"gold_gain":0.0,"event_name":"Golden Idol","player_choice":"Take Damage","floor":14.0,"gold_loss":0.0,"damage_taken":18.0,"relics_obtained":["Golden Idol"]},{"damage_healed":0.0,"max_hp_gain":0.0,"max_hp_loss":0.0,"gold_gain":0.0,"event_name":"Addict","player_choice":"Obtained Relic","floor":19.0,"gold_loss":85.0,"damage_taken":0.0,"relics_obtained":["Girya"]},{"damage_healed":0.0,"max_hp_gain":0.0,"max_hp_loss":0.0,"gold_gain":0.0,"event_name":"Match and Keep!","player_choice":"0 cards matched","floor":21.0,"gold_loss":0.0,"damage_taken":0.0,"cards_obtained":[]},{"damage_healed":0.0,"max_hp_gain":0.0,"max_hp_loss":0.0,"gold_gain":0.0,"event_name":"Drug Dealer","player_choice":"Inject Mutagens","floor":30.0,"gold_loss":0.0,"damage_taken":0.0,"relics_obtained":["MutagenicStrength"]},{"damage_healed":0.0,"max_hp_gain":0.0,"max_hp_loss":0.0,"gold_gain":0.0,"event_name":"SensoryStone","player_choice":"Memory 1","floor":37.0,"gold_loss":0.0,"damage_taken":0.0},{"damage_healed":0.0,"max_hp_gain":0.0,"max_hp_loss":5.0,"gold_gain":0.0,"event_name":"Winding Halls","player_choice":"Max HP","floor":38.0,"gold_loss":0.0,"damage_taken":0.0},{"damage_healed":0.0,"max_hp_gain":0.0,"max_hp_loss":0.0,"gold_gain":0.0,"event_name":"MindBloom","player_choice":"Fight","floor":41.0,"gold_loss":0.0,"damage_taken":0.0}],"is_beta":true,"boss_relics":[{"not_picked":["Cursed Key","Pandora\u0027s Box"],"picked":"VioletLotus"},{"not_picked":["Busted Crown","Tiny House"],"picked":"Sozu"}],"items_purged_floors":[11,29,31,36,46],"is_endless":false,"potions_floor_spawned":[4,5,6,10,12,16,20,22,27,33,35,41,44,47],"ascension_level":5}}