{"host":"dftyqn972q7tuon4","time":1609264832,"event":{"mods":["AchievementEnabler","BaseMod","Better Altar","Better Match","Better Note","Better Sensory Stone","Better Skull","Better Third Choice","Colored Powertips","Highlight Path","Minty Spire (QoL Compilation)","Permanent Neow","Quick Restart","StSLib"],"gold_per_floor":[19,19,29,46,46,78,78,104,104,123,151,151,161,177,177,280,280,292,292,11,11,11,11,36,56,82,82,99,2,35,46,46,141,141,153,85,160,0,0,0,33,52,52,63,63,63,82,118,118,118],"floor_reached":51,"playtime":4530,"items_purged":["Defend_P"],"score":891,"play_id":"0af4750d-381e-4889-8c7d-6996df992a89","local_time":"20201229190032","is_ascension_mode":true,"campfire_choices":[{"data":"Secret Weapon","floor":7.0,"key":"SMITH"},{"floor":15.0,"key":"REST"},{"data":"ClearTheMind","floor":23,"key":"SMITH"},{"data":"Establishment","floor":32,"key":"SMITH"},{"data":"Eruption","floor":40,"key":"SMITH"},{"floor":45,"key":"REST"},{"data":"FlurryOfBlows","floor":49,"key":"SMITH"}],"circlet_count":0,"master_deck":["Strike_P+1","Defend_P+1","Defend_P+1","Eruption+1","Vigilance+1","Secret Weapon+1","Evaluate+1","Wallop+1","Halt","DeceiveReality","EmptyFist","FearNoEvil","LessonLearned+1","WindmillStrike","ClearTheMind","ClearTheMind+1","FlurryOfBlows+1","Wallop","MasterReality+1","Panacea+1","Establishment+1","Wish","LikeWater","InnerPeace+1","CrushJoints+1","FlurryOfBlows+1","WindmillStrike+1","CarveReality+1","EmptyFist"],"relics":["PureWater","Ornamental Fan","Mummified Hand","Pear","Vajra","VioletLotus","Toy Ornithopter","CloakClasp","MealTicket","Akabeko","Centennial Puzzle","Philosopher\u0027s Stone","Ginger","Red Mask","Bottled Lightning","Darkstone Periapt"],"acts_visited":["Exordium","TheCity","TheBeyond"],"potions_floor_usage":[18,25,33,37,42,50,50,50],"damage_taken":[{"damage":0.0,"enemies":"Small Slimes","floor":1.0,"turns":2.0},{"damage":0.0,"enemies":"Cultist","floor":3.0,"turns":2.0},{"damage":0.0,"enemies":"Jaw Worm","floor":4.0,"turns":3.0},{"damage":10.0,"enemies":"Gremlin Nob","floor":6.0,"turns":3.0},{"damage":14.0,"enemies":"3 Sentries","floor":8.0,"turns":10.0},{"damage":3.0,"enemies":"Large Slime","floor":10.0,"turns":4.0},{"damage":8.0,"enemies":"Lagavulin","floor":11.0,"turns":6.0},{"damage":8.0,"enemies":"Lots of Slimes","floor":13.0,"turns":4.0},{"damage":0.0,"enemies":"2 Fungi Beasts","floor":14.0,"turns":2.0},{"damage":8.0,"enemies":"Hexaghost","floor":16.0,"turns":7.0},{"damage":21,"enemies":"3 Byrds","floor":18,"turns":5},{"damage":13,"enemies":"Gremlin Leader","floor":24,"turns":9},{"damage":0,"enemies":"Spheric Guardian","floor":25,"turns":3},{"damage":12,"enemies":"Snake Plant","floor":28,"turns":4},{"damage":8,"enemies":"Slavers","floor":30,"turns":5},{"damage":6,"enemies":"Centurion and Healer","floor":31,"turns":8},{"damage":16,"enemies":"Champ","floor":33,"turns":12},{"damage":4,"enemies":"Orb Walker","floor":35,"turns":2},{"damage":5,"enemies":"Mind Bloom Boss Battle","floor":37,"turns":8},{"damage":8,"enemies":"Nemesis","floor":41,"turns":7},{"damage":46,"enemies":"3 Darklings","floor":42,"turns":5},{"damage":3,"enemies":"Transient","floor":44,"turns":5},{"damage":8,"enemies":"Writhing Mass","floor":47,"turns":5},{"damage":5,"enemies":"Spire Growth","floor":48,"turns":6},{"damage":26,"enemies":"Time Eater","floor":50,"turns":6}],"seed_played":"3731402765188710792","potions_obtained":[{"floor":10.0,"key":"Block Potion"},{"floor":11.0,"key":"Swift Potion"},{"floor":13.0,"key":"Swift Potion"},{"floor":14.0,"key":"Explosive Potion"},{"floor":24,"key":"Regen Potion"},{"floor":28,"key":"Block Potion"},{"floor":31,"key":"Fire Potion"},{"floor":33,"key":"SkillPotion"},{"floor":35,"key":"EssenceOfSteel"},{"floor":41,"key":"Ancient Potion"},{"floor":47,"key":"AttackPotion"}],"is_trial":false,"path_per_floor":["M","?","M","M","?","E","R","E","T","M","E","?","M","M","R","B",null,"M","?","$","?","?","R","E","M","T","?","M","$","E","M","R","B",null,"M","$","?","?","?","R","E","M","T","M","R","$","M","M","R","B",null],"character_chosen":"WATCHER","items_purchased":["FlurryOfBlows","Toy Ornithopter","Panacea","LikeWater"],"campfire_rested":2,"item_purchase_floors":[20,20,29,36],"current_hp_per_floor":[65,65,65,65,65,55,55,41,51,48,40,40,32,32,56,48,74,53,53,53,53,53,53,40,54,54,54,42,57,49,43,43,32,70,66,81,77,77,77,77,69,28,28,25,49,64,56,51,51,40],"gold":118,"neow_bonus":"RANDOM_COLORLESS_2","is_daily":false,"chose_seed":false,"campfire_upgraded":5,"win_rate":0.0,"timestamp":1609264832,"path_taken":["M","?","?","M","?","E","R","E","T","M","E","?","?","M","R","BOSS","M","?","$","?","?","R","E","M","T","?","?","$","E","M","R","BOSS","M","$","?","?","?","R","E","M","T","M","R","$","M","M","R","BOSS"],"items_purchased_type":["Card","Relic","Card","Card"],"build_version":"2020-12-22","purchased_purges":1,"victory":true,"max_hp_per_floor":[72,72,72,72,72,72,72,72,82,82,82,82,82,82,82,82,82,82,82,82,82,82,82,82,82,82,82,82,82,82,82,82,82,82,82,82,82,82,82,82,82,82,82,82,82,82,82,82,82,82],"card_choices":[{"not_picked":["Magnetism","Master of Strategy"],"picked":"Secret Weapon","floor":0.0},{"not_picked":["PathToVictory","Weave"],"picked":"Evaluate","floor":1.0},{"not_picked":["Weave","PathToVictory"],"picked":"Wallop","floor":3.0},{"not_picked":["JustLucky","WheelKick"],"picked":"Halt","floor":4.0},{"not_picked":["BowlingBash","Perseverance"],"picked":"DeceiveReality","floor":6.0},{"not_picked":["Evaluate","SandsOfTime"],"picked":"EmptyFist","floor":8.0},{"not_picked":["Tantrum","SignatureMove"],"picked":"FearNoEvil","floor":10.0},{"not_picked":["JustLucky","FollowUp"],"picked":"LessonLearned","floor":11.0},{"not_picked":["FearNoEvil","Worship"],"picked":"WindmillStrike","floor":13.0},{"not_picked":["SashWhip","Swivel"],"picked":"ClearTheMind","floor":14.0},{"not_picked":["LessonLearned","Omniscience"],"picked":"Blasphemy","floor":16.0},{"not_picked":["Halt","BowlingBash"],"picked":"ClearTheMind","floor":18},{"not_picked":["EmptyFist","FollowUp","ClearTheMind"],"picked":"SKIP","floor":24},{"not_picked":["Scrawl","Halt","CutThroughFate"],"picked":"SKIP","floor":25},{"not_picked":["Prostrate","ClearTheMind","Vengeance"],"picked":"SKIP","floor":28},{"not_picked":["EmptyMind","FlyingSleeves+1"],"picked":"Establishment","floor":30},{"not_picked":["FlyingSleeves","Prostrate","EmptyFist"],"picked":"SKIP","floor":31},{"not_picked":["MasterReality","Omniscience"],"picked":"Wish","floor":33},{"not_picked":["BowlingBash+1","FlyingSleeves+1","CutThroughFate"],"picked":"SKIP","floor":35},{"not_picked":["Protect+1","Prostrate+1"],"picked":"InnerPeace+1","floor":37},{"not_picked":["Protect","BowlingBash+1"],"picked":"CrushJoints+1","floor":41},{"not_picked":["LikeWater+1","Crescendo+1"],"picked":"FlurryOfBlows+1","floor":42},{"not_picked":["CutThroughFate","Collect"],"picked":"WindmillStrike+1","floor":44},{"not_picked":["Collect+1","Sanctity"],"picked":"CarveReality+1","floor":47},{"not_picked":["EmptyBody+1","Prostrate+1"],"picked":"EmptyFist","floor":48}],"player_experience":529912,"relics_obtained":[{"floor":6.0,"key":"Ornamental Fan"},{"floor":8.0,"key":"Mummified Hand"},{"floor":9.0,"key":"Pear"},{"floor":11.0,"key":"Vajra"},{"floor":24,"key":"MealTicket"},{"floor":26,"key":"Akabeko"},{"floor":30,"key":"Centennial Puzzle"},{"floor":37,"key":"Ginger"},{"floor":41,"key":"Bottled Lightning"},{"floor":43,"key":"Darkstone Periapt"}],"event_choices":[{"cards_removed":["Defend_P"],"damage_healed":0.0,"max_hp_gain":0.0,"max_hp_loss":0.0,"gold_gain":0.0,"event_name":"Bonfire Elementals","player_choice":"Offered Basic","floor":2.0,"gold_loss":0.0,"damage_taken":0.0},{"cards_removed":["Strike_P"],"damage_healed":0.0,"max_hp_gain":0.0,"max_hp_loss":0.0,"gold_gain":0.0,"event_name":"Living Wall","player_choice":"Forget","floor":5.0,"gold_loss":0.0,"damage_taken":0.0},{"damage_healed":0.0,"max_hp_gain":0.0,"max_hp_loss":0.0,"gold_gain":0.0,"event_name":"Upgrade Shrine","player_choice":"Upgraded","floor":12.0,"gold_loss":0.0,"damage_taken":0.0,"cards_upgraded":["LessonLearned"]},{"damage_healed":0,"gold_gain":0,"player_choice":"Ignored","damage_taken":0,"max_hp_gain":0,"max_hp_loss":0,"event_name":"Ghosts","floor":19,"gold_loss":0},{"damage_healed":0,"gold_gain":0,"cards_transformed":["Strike_P","Strike_P"],"player_choice":"Became Test Subject","damage_taken":0,"max_hp_gain":0,"max_hp_loss":0,"event_name":"Drug Dealer","floor":21,"gold_loss":0,"cards_obtained":["Wallop","MasterReality"]},{"damage_healed":0,"gold_gain":0,"player_choice":"Stole Relic","damage_taken":0,"relics_obtained":["CloakClasp"],"max_hp_gain":0,"max_hp_loss":0,"event_name":"Addict","floor":22,"gold_loss":0,"cards_obtained":["Shame"]},{"cards_removed":["Shame"],"damage_healed":0,"gold_gain":0,"player_choice":"Purged","damage_taken":0,"max_hp_gain":0,"max_hp_loss":0,"event_name":"Purifier","floor":27,"gold_loss":0},{"damage_healed":0,"gold_gain":0,"player_choice":"Fight","damage_taken":0,"max_hp_gain":0,"max_hp_loss":0,"event_name":"MindBloom","floor":37,"gold_loss":0},{"damage_healed":0,"gold_gain":0,"player_choice":"Paid","damage_taken":0,"relics_obtained":["Red Mask"],"max_hp_gain":0,"max_hp_loss":0,"event_name":"Tomb of Lord Red Mask","floor":38,"gold_loss":160},{"cards_removed":["Blasphemy"],"damage_healed":0,"gold_gain":0,"player_choice":"Removed Skill","damage_taken":0,"max_hp_gain":0,"max_hp_loss":0,"event_name":"Falling","floor":39,"gold_loss":0}],"is_beta":false,"boss_relics":[{"not_picked":["Runic Dome","SacredBark"],"picked":"VioletLotus"},{"not_picked":["Calling Bell","Tiny House"],"picked":"Philosopher\u0027s Stone"}],"items_purged_floors":[20],"is_endless":false,"potions_floor_spawned":[10,11,13,14,24,28,31,33,35,41,47],"ascension_level":6}}