{"host":"f5uumzf5hfexzk8l","time":1609282186,"event":{"mods":["AchievementEnabler","BaseMod","Colored Map","Googly Eyes","Highlight Path","Minty Spire (QoL Compilation)","Permanent Neow","StSLib","SuperFastMode","Unceasing Turn Reminder","everything is the same but u backflip on backflip"],"gold_per_floor":[110,110,127,52,62,62,89,106,133,165,182,201,219,254,254,331,331,351,161,161,178,53,87,107,137,137,168,187,199,218,232,232,305,305,320,338,188,188,13,13,43,58,91,139,139,158,170,180,9,34,34,34,34],"floor_reached":52,"playtime":2551,"items_purged":["Strike_G","Strike_G","Defend_G+1","Dagger Spray","Strike_G+1","Strike_G+1"],"score":1410,"play_id":"31c61ed7-7f03-4d79-9c0e-869d78eee406","local_time":"20201229144946","is_ascension_mode":true,"campfire_choices":[{"data":"Blade Dance","floor":6,"key":"SMITH"},{"floor":15,"key":"REST"},{"floor":32,"key":"REST"},{"data":"After Image","floor":40,"key":"SMITH"},{"floor":45,"key":"REST"},{"floor":51,"key":"REST"}],"circlet_count":0,"master_deck":["AscendersBane","Defend_G+1","Defend_G+1","Defend_G+1","Defend_G+1","Survivor","Neutralize","Blade Dance+1","After Image+1","Envenom","Blade Dance","Cloak And Dagger","Wraith Form v2","PiercingWail","Purity","A Thousand Cuts"],"relics":["Ring of the Snake","Nunchaku","Akabeko","Happy Flower","Girya","Runic Pyramid","Darkstone Periapt","Bag of Preparation","InkBottle","Vajra","Busted Crown","Oddly Smooth Stone","Regal Pillow","Blood Vial","Snake Skull"],"acts_visited":["Exordium","TheCity","TheBeyond"],"potions_floor_usage":[7,10,16,23,52,52],"damage_taken":[{"damage":1,"enemies":"Small Slimes","floor":1,"turns":3},{"damage":0,"enemies":"Cultist","floor":3,"turns":4},{"damage":0,"enemies":"2 Louse","floor":5,"turns":3},{"damage":38,"enemies":"Lagavulin","floor":7,"turns":9},{"damage":0,"enemies":"Exordium Wildlife","floor":8,"turns":2},{"damage":6,"enemies":"Gremlin Nob","floor":10,"turns":3},{"damage":1,"enemies":"Gremlin Gang","floor":11,"turns":3},{"damage":5,"enemies":"Red Slaver","floor":12,"turns":2},{"damage":0,"enemies":"2 Fungi Beasts","floor":13,"turns":3},{"damage":0,"enemies":"Lagavulin","floor":14,"turns":5},{"damage":29,"enemies":"The Guardian","floor":16,"turns":12},{"damage":0,"enemies":"Chosen","floor":18,"turns":5},{"damage":7,"enemies":"Shell Parasite","floor":21,"turns":7},{"damage":18,"enemies":"Slavers","floor":23,"turns":6},{"damage":1,"enemies":"Centurion and Healer","floor":24,"turns":9},{"damage":10,"enemies":"Gremlin Leader","floor":25,"turns":8},{"damage":9,"enemies":"Book of Stabbing","floor":27,"turns":7},{"damage":7,"enemies":"Chosen and Byrds","floor":28,"turns":6},{"damage":20,"enemies":"Shelled Parasite and Fungi","floor":29,"turns":4},{"damage":14,"enemies":"Sentry and Sphere","floor":30,"turns":5},{"damage":3,"enemies":"Snake Plant","floor":31,"turns":4},{"damage":28,"enemies":"Champ","floor":33,"turns":9},{"damage":0,"enemies":"3 Shapes","floor":35,"turns":5},{"damage":2,"enemies":"3 Darklings","floor":36,"turns":4},{"damage":21,"enemies":"Nemesis","floor":41,"turns":7},{"damage":24,"enemies":"Jaw Worm Horde","floor":42,"turns":5},{"damage":0,"enemies":"Giant Head","floor":43,"turns":7},{"damage":0,"enemies":"Transient","floor":46,"turns":6},{"damage":0,"enemies":"Sphere and 2 Shapes","floor":47,"turns":6},{"damage":0,"enemies":"Maw","floor":48,"turns":6},{"damage":24,"enemies":"Reptomancer","floor":50,"turns":6},{"damage":75,"enemies":"Time Eater","floor":52,"turns":8}],"seed_played":"-3046797828539222001","potions_obtained":[{"floor":3,"key":"DistilledChaos"},{"floor":5,"key":"Weak Potion"},{"floor":8,"key":"CultistPotion"},{"floor":11,"key":"Strength Potion"},{"floor":12,"key":"FairyPotion"},{"floor":14,"key":"Regen Potion"},{"floor":18,"key":"GamblersBrew"},{"floor":24,"key":"Poison Potion"},{"floor":42,"key":"Poison Potion"},{"floor":48,"key":"SteroidPotion"}],"is_trial":false,"path_per_floor":["M","?","M","$","M","R","E","M","T","E","M","M","M","E","R","B",null,"M","$","?","M","$","E","M","E","T","E","M","M","M","M","R","B",null,"M","M","$","?","$","R","E","M","E","T","R","M","M","M","$","E","R","B"],"character_chosen":"THE_SILENT","items_purchased":["Purity"],"campfire_rested":4,"item_purchase_floors":[19],"current_hp_per_floor":[58,58,58,58,58,58,20,20,20,14,13,8,8,8,27,13,53,53,53,53,46,46,28,27,17,17,8,1,11,17,14,33,5,51,51,49,49,45,45,45,24,19,19,19,53,55,57,59,59,37,66,0,0],"gold":34,"neow_bonus":"THREE_CARDS","is_daily":false,"chose_seed":false,"campfire_upgraded":2,"win_rate":0.0,"timestamp":1609282186,"path_taken":["M","?","M","?","M","R","E","?","T","E","M","M","M","E","R","BOSS","M","$","?","M","$","E","M","E","T","E","M","M","M","M","R","BOSS","M","M","$","?","$","R","E","?","E","T","R","M","M","M","?","E","R","BOSS"],"items_purchased_type":["Card"],"build_version":"2020-12-22","purchased_purges":6,"victory":false,"max_hp_per_floor":[66,66,66,66,66,66,66,66,66,66,66,66,66,66,66,66,66,66,66,66,66,66,66,66,66,66,66,66,66,66,66,66,66,66,66,66,66,66,66,66,66,66,66,66,66,66,66,66,66,66,66,66,66],"card_choices":[{"not_picked":["Concentrate","Prepared"],"picked":"Blade Dance","floor":0},{"not_picked":["Prepared","Backflip","Flying Knee"],"picked":"SKIP","floor":1},{"not_picked":["Predator","Acrobatics"],"picked":"After Image","floor":3},{"not_picked":["Calculated Gamble","Backflip"],"picked":"Dagger Spray","floor":5},{"not_picked":["Flechettes","Flying Knee"],"picked":"Envenom","floor":7},{"not_picked":["Deflect","Infinite Blades"],"picked":"Blade Dance","floor":8},{"not_picked":["Poisoned Stab","Prepared","Blade Dance"],"picked":"SKIP","floor":10},{"not_picked":["Heel Hook","Flying Knee"],"picked":"Cloak And Dagger","floor":11},{"not_picked":["Underhanded Strike","Dagger Throw","Poisoned Stab"],"picked":"SKIP","floor":12},{"not_picked":["Dodge and Roll","Distraction","Reflex"],"picked":"SKIP","floor":13},{"not_picked":["Flying Knee","Blur","Predator"],"picked":"SKIP","floor":14},{"not_picked":["Bullet Time","Phantasmal Killer"],"picked":"Wraith Form v2","floor":16},{"not_picked":["Flying Knee","Underhanded Strike"],"picked":"PiercingWail","floor":18},{"not_picked":["Dodge and Roll","Outmaneuver","PiercingWail"],"picked":"SKIP","floor":21},{"not_picked":["Setup","Cloak And Dagger","Blade Dance"],"picked":"SKIP","floor":23},{"not_picked":["Crippling Poison","Outmaneuver","Deadly Poison"],"picked":"SKIP","floor":24},{"not_picked":["Storm of Steel","Dodge and Roll","Backflip"],"picked":"SKIP","floor":25},{"not_picked":["Deadly Poison","PiercingWail+1","Sucker Punch"],"picked":"SKIP","floor":27},{"not_picked":["Infinite Blades","Slice","Acrobatics"],"picked":"SKIP","floor":28},{"not_picked":["Flying Knee","Cloak And Dagger","Poisoned Stab"],"picked":"SKIP","floor":29},{"not_picked":["Caltrops","Dagger Throw"],"picked":"A Thousand Cuts","floor":30},{"not_picked":["Dagger Spray","Cloak And Dagger","Backflip"],"picked":"SKIP","floor":31},{"not_picked":["Escape Plan+1"],"picked":"SKIP","floor":35},{"not_picked":["Terror"],"picked":"SKIP","floor":36},{"not_picked":["Slice"],"picked":"SKIP","floor":41},{"not_picked":["Escape Plan"],"picked":"SKIP","floor":42},{"not_picked":["Underhanded Strike"],"picked":"SKIP","floor":43},{"not_picked":["Leg Sweep"],"picked":"SKIP","floor":46},{"not_picked":["Slice"],"picked":"SKIP","floor":47},{"not_picked":["Accuracy+1"],"picked":"SKIP","floor":48},{"not_picked":["Cloak And Dagger"],"picked":"SKIP","floor":50}],"player_experience":334621,"relics_obtained":[{"floor":7,"key":"Nunchaku"},{"floor":9,"key":"Akabeko"},{"floor":10,"key":"Happy Flower"},{"floor":14,"key":"Girya"},{"floor":23,"key":"Darkstone Periapt"},{"floor":25,"key":"Bag of Preparation"},{"floor":26,"key":"InkBottle"},{"floor":27,"key":"Vajra"},{"floor":41,"key":"Oddly Smooth Stone"},{"floor":43,"key":"Regal Pillow"},{"floor":44,"key":"Blood Vial"},{"floor":50,"key":"Snake Skull"}],"event_choices":[{"cards_removed":["Strike_G"],"damage_healed":0,"gold_gain":0,"player_choice":"Offered Basic","damage_taken":0,"max_hp_gain":0,"max_hp_loss":0,"event_name":"Bonfire Elementals","floor":2,"gold_loss":0},{"damage_healed":0,"gold_gain":0,"player_choice":"Simplicity","damage_taken":0,"max_hp_gain":0,"max_hp_loss":0,"event_name":"Back to Basics","floor":20,"gold_loss":0,"cards_upgraded":["Strike_G","Strike_G","Defend_G","Defend_G","Defend_G","Defend_G","Defend_G"]},{"damage_healed":0,"gold_gain":0,"player_choice":"Bought 0 Potions","damage_taken":0,"max_hp_gain":0,"max_hp_loss":0,"event_name":"The Woman in Blue","floor":38,"gold_loss":0}],"is_beta":false,"boss_relics":[{"not_picked":["Coffee Dripper","Calling Bell"],"picked":"Runic Pyramid"},{"not_picked":["Fusion Hammer","Velvet Choker"],"picked":"Busted Crown"}],"items_purged_floors":[4,19,22,37,39,49],"is_endless":false,"potions_floor_spawned":[3,5,8,11,12,14,18,24,25,30,33,42,43,46,48,50],"killed_by":"Time Eater","ascension_level":20}}