{"host":"a5zr8hf2yymwt50u","time":1609266471,"event":{"mods":["BaseMod","Colored Map","GungeonMod","Minty Spire (QoL Compilation)","StSLib"],"gold_per_floor":[218,218,0,0,64,102,102,120,120,120,136,150,7,23,23,151,151,202,220,285,285,345,345,345],"floor_reached":23,"playtime":1727,"items_purged":[],"score":193,"play_id":"b7d77bac-e1a2-4363-9b5f-ad5367049389","local_time":"20201230032751","is_ascension_mode":false,"campfire_choices":[{"floor":7.0,"key":"REST"},{"data":"DemoMod:Roll","floor":15.0,"key":"SMITH"}],"circlet_count":0,"master_deck":["DemoMod:Strike_Huntress","DemoMod:Strike_Huntress","DemoMod:Strike_Huntress","DemoMod:Defend_Huntress","DemoMod:Defend_Huntress","DemoMod:Defend_Huntress","DemoMod:Defend_Huntress","DemoMod:Roll+1","DemoMod:ManualReload","DemoMod:RustySidearm","DemoMod:CrossBow","DemoMod:ChanceBullets+1","DemoMod:AbyssalTentacle","DemoMod:HardPowerCard","DemoMod:AbyssalTentacle","DemoMod:ShadowBullets","DemoMod:ThirdPartyController","DemoMod:HardPowerCard","DemoMod:FinishedGun","DemoMod:BlackHoleGun","DemoMod:ZorGun","DemoMod:AbyssalTentacle"],"relics":["DemoMod:Dog","Golden Idol","DemoMod:GnawedKey","DemoMod:Bottle","InkBottle","DemoMod:BlueGuonStone","DemoMod:MeatBun","DemoMod:Test1","DemoMod:Limited","Enchiridion"],"acts_visited":["Exordium","TheCity"],"potions_floor_usage":[],"damage_taken":[{"damage":0.0,"enemies":"Cultist","floor":1.0,"turns":3.0},{"damage":12.0,"enemies":"2 Louse","floor":5.0,"turns":2.0},{"damage":46.0,"enemies":"Gremlin Nob","floor":6.0,"turns":5.0},{"damage":8.0,"enemies":"Small Slimes","floor":8.0,"turns":4.0},{"damage":0.0,"enemies":"Gremlin Gang","floor":11.0,"turns":5.0},{"damage":0.0,"enemies":"Exordium Thugs","floor":12.0,"turns":5.0},{"damage":0.0,"enemies":"Exordium Wildlife","floor":14.0,"turns":2.0},{"damage":13.0,"enemies":"Hexaghost","floor":16.0,"turns":9.0},{"damage":0,"enemies":"2 Thieves","floor":18,"turns":4},{"damage":7,"enemies":"Chosen","floor":19,"turns":5},{"damage":17,"enemies":"Shelled Parasite and Fungi","floor":22,"turns":8},{"damage":30,"enemies":"Book of Stabbing","floor":23,"turns":5}],"seed_played":"3442436874099824309","potions_obtained":[{"floor":5.0,"key":"Fire Potion"},{"floor":6.0,"key":"PowerPotion"},{"floor":8.0,"key":"Strength Potion"},{"floor":18,"key":"GamblersBrew"},{"floor":22,"key":"AttackPotion"}],"is_trial":false,"path_per_floor":["M","?","$","?","M","E","R","M","T","?","M","M","$","M","R","B",null,"M","M","?","?","M","E"],"character_chosen":"HUNTRESS","items_purchased":["DemoMod:HungryBullets","DemoMod:AbyssalTentacle","DemoMod:GnawedKey","DemoMod:MeatBun"],"campfire_rested":1,"item_purchase_floors":[3,3,3,13],"current_hp_per_floor":[70,53,53,53,41,1,22,14,14,14,14,14,28,31,31,18,70,70,63,63,47,30,0,0],"gold":345,"neow_bonus":"HUNDRED_GOLD","is_daily":false,"chose_seed":false,"campfire_upgraded":1,"win_rate":0.0,"timestamp":1609266471,"path_taken":["M","?","$","?","M","E","R","?","T","?","M","M","$","M","R","BOSS","M","?","?","?","M","E"],"items_purchased_type":["Card","Card","Relic","Relic"],"build_version":"2020-12-22","purchased_purges":0,"victory":false,"max_hp_per_floor":[70,70,70,70,70,70,70,70,70,70,70,70,70,70,70,70,70,70,70,70,70,70,70,70],"card_choices":[{"not_picked":["DemoMod:ConditionalReflex","DemoMod:FastSwitch"],"picked":"DemoMod:ChanceBullets","floor":1.0},{"not_picked":["DemoMod:TeaPot","DemoMod:ConditionalReflex"],"picked":"DemoMod:HardPowerCard","floor":5.0},{"not_picked":["DemoMod:ConditionalReflex","DemoMod:FastSwitch"],"picked":"DemoMod:AbyssalTentacle","floor":6.0},{"not_picked":["DemoMod:DirectionalPad","DemoMod:ConditionalReflex"],"picked":"DemoMod:ShadowBullets","floor":8.0},{"not_picked":["DemoMod:BoxingGlove","DemoMod:JK47"],"picked":"DemoMod:ThirdPartyController","floor":11.0},{"not_picked":["DemoMod:Unmoved","DemoMod:StickyCrossBow"],"picked":"DemoMod:HardPowerCard","floor":12.0},{"not_picked":["DemoMod:GunShield","DemoMod:DirectionalPad"],"picked":"DemoMod:FinishedGun","floor":14.0},{"not_picked":["DemoMod:Desperate","DemoMod:BalloonGun"],"picked":"DemoMod:BlackHoleGun","floor":16.0},{"not_picked":["DemoMod:GunShield","DemoMod:BoxingGlove","DemoMod:PracticeMakesPerfect"],"picked":"SKIP","floor":18},{"not_picked":["DemoMod:TeaPot","DemoMod:BattleInHaste"],"picked":"DemoMod:ZorGun","floor":19},{"not_picked":["DemoMod:PracticeMakesPerfect","DemoMod:BoxingGlove"],"picked":"DemoMod:AbyssalTentacle","floor":22}],"player_experience":211680,"relics_obtained":[{"floor":6.0,"key":"InkBottle"},{"floor":9.0,"key":"DemoMod:BlueGuonStone"},{"floor":21,"key":"Enchiridion"}],"event_choices":[{"damage_healed":0.0,"max_hp_gain":0.0,"max_hp_loss":0.0,"gold_gain":0.0,"event_name":"Golden Idol","player_choice":"Take Damage","floor":2.0,"gold_loss":0.0,"damage_taken":17.0,"relics_obtained":["Golden Idol"]},{"cards_removed":["DemoMod:HungryBullets"],"damage_healed":0.0,"max_hp_gain":0.0,"max_hp_loss":0.0,"gold_gain":0.0,"event_name":"WeMeetAgain","player_choice":"Gave Card","floor":4.0,"gold_loss":0.0,"damage_taken":0.0,"relics_obtained":["DemoMod:Bottle"]},{"damage_healed":0.0,"max_hp_gain":0.0,"max_hp_loss":0.0,"gold_gain":0.0,"event_name":"Accursed Blacksmith","player_choice":"Forge","floor":10.0,"gold_loss":0.0,"damage_taken":0.0,"cards_upgraded":["DemoMod:ChanceBullets"]},{"damage_healed":0,"gold_gain":0,"player_choice":"Obtained Book","damage_taken":16,"max_hp_gain":0,"max_hp_loss":0,"event_name":"Cursed Tome","floor":21,"gold_loss":0}],"is_beta":false,"boss_relics":[{"not_picked":["Velvet Choker","Fusion Hammer"],"picked":"DemoMod:Test1"}],"items_purged_floors":[],"is_endless":false,"potions_floor_spawned":[5,6,8,18,22],"killed_by":"Book of Stabbing","ascension_level":0}}