{"host":"l60rmjjsfi0fipmi","time":1609260720,"event":{"mods":["BaseMod","Colored Map","DeckTracker","Highlight Path","Minty Spire (QoL Compilation)"],"gold_per_floor":[114,289,307,33,50,50,50,50,125,154,25,25,25,0,0,99,99,113,127,127,77,93,109,159,159,159],"floor_reached":25,"playtime":3155,"items_purged":["Strike_R","Strike_R+1"],"score":199,"play_id":"4e19b61b-2835-4c4d-841d-8e7810260116","local_time":"20201229115200","is_ascension_mode":false,"campfire_choices":[{"data":"Forethought","floor":6,"key":"SMITH"},{"data":"Intimidate","floor":8,"key":"SMITH"},{"data":"Searing Blow","floor":12,"key":"SMITH"},{"data":"Armaments","floor":15,"key":"SMITH"}],"circlet_count":0,"master_deck":["Strike_R+1","Strike_R+1","Strike_R+1","Defend_R+1","Defend_R+1","Defend_R+1","Defend_R+1","Bash","Inflame","Doubt","Flame Barrier","Intimidate+1","Uppercut","Forethought+1","Anger+1","Bloodletting","Searing Blow+1","Armaments+1","Feed","Shrug It Off+1","Rupture"],"relics":["Burning Blood","Du-Vu Doll","Question Card","Anchor","Smiling Mask","Runic Cube","Strawberry"],"acts_visited":["Exordium","TheCity"],"potions_floor_usage":[16,16,23,23,25],"damage_taken":[{"damage":5,"enemies":"Jaw Worm","floor":1,"turns":4},{"damage":0,"enemies":"2 Louse","floor":3,"turns":3},{"damage":1,"enemies":"Cultist","floor":5,"turns":5},{"damage":17,"enemies":"3 Sentries","floor":10,"turns":9},{"damage":0,"enemies":"Looter","floor":14,"turns":4},{"damage":29,"enemies":"Hexaghost","floor":16,"turns":9},{"damage":15,"enemies":"Chosen","floor":18,"turns":7},{"damage":4,"enemies":"Shell Parasite","floor":19,"turns":6},{"damage":33,"enemies":"Cultist and Chosen","floor":22,"turns":10},{"damage":9,"enemies":"3 Cultists","floor":23,"turns":7},{"damage":45,"enemies":"Book of Stabbing","floor":25,"turns":6}],"seed_played":"-7541177896513119607","potions_obtained":[{"floor":3,"key":"Fire Potion"},{"floor":5,"key":"EntropicBrew"},{"floor":10,"key":"SpeedPotion"}],"is_trial":false,"path_per_floor":["M","?","M","$","M","R","?","R","T","E","$","R","?","M","R","B",null,"M","M","?","$","M","M","T","E"],"character_chosen":"IRONCLAD","items_purchased":["Intimidate","Uppercut","Forethought","Searing Blow","Armaments"],"campfire_rested":0,"item_purchase_floors":[4,4,4,11,11],"current_hp_per_floor":[72,72,72,72,72,72,72,72,72,61,61,61,43,49,49,26,72,63,68,68,68,41,38,45,0,0],"gold":159,"neow_bonus":"ONE_RARE_RELIC","is_daily":false,"chose_seed":false,"campfire_upgraded":4,"win_rate":0.0,"timestamp":1609260720,"path_taken":["M","?","M","$","M","R","?","R","T","E","$","R","?","M","R","BOSS","M","M","?","$","M","M","?","E"],"items_purchased_type":["Card","Card","Card","Card","Card"],"build_version":"2020-12-22","purchased_purges":2,"victory":false,"max_hp_per_floor":[72,72,72,72,72,72,72,72,72,72,72,72,72,72,72,72,72,72,75,75,75,75,75,82,82,82],"card_choices":[{"not_picked":["Anger","Battle Trance"],"picked":"Inflame","floor":1},{"not_picked":["Sword Boomerang","Feel No Pain"],"picked":"Flame Barrier","floor":3},{"not_picked":["Uppercut","Inflame"],"picked":"Anger","floor":5},{"not_picked":["Body Slam","Warcry","Perfected Strike"],"picked":"Bloodletting","floor":10},{"not_picked":["Pummel","Thunderclap","Pommel Strike","Fire Breathing"],"picked":"SKIP","floor":14},{"not_picked":["Corruption","Brutality","Impervious"],"picked":"Feed","floor":16},{"not_picked":["Twin Strike","Warcry","Anger+1"],"picked":"Shrug It Off+1","floor":18},{"not_picked":["Sword Boomerang","Reckless Charge+1","Clothesline"],"picked":"Rupture","floor":19},{"not_picked":["Cleave","Carnage","Dropkick","Rupture"],"picked":"SKIP","floor":22},{"not_picked":["Sword Boomerang","Heavy Blade","Dropkick","Burning Pact"],"picked":"SKIP","floor":23}],"player_experience":77913,"relics_obtained":[{"floor":9,"key":"Question Card"},{"floor":10,"key":"Anchor"},{"floor":24,"key":"Strawberry"}],"event_choices":[{"damage_healed":0,"gold_gain":175,"player_choice":"AGREE","damage_taken":0,"max_hp_gain":0,"max_hp_loss":0,"event_name":"Liars Game","floor":2,"gold_loss":0,"cards_obtained":["Doubt"]},{"damage_healed":0,"gold_gain":0,"player_choice":"Grow","damage_taken":0,"max_hp_gain":0,"max_hp_loss":0,"event_name":"Living Wall","floor":7,"gold_loss":0,"cards_upgraded":["Anger"]},{"damage_healed":0,"gold_gain":0,"player_choice":"Success","damage_taken":18,"relics_obtained":["Smiling Mask"],"max_hp_gain":0,"max_hp_loss":0,"event_name":"Scrap Ooze","floor":13,"gold_loss":0},{"damage_healed":0,"gold_gain":0,"player_choice":"Simplicity","damage_taken":0,"max_hp_gain":0,"max_hp_loss":0,"event_name":"Back to Basics","floor":20,"gold_loss":0,"cards_upgraded":["Strike_R","Strike_R","Strike_R","Strike_R","Defend_R","Defend_R","Defend_R","Defend_R"]}],"is_beta":false,"boss_relics":[{"not_picked":["Philosopher\u0027s Stone","Runic Pyramid"],"picked":"Runic Cube"}],"items_purged_floors":[4,21],"is_endless":false,"potions_floor_spawned":[3,5,10],"killed_by":"Book of Stabbing","ascension_level":0}}