{"host":"7z3jc42jktneum1n","time":1609240123,"event":{"mods":["BaseMod","Minty Spire (QoL Compilation)","Quick Restart","StSLib","The Cursed","UnlockEverythingMod"],"gold_per_floor":[114,114,189,209,30,62,121,121,121,121,121,121,121,71,71,71,71],"floor_reached":16,"playtime":373,"items_purged":[],"score":125,"play_id":"5736d52f-7af7-447a-9e79-af5eb77cde7d","local_time":"20201229200843","is_ascension_mode":true,"campfire_choices":[{"data":"TheCursedMod:Evocation","floor":8,"key":"SMITH"},{"floor":10,"key":"DIG"},{"floor":12,"key":"DIG"},{"floor":15,"key":"REST"}],"circlet_count":0,"master_deck":["TheCursedMod:Strike_TheCursed","TheCursedMod:Strike_TheCursed","TheCursedMod:Strike_TheCursed","TheCursedMod:Defend_TheCursed","TheCursedMod:Defend_TheCursed","TheCursedMod:Defend_TheCursed+1","TheCursedMod:Defend_TheCursed","TheCursedMod:CursedWand","TheCursedMod:CleanUpWorkshop","TheCursedMod:Dregs","TheCursedMod:CursedAmulet","Regret","TheCursedMod:BlessingInDisguise","TheCursedMod:NeowsMight","TheCursedMod:Evocation+1","TheCursedMod:CursedArmor+1"],"relics":["TheCursedMod:BlackMagic101","NeowsBlessing","Happy Flower","StoneCalendar","Nunchaku","Shovel","FossilizedHelix","WingedGreaves","Shuriken"],"acts_visited":["Exordium"],"potions_floor_usage":[],"damage_taken":[{"damage":0,"enemies":"Small Slimes","floor":1,"turns":1},{"damage":0,"enemies":"Jaw Worm","floor":4,"turns":1},{"damage":0,"enemies":"3 Sentries","floor":6,"turns":1},{"damage":14,"enemies":"Lagavulin Event","floor":7,"turns":8},{"damage":59,"enemies":"Hexaghost","floor":16,"turns":16}],"seed_played":"7755203353983950049","potions_obtained":[{"floor":1,"key":"BlessingOfTheForge"}],"is_trial":false,"path_per_floor":["M","?","?","M","$","E","?","R","T","R","?","R","T","?","R","B"],"character_chosen":"THE_CURSED","items_purchased":["TheCursedMod:NeowsMight","TheCursedMod:Evocation"],"campfire_rested":1,"item_purchase_floors":[5,5],"current_hp_per_floor":[75,75,64,64,64,64,50,50,50,50,35,35,35,35,57,0,0],"gold":71,"neow_bonus":"THREE_ENEMY_KILL","is_daily":false,"chose_seed":false,"campfire_upgraded":1,"win_rate":0.0,"timestamp":1609240123,"path_taken":["M","?","?","?","$","E","?","R","T","R","?","R","?","?","R","BOSS"],"items_purchased_type":["Card","Card"],"build_version":"2020-12-22","purchased_purges":0,"victory":false,"max_hp_per_floor":[75,75,75,75,75,75,75,75,75,75,75,75,75,75,75,75,75],"card_choices":[{"not_picked":["TheCursedMod:ManaBullet","TheCursedMod:Wield"],"picked":"TheCursedMod:CursedAmulet","floor":1},{"not_picked":["TheCursedMod:RavingStaff","TheCursedMod:Stigma"],"picked":"TheCursedMod:BlessingInDisguise","floor":4},{"not_picked":["TheCursedMod:Evocation","TheCursedMod:CircleOfAmplification"],"picked":"TheCursedMod:CursedArmor","floor":6}],"player_experience":89728,"relics_obtained":[{"floor":6,"key":"StoneCalendar"},{"floor":7,"key":"Nunchaku"},{"floor":9,"key":"Shovel"},{"floor":10,"key":"FossilizedHelix"},{"floor":12,"key":"WingedGreaves"},{"floor":13,"key":"Shuriken"}],"event_choices":[{"damage_healed":0,"gold_gain":0,"player_choice":"Box","damage_taken":0,"relics_obtained":["Happy Flower"],"max_hp_gain":0,"max_hp_loss":0,"event_name":"Big Fish","floor":2,"gold_loss":0,"cards_obtained":["Regret"]},{"damage_healed":0,"gold_gain":75,"player_choice":"Gather Gold","damage_taken":11,"max_hp_gain":0,"max_hp_loss":0,"event_name":"World of Goop","floor":3,"gold_loss":0},{"damage_healed":0,"gold_gain":0,"player_choice":"Searched \u00272\u0027 times","damage_taken":0,"max_hp_gain":0,"max_hp_loss":0,"event_name":"Dead Adventurer","floor":7,"gold_loss":0},{"damage_healed":0,"gold_gain":0,"player_choice":"Entered Light","damage_taken":15,"max_hp_gain":0,"max_hp_loss":0,"event_name":"Shining Light","floor":11,"gold_loss":0,"cards_upgraded":["TheCursedMod:CursedArmor","TheCursedMod:Defend_TheCursed"]},{"cards_removed":["TheCursedMod:Strike_TheCursed"],"damage_healed":0,"gold_gain":0,"player_choice":"Card Removal","damage_taken":0,"max_hp_gain":0,"max_hp_loss":0,"event_name":"The Cleric","floor":14,"gold_loss":50}],"is_beta":false,"boss_relics":[],"items_purged_floors":[],"is_endless":false,"potions_floor_spawned":[1],"killed_by":"Hexaghost","ascension_level":1}}