{"host":"4dbgro9q4v1tkbhe","time":1609233549,"event":{"mods":["BaseMod","Minty Spire (QoL Compilation)","Quick Restart","Replay The Spire","StSLib"],"gold_per_floor":[111,111,111,135,135,91,135,135,135,135,160,85,85,126,126,220,220,235,235,235,258,258,258],"floor_reached":22,"playtime":738,"items_purged":["Strike_R"],"score":580,"play_id":"bc12b35a-42ea-45a2-9fa1-87ed34b692ce","local_time":"20201229171909","is_ascension_mode":true,"campfire_choices":[{"floor":8.0,"key":"REST"},{"floor":10.0,"key":"REST"},{"data":"Immolate","floor":13.0,"key":"SMITH"},{"floor":15.0,"key":"DIG"}],"circlet_count":0,"master_deck":["AscendersBane","Strike_R","Strike_R","Defend_R","Defend_R","Defend_R","Defend_R","Bash","Shockwave+1","Run Through","Heavy Blade+1","Immolate+1","Exhume+1","J.A.X.+1","RitualDagger"],"relics":["Burning Blood","Golden Idol","Bottled Flame","StoneCalendar","Toxic Egg 2","Juzu Bracelet"],"acts_visited":["Exordium","TheCity"],"potions_floor_usage":[],"damage_taken":[{"damage":15.0,"enemies":"Small Slimes","floor":1.0,"turns":3.0},{"damage":5.0,"enemies":"2 Louse","floor":4.0,"turns":3.0},{"damage":48.0,"enemies":"Gremlin Nob","floor":7.0,"turns":5.0},{"damage":4.0,"enemies":"Cultist","floor":11.0,"turns":3.0},{"damage":10.0,"enemies":"3 Sentries","floor":14.0,"turns":3.0},{"damage":66.0,"enemies":"Fading Forest","floor":16.0,"turns":13.0},{"damage":24.0,"enemies":"Spheric Guardian","floor":18.0,"turns":4.0},{"damage":11,"enemies":"Chosen","floor":21,"turns":5},{"damage":24,"enemies":"Shelled Parasite and Fungi","floor":22,"turns":2}],"seed_played":"6115573441227918442","potions_obtained":[{"floor":4.0,"key":"Explosive Potion"},{"floor":7.0,"key":"Fire Potion"}],"is_trial":true,"path_per_floor":["M","?","?","M","?","$","E","R","T","R","M","$","R","E","R","B",null,"M","?","?","M","M"],"character_chosen":"IRONCLAD","items_purchased":["Heavy Blade+1"],"campfire_rested":2,"item_purchase_floors":[6],"current_hp_per_floor":[59,59,59,60,53,53,11,31,31,51,53,53,53,49,49,11,54,36,36,30,25,1,1],"gold":258,"neow_bonus":"","is_daily":false,"chose_seed":false,"campfire_upgraded":1,"win_rate":0.0,"timestamp":1609233549,"path_taken":["M","?","?","M","?","$","E","R","T","R","M","$","R","E","R","BOSS","M","?","?","M","M"],"items_purchased_type":["Card"],"build_version":"2020-12-22","purchased_purges":1,"victory":false,"max_hp_per_floor":[75,75,68,68,68,68,68,68,68,68,68,68,68,68,68,68,68,68,68,68,68,68,68],"card_choices":[{"not_picked":["Heavy Blade","Sever Soul","Wild Strike"],"picked":"SKIP","floor":1.0},{"not_picked":["Body Slam","Clash"],"picked":"Run Through","floor":4.0},{"not_picked":["Heavy Blade","Replay:Undeath\u0027s Touch"],"picked":"Immolate","floor":7.0},{"not_picked":["Armaments","Anger","Iron Wave"],"picked":"SKIP","floor":11.0},{"not_picked":["Perfected Strike","Shockwave+1","Havoc+1"],"picked":"SKIP","floor":14.0},{"not_picked":["Juggernaut","Demon Form"],"picked":"Exhume+1","floor":16.0},{"not_picked":["Twin Strike","Iron Wave","Pommel Strike"],"picked":"SKIP","floor":18.0},{"not_picked":["Life Link","Rampage","Run Through"],"picked":"SKIP","floor":21}],"player_experience":287183,"relics_obtained":[{"floor":7.0,"key":"Bottled Flame"},{"floor":9.0,"key":"StoneCalendar"},{"floor":14.0,"key":"Toxic Egg 2"},{"floor":15.0,"key":"Juzu Bracelet"}],"event_choices":[{"damage_healed":0.0,"max_hp_gain":0.0,"max_hp_loss":7.0,"gold_gain":0.0,"event_name":"Golden Idol","player_choice":"Lose Max HP","floor":3.0,"gold_loss":0.0,"damage_taken":0.0,"relics_obtained":["Golden Idol"]},{"cards_removed":["Strike_R"],"damage_healed":0.0,"max_hp_gain":0.0,"max_hp_loss":0.0,"gold_gain":0.0,"event_name":"Golden Wing","player_choice":"Card Removal","floor":5.0,"gold_loss":0.0,"damage_taken":7.0},{"damage_healed":0.0,"max_hp_gain":0.0,"max_hp_loss":0.0,"gold_gain":0.0,"event_name":"Drug Dealer","player_choice":"Obtain J.A.X.","floor":19.0,"gold_loss":0.0,"damage_taken":0.0,"cards_obtained":["J.A.X."]},{"damage_healed":0.0,"max_hp_gain":0.0,"max_hp_loss":0.0,"gold_gain":0.0,"event_name":"Nest","player_choice":"Joined the Cult","floor":20.0,"gold_loss":0.0,"damage_taken":6.0,"cards_obtained":["RitualDagger"]}],"is_beta":false,"boss_relics":[{"not_picked":["Fusion Hammer","ReplayTheSpireMod:DimensionalGlitch","Sozu"]}],"items_purged_floors":[12],"is_endless":true,"potions_floor_spawned":[4,7,11],"killed_by":"Shelled Parasite and Fungi","ascension_level":20}}