{"host":"vpxex9ryma3s0oll","time":1609208573,"event":{"mods":["AchievementEnabler","BaseMod","Bestiary","Minty Spire (QoL Compilation)","Quick Restart","Shop Mod","StSLib","The Senshi"],"gold_per_floor":[114,114,129,54,74,104,104,122,199,232,247,247,281,281,281,382,382,394,409,233,246,246,246,246],"floor_reached":23,"playtime":1160,"items_purged":["Defend_B","Strike_B"],"score":222,"play_id":"aa981010-77b9-4681-8905-bc919ae7b0ec","local_time":"20201228212253","is_ascension_mode":true,"campfire_choices":[{"data":"Creative AI","floor":7.0,"key":"SMITH"},{"floor":15.0,"key":"REST"}],"circlet_count":0,"master_deck":["Strike_B","Strike_B","Strike_B","Defend_B","Defend_B","Defend_B","Zap","Dualcast","Chill+1","Self Repair","Coolheaded","Streamline","Creative AI+1","Defragment","Steam","Biased Cognition","Self Repair"],"relics":["Cracked Core","CultistMask","Calipers","Pantograph","Omamori","Oddly Smooth Stone","Incense Burner","Nuclear Battery"],"acts_visited":["Exordium","TheCity"],"potions_floor_usage":[23,23],"damage_taken":[{"damage":2.0,"enemies":"2 Louse","floor":1.0,"turns":3.0},{"damage":0.0,"enemies":"Cultist","floor":3.0,"turns":4.0},{"damage":4.0,"enemies":"Jaw Worm","floor":5.0,"turns":4.0},{"damage":7.0,"enemies":"3 Sentries","floor":6.0,"turns":10.0},{"damage":20.0,"enemies":"Looter","floor":8.0,"turns":3.0},{"damage":39.0,"enemies":"Lagavulin","floor":10.0,"turns":9.0},{"damage":16.0,"enemies":"Lots of Slimes","floor":11.0,"turns":6.0},{"damage":7.0,"enemies":"3 Sentries","floor":13.0,"turns":12.0},{"damage":52.0,"enemies":"The Guardian","floor":16.0,"turns":11.0},{"damage":5.0,"enemies":"3 Byrds","floor":18.0,"turns":6.0},{"damage":23.0,"enemies":"Spheric Guardian","floor":19.0,"turns":6.0},{"damage":22.0,"enemies":"Snake Plant","floor":21.0,"turns":6.0},{"damage":53,"enemies":"Gremlin Leader","floor":23,"turns":5}],"seed_played":"1449881863201734908","potions_obtained":[{"floor":5.0,"key":"GamblersBrew"},{"floor":8.0,"key":"SteroidPotion"},{"floor":11.0,"key":"Ancient Potion"}],"is_trial":false,"path_per_floor":["M","?","M","$","M","E","R","M","T","E","M","?","E","?","R","B",null,"M","M","$","M","?","E"],"character_chosen":"DEFECT","items_purchased":["Self Repair"],"campfire_rested":1,"item_purchase_floors":[20],"current_hp_per_floor":[73,73,75,75,75,75,75,62,62,30,21,39,39,21,43,23,75,75,59,59,51,51,0,0],"gold":246,"neow_bonus":"THREE_CARDS","is_daily":false,"chose_seed":false,"campfire_upgraded":1,"win_rate":0.0,"timestamp":1609208573,"path_taken":["M","?","M","$","M","E","R","M","T","E","?","?","E","?","R","BOSS","M","M","$","M","?","E"],"items_purchased_type":["Card"],"build_version":"2020-12-22","purchased_purges":2,"victory":false,"max_hp_per_floor":[75,75,75,75,75,75,75,75,75,75,75,75,75,75,75,75,75,75,75,75,75,75,75,75],"card_choices":[{"not_picked":["Streamline","Aggregate"],"picked":"Chill","floor":0.0},{"not_picked":["Conserve Battery","Doom and Gloom"],"picked":"Self Repair","floor":1.0},{"not_picked":["Barrage","Undo"],"picked":"Coolheaded","floor":3.0},{"not_picked":["Storm","Conserve Battery"],"picked":"Streamline","floor":5.0},{"not_picked":["Hello World","Redo"],"picked":"Creative AI","floor":6.0},{"not_picked":["Genetic Algorithm","Compile Driver","Streamline"],"picked":"SKIP","floor":8.0},{"not_picked":["Streamline","Self Repair"],"picked":"Defragment","floor":10.0},{"not_picked":["Doom and Gloom","Chaos"],"picked":"Steam","floor":11.0},{"not_picked":["Ball Lightning","Chill","Rebound"],"picked":"SKIP","floor":13.0},{"not_picked":["Reboot","Rainbow"],"picked":"Biased Cognition","floor":16.0},{"not_picked":["Go for the Eyes","Ball Lightning","Steam Power"],"picked":"SKIP","floor":18.0},{"not_picked":["Hello World","Conserve Battery","Force Field"],"picked":"SKIP","floor":19.0},{"not_picked":["White Noise","Tempest","Redo"],"picked":"SKIP","floor":21.0}],"player_experience":35680,"relics_obtained":[{"floor":6.0,"key":"Calipers"},{"floor":9.0,"key":"Pantograph"},{"floor":10.0,"key":"Omamori"},{"floor":13.0,"key":"Oddly Smooth Stone"}],"event_choices":[{"damage_healed":0.0,"max_hp_gain":0.0,"max_hp_loss":0.0,"gold_gain":0.0,"event_name":"FaceTrader","player_choice":"Trade","floor":2.0,"gold_loss":0.0,"damage_taken":0.0,"relics_obtained":["CultistMask"]},{"damage_healed":18.0,"max_hp_gain":0.0,"max_hp_loss":0.0,"gold_gain":0.0,"event_name":"Mushrooms","player_choice":"Healed and dodged fight","floor":12.0,"gold_loss":0.0,"damage_taken":0.0,"cards_obtained":["Parasite"]},{"damage_healed":0.0,"max_hp_gain":0.0,"max_hp_loss":0.0,"gold_gain":0.0,"event_name":"Scrap Ooze","player_choice":"Success","floor":14.0,"gold_loss":0.0,"damage_taken":18.0,"relics_obtained":["Incense Burner"]},{"damage_healed":0.0,"max_hp_gain":0.0,"max_hp_loss":0.0,"gold_gain":0.0,"event_name":"Upgrade Shrine","player_choice":"Upgraded","floor":22.0,"gold_loss":0.0,"damage_taken":0.0,"cards_upgraded":["Chill"]}],"is_beta":false,"boss_relics":[{"not_picked":["Astrolabe","Sozu"],"picked":"Nuclear Battery"}],"items_purged_floors":[4,20],"is_endless":false,"potions_floor_spawned":[5,8,11],"killed_by":"Gremlin Leader","ascension_level":1}}