{"host":"2se5dq1do2gp0x9k","time":1609205008,"event":{"mods":["BaseMod","Block Reminder","Colored Map","Colored Powertips","Minty Spire (QoL Compilation)","Relic Stats","StSLib","SuperFastMode","Synergy Search"],"gold_per_floor":[117,117,192,192,205,205,245,20,20,35,35,49,84,102,102,102,102],"floor_reached":16,"playtime":392,"items_purged":["Defend_R"],"score":270,"play_id":"d330c702-a43c-455c-a262-e381a644d0eb","local_time":"20201228172328","is_ascension_mode":true,"campfire_choices":[{"data":"Anger","floor":6,"key":"SMITH"},{"data":"Perfected Strike","floor":11,"key":"SMITH"},{"floor":15,"key":"REST"}],"circlet_count":0,"master_deck":["AscendersBane","Strike_R","Strike_R","Strike_R+1","Strike_R","Strike_R+1","Defend_R","Defend_R","Defend_R","Bash","Anger+1","Pommel Strike","Perfected Strike+1","Corruption","Cleave"],"relics":["Burning Blood","NeowsBlessing","Golden Idol","MawBank","Red Skull","Torii","Whetstone"],"acts_visited":["Exordium"],"potions_floor_usage":[16,16],"damage_taken":[{"damage":0,"enemies":"2 Louse","floor":1,"turns":1},{"damage":0,"enemies":"Small Slimes","floor":5,"turns":1},{"damage":0,"enemies":"Lagavulin","floor":7,"turns":1},{"damage":7,"enemies":"Jaw Worm","floor":10,"turns":2},{"damage":12,"enemies":"Looter","floor":12,"turns":3},{"damage":31,"enemies":"3 Sentries","floor":13,"turns":8},{"damage":24,"enemies":"Exordium Thugs","floor":14,"turns":3},{"damage":42,"enemies":"Slime Boss","floor":16,"turns":6}],"seed_played":"-6988913083640887729","potions_obtained":[{"floor":5,"key":"DistilledChaos"},{"floor":7,"key":"SneckoOil"},{"floor":12,"key":"Swift Potion"}],"is_trial":false,"path_per_floor":["M","?","?","?","M","R","E","$","T","M","R","M","E","M","R","B"],"character_chosen":"IRONCLAD","items_purchased":["Red Skull"],"campfire_rested":1,"item_purchase_floors":[8],"current_hp_per_floor":[74,74,63,63,68,68,68,68,68,67,67,61,36,18,38,0,0],"gold":102,"neow_bonus":"THREE_ENEMY_KILL","is_daily":false,"chose_seed":false,"campfire_upgraded":2,"win_rate":0.0,"timestamp":1609205008,"path_taken":["M","?","?","?","M","R","E","$","T","M","R","M","E","M","R","BOSS"],"items_purchased_type":["Relic"],"build_version":"2020-12-22","purchased_purges":1,"victory":false,"max_hp_per_floor":[75,75,75,68,68,68,68,68,68,68,68,68,68,68,68,68,68],"relic_stats":{"Torii":4,"counters":[8,25],"Golden Idol":28,"Whetstone":["Strike_R","Strike_R"],"MawBank":12,"obtain_stats":[{"NeowsBlessing":0,"Torii":9,"Golden Idol":4,"Whetstone":13,"MawBank":7,"Burning Blood":0,"Red Skull":8},{"NeowsBlessing":0,"Torii":3,"Golden Idol":1,"Whetstone":6,"MawBank":3,"Burning Blood":0,"Red Skull":3},{"NeowsBlessing":0,"Torii":3,"Golden Idol":1,"Whetstone":16,"MawBank":3,"Burning Blood":0,"Red Skull":3}],"Burning Blood":35},"card_choices":[{"not_picked":["Sword Boomerang","Armaments"],"picked":"Anger","floor":1},{"not_picked":["Clash","Hemokinesis"],"picked":"Pommel Strike","floor":5},{"not_picked":["Juggernaut","Wild Strike"],"picked":"Perfected Strike","floor":7},{"not_picked":["Clothesline","Anger","True Grit"],"picked":"SKIP","floor":10},{"not_picked":["Flex","Pommel Strike"],"picked":"Corruption","floor":12},{"not_picked":["Iron Wave","Havoc"],"picked":"Cleave","floor":13},{"not_picked":["Heavy Blade","Hemokinesis","Evolve"],"picked":"SKIP","floor":14}],"player_experience":3641214,"relics_obtained":[{"floor":7,"key":"MawBank"},{"floor":9,"key":"Torii"},{"floor":13,"key":"Whetstone"}],"event_choices":[{"damage_healed":0,"gold_gain":0,"player_choice":"Leave","damage_taken":0,"max_hp_gain":0,"max_hp_loss":0,"event_name":"The Cleric","floor":2,"gold_loss":0},{"damage_healed":0,"gold_gain":75,"player_choice":"Gather Gold","damage_taken":11,"max_hp_gain":0,"max_hp_loss":0,"event_name":"World of Goop","floor":3,"gold_loss":0},{"damage_healed":0,"gold_gain":0,"player_choice":"Lose Max HP","damage_taken":0,"relics_obtained":["Golden Idol"],"max_hp_gain":0,"max_hp_loss":7,"event_name":"Golden Idol","floor":4,"gold_loss":0}],"is_beta":false,"boss_relics":[],"items_purged_floors":[8],"is_endless":false,"potions_floor_spawned":[5,7,12],"killed_by":"Slime Boss","ascension_level":20}}