{"host":"7t8rqoeeopyy0nh0","time":1609273692,"event":{"mods":["AchievementEnabler","BaseMod","Better Third Choice","BetterRewards","Colored Map","Colored Powertips","Downfall","Hubris","Infinite Spire","Marisa????????","Minty Spire (QoL Compilation)","Replay The Spire","StSLib","The Animator","The Construct","The Cursed","The Hierophant","The Necromancer"],"gold_per_floor":[117,136,151,151,170,197,197,197,197,231,231,58,58,77,77,174,174,114,114],"floor_reached":18,"playtime":911,"items_purged":[],"score":213,"play_id":"f55ddac9-2038-4ada-9e9d-fd594b037886","local_time":"20201229152812","is_ascension_mode":true,"campfire_choices":[{"floor":7,"key":"REST"},{"floor":11,"key":"REST"},{"data":"Static Discharge","floor":13,"key":"SMITH"},{"data":"Coolheaded","floor":13,"key":"SMITH"},{"data":"Capacitor","floor":15,"key":"SMITH"},{"data":"Leap","floor":15,"key":"SMITH"}],"circlet_count":0,"master_deck":["Strike_B","Strike_B","Strike_B","Strike_B","Defend_B","Defend_B","Defend_B","Defend_B","Zap","Dualcast","ReplayTheSpireMod:Calculation Training+1","Static Discharge+1","Conserve Battery","Leap+1","Sweeping Beam","Genetic Algorithm+1","Glacier","BasicCrystalCard","Coolheaded+1","ReplayTheSpireMod:Brewmster","Capacitor+1","Chaos"],"relics":["Cracked Core","Replay:WaspNest","Snecko Eye","Calipers","Replay:Arrowhead","Du-Vu Doll","construct:ClawGrip","Prayer Wheel"],"acts_visited":["Exordium","TheCity"],"potions_floor_usage":[6,14,16,16,18],"damage_taken":[{"damage":0,"enemies":"Cultist","floor":1,"turns":3},{"damage":0,"enemies":"Small Slimes","floor":2,"turns":3},{"damage":0,"enemies":"2 Louse","floor":3,"turns":4},{"damage":4,"enemies":"Looter","floor":5,"turns":4},{"damage":7,"enemies":"Lagavulin","floor":6,"turns":12},{"damage":29,"enemies":"Gremlin Nob","floor":10,"turns":4},{"damage":6,"enemies":"2 Fungi Beasts","floor":14,"turns":3},{"damage":22,"enemies":"Fading Forest","floor":16,"turns":11},{"damage":16,"enemies":"2 Thieves","floor":18,"turns":4}],"seed_played":"-4942821219648155642","potions_obtained":[{"floor":1,"key":"Energy Potion"},{"floor":3,"key":"construct:ShiftPotion"},{"floor":10,"key":"sneckomod:MuddlingPotion"},{"floor":14,"key":"Swift Potion"}],"is_trial":false,"path_per_floor":["M","M","M","?","M","E","R","?","T","E","R","$","R","M","R","B",null,"M"],"character_chosen":"DEFECT","items_purchased":["Replay:WaspNest","ReplayTheSpireMod:Calculation Training","Static Discharge","Conserve Battery","Leap","Sweeping Beam","ReplayTheSpireMod:Brewmster"],"campfire_rested":2,"item_purchase_floors":[0,0,0,0,0,0,12],"current_hp_per_floor":[40,40,40,40,36,29,51,51,51,22,44,44,44,38,38,24,62,46,46],"gold":114,"neow_bonus":"","is_daily":false,"chose_seed":false,"campfire_upgraded":4,"win_rate":0.0,"timestamp":1609273692,"path_taken":["M","M","?","?","M","E","R","?","T","E","R","$","R","M","R","BOSS","M"],"items_purchased_type":["Relic","Card","Card","Card","Card","Card","Card"],"build_version":"2020-12-22","purchased_purges":0,"victory":false,"max_hp_per_floor":[75,75,75,75,75,75,75,75,75,75,75,75,75,75,75,75,75,75,75],"card_choices":[{"not_picked":["Conserve Battery","Lockon"],"picked":"Genetic Algorithm","floor":1},{"not_picked":["Redo","Conserve Battery"],"picked":"Glacier","floor":2},{"not_picked":["Gash","Blizzard"],"picked":"BasicCrystalCard","floor":3},{"not_picked":["Gash","Panic Button"],"picked":"Coolheaded","floor":5},{"not_picked":["Redo","BasicCrystalCard","Glacier"],"picked":"SKIP","floor":6},{"not_picked":["Multi-Cast","Tempest","Double Energy"],"picked":"SKIP","floor":10},{"not_picked":["Compile Driver","Redo"],"picked":"Capacitor","floor":14},{"not_picked":["Rainbow","Reboot"],"picked":"ReplayTheSpireMod:Fabricate Wheel","floor":16},{"not_picked":["Ball Lightning+1","Stack"],"picked":"Chaos","floor":18},{"not_picked":["Sweeping Beam","Beam Cell","Hologram"],"picked":"SKIP","floor":18},{"not_picked":["Sweeping Beam","Beam Cell","Hologram"],"picked":"SKIP","floor":18}],"player_experience":382440,"relics_obtained":[{"floor":6,"key":"Calipers"},{"floor":9,"key":"Replay:Arrowhead"},{"floor":10,"key":"Du-Vu Doll"}],"event_choices":[{"damage_healed":0,"gold_gain":0,"player_choice":"Grow","damage_taken":0,"max_hp_gain":0,"max_hp_loss":0,"event_name":"Living Wall","floor":4,"gold_loss":0,"cards_upgraded":["ReplayTheSpireMod:Calculation Training"]}],"is_beta":false,"boss_relics":[{"not_picked":["hubris:VirtuousBlindfold","Replay:Bronze Core"],"picked":"construct:ClawGrip"}],"items_purged_floors":[],"is_endless":false,"potions_floor_spawned":[1,3,10,14],"killed_by":"2 Thieves","ascension_level":5}}