{"host":"kzpuingyul43kz0j","time":1609280949,"event":{"mods":["2.2 Compatiblity","BaseMod","Bestiary","Better Skull","BetterRewards","Colored Map","Colored Powertips","Curses Come First","Displayed Cursed Tome","Downfall","Gold Saver","Highlight Path","Keyboard Shortcuts","Minty Spire (QoL Compilation)","Relic Stats","Remove Card Discount Mod","StSLib","Uncapped"],"gold_per_floor":[696,715,47,61,76,76,87,87,87,101,134,60,60,93,93,194,194,214,232,182,4,20,20,36,36,36,66,66,66,66,84,84,179,179,198,248,0,0,0,0,15,15,15,25,52,79,79,97,97,97],"floor_reached":51,"playtime":3118,"items_purged":["Strike_R","Strike_R","Strike_R","Defend_R","Strike_R","Strike_R","Defend_R+1","Defend_R+1"],"score":878,"play_id":"3a4009ab-acff-407e-87cc-8321c4557227","local_time":"20201229232909","is_ascension_mode":true,"campfire_choices":[{"data":"Feed","floor":6,"key":"SMITH"},{"data":"Twin Strike","floor":8,"key":"SMITH"},{"data":"Pommel Strike","floor":13,"key":"SMITH"},{"data":"Seeing Red","floor":15,"key":"SMITH"},{"data":"Panacea","floor":23,"key":"SMITH"},{"data":"Reaper","floor":25,"key":"SMITH"},{"data":"Ghostly Armor","floor":32,"key":"SMITH"},{"data":"Limit Break","floor":40,"key":"SMITH"},{"data":"Dramatic Entrance","floor":42,"key":"SMITH"},{"data":"Headbutt","floor":49,"key":"SMITH"}],"circlet_count":0,"master_deck":["Bash","Reaper+1","Twin Strike+1","Headbutt","Iron Wave","Headbutt+1","Feed+1","Anger","Pommel Strike+1","Shrug It Off","Inflame+1","Seeing Red+1","Demon Form+1","Ghostly Armor+1","Panacea+1","Metallicize+1","Rage","Flame Barrier+1","Limit Break+1","Dramatic Entrance+1","Panache+1"],"relics":["Black Blood","HandDrill","War Paint","InkBottle","Frozen Egg 2","Mummified Hand","Matryoshka","Dream Catcher","Bottled Lightning","Juzu Bracelet","Enchiridion","SacredBark","Ice Cream","Red Mask","Pear","Self Forming Clay","Strawberry","HornCleat"],"acts_visited":["Exordium","TheCity","TheBeyond"],"potions_floor_usage":[10,27,50],"damage_taken":[{"damage":13,"enemies":"Cultist","floor":1,"turns":6},{"damage":13,"enemies":"Jaw Worm","floor":2,"turns":4},{"damage":0,"enemies":"2 Louse","floor":4,"turns":2},{"damage":24,"enemies":"Large Slime","floor":5,"turns":7},{"damage":5,"enemies":"Blue Slaver","floor":7,"turns":3},{"damage":8,"enemies":"Looter","floor":10,"turns":4},{"damage":22,"enemies":"Gremlin Nob","floor":11,"turns":4},{"damage":11,"enemies":"3 Sentries","floor":14,"turns":5},{"damage":33,"enemies":"Slime Boss","floor":16,"turns":8},{"damage":12,"enemies":"2 Thieves","floor":18,"turns":3},{"damage":20,"enemies":"Spheric Guardian","floor":19,"turns":4},{"damage":19,"enemies":"Shelled Parasite and Fungi","floor":22,"turns":5},{"damage":9,"enemies":"Snake Plant","floor":24,"turns":3},{"damage":50,"enemies":"Slavers","floor":27,"turns":6},{"damage":20,"enemies":"Snecko","floor":31,"turns":4},{"damage":0,"enemies":"Automaton","floor":33,"turns":8},{"damage":41,"enemies":"3 Darklings","floor":35,"turns":6},{"damage":43,"enemies":"2 Orb Walkers","floor":36,"turns":5},{"damage":19,"enemies":"3 Shapes","floor":41,"turns":3},{"damage":0,"enemies":"Maw","floor":44,"turns":6},{"damage":25,"enemies":"Nemesis","floor":46,"turns":7},{"damage":4,"enemies":"3 Darklings","floor":48,"turns":4},{"damage":31,"enemies":"Donu and Deca","floor":50,"turns":5}],"seed_played":"-8520689281456999530","potions_obtained":[{"floor":2,"key":"Weak Potion"},{"floor":10,"key":"Dexterity Potion"},{"floor":16,"key":"BloodPotion"},{"floor":19,"key":"hexamod:EctoCoolerPotion"},{"floor":44,"key":"LiquidMemories"},{"floor":46,"key":"Swift Potion"}],"is_trial":false,"path_per_floor":["M","M","$","M","M","R","M","R","T","M","E","$","R","E","R","B",null,"M","M","?","$","M","R","M","R","T","E","$","?","?","M","R","B",null,"M","?","?","?","$","R","M","R","T","M","T","E","$","M","R","B",null],"character_chosen":"IRONCLAD","items_purchased":["HandDrill","War Paint","Iron Wave","InkBottle","Headbutt","Inflame+1","Panacea","Metallicize+1"],"campfire_rested":0,"item_purchase_floors":[3,3,3,3,3,12,21,21],"current_hp_per_floor":[77,70,70,80,73,73,82,82,82,80,72,72,72,83,83,67,99,103,95,95,95,95,95,102,102,102,92,92,92,76,68,68,104,115,89,84,84,74,74,74,82,82,92,129,136,127,127,140,140,125],"gold":97,"neow_bonus":"TRANSFORM_CARD","is_daily":false,"chose_seed":false,"campfire_upgraded":10,"win_rate":0.0,"timestamp":1609280949,"path_taken":["M","M","$","?","M","R","M","R","T","M","E","$","R","E","R","BOSS","M","M","?","$","M","R","M","R","T","E","?","?","?","M","R","BOSS","M","?","?","?","$","R","M","R","T","M","?","E","$","M","R","BOSS"],"items_purchased_type":["Relic","Relic","Card","Relic","Card","Card","Card","Card"],"build_version":"2020-12-22","purchased_purges":8,"victory":true,"max_hp_per_floor":[80,80,80,80,83,83,87,87,87,87,91,91,91,95,95,99,99,103,103,103,103,107,107,111,111,111,115,115,115,115,115,115,115,115,115,115,115,115,115,115,115,115,125,129,136,140,140,140,140,144],"relic_stats":{"Dream Catcher":0,"counters":[23,112],"Mummified Hand":[63],"Self Forming Clay":[21],"Black Blood":210,"HandDrill":[36],"Juzu Bracelet":0,"War Paint":["Defend_R","Defend_R"],"obtain_stats":[{"Ice Cream":36,"Pear":43,"Self Forming Clay":43,"SacredBark":34,"Black Blood":17,"Enchiridion":30,"Juzu Bracelet":27,"War Paint":3,"Frozen Egg 2":9,"Burning Blood":0,"Dream Catcher":26,"Matryoshka":14,"HornCleat":46,"Mummified Hand":11,"Strawberry":45,"HandDrill":3,"Red Mask":37,"Bottled Lightning":26,"InkBottle":3},{"Ice Cream":18,"Pear":19,"Self Forming Clay":19,"SacredBark":16,"Black Blood":9,"Enchiridion":14,"Juzu Bracelet":14,"War Paint":2,"Frozen Egg 2":5,"Burning Blood":0,"Dream Catcher":13,"Matryoshka":8,"HornCleat":21,"Mummified Hand":7,"Strawberry":20,"HandDrill":2,"Red Mask":18,"Bottled Lightning":13,"InkBottle":2},{"Ice Cream":87,"Pear":90,"Self Forming Clay":90,"SacredBark":76,"Black Blood":43,"Enchiridion":64,"Juzu Bracelet":64,"War Paint":10,"Frozen Egg 2":22,"Burning Blood":0,"Dream Catcher":58,"Matryoshka":35,"HornCleat":103,"Mummified Hand":30,"Strawberry":96,"HandDrill":10,"Red Mask":87,"Bottled Lightning":58,"InkBottle":10}],"InkBottle":[38]},"card_choices":[{"not_picked":["Perfected Strike","Sword Boomerang"],"picked":"Twin Strike","floor":1},{"not_picked":["Warcry","Iron Wave"],"picked":"Headbutt","floor":2},{"not_picked":["Pommel Strike","Feel No Pain"],"picked":"Feed","floor":4},{"not_picked":["Warcry","Searing Blow"],"picked":"Anger","floor":5},{"not_picked":["Heavy Blade","Carnage","Wild Strike"],"picked":"SKIP","floor":7},{"not_picked":["Whirlwind","Cleave"],"picked":"Pommel Strike","floor":10},{"not_picked":["Shockwave","Perfected Strike"],"picked":"Shrug It Off","floor":11},{"not_picked":["Pommel Strike","Burning Pact"],"picked":"Seeing Red","floor":14},{"not_picked":["Offering","Juggernaut+1"],"picked":"Demon Form+1","floor":16},{"not_picked":["Havoc+1","Wild Strike"],"picked":"Ghostly Armor","floor":18},{"not_picked":["Shrug It Off","Armaments","Dark Embrace+1"],"picked":"SKIP","floor":19},{"not_picked":["Reckless Charge+1","Carnage"],"picked":"Rage","floor":22},{"not_picked":["Thunderclap","Clash+1"],"picked":"Flame Barrier+1","floor":24},{"not_picked":["Metallicize+1","Armaments","Clothesline+1"],"picked":"SKIP","floor":27},{"not_picked":["Cleave","Intimidate","Feed"],"picked":"SKIP","floor":31},{"not_picked":["Berserk+1","Juggernaut+1"],"picked":"Limit Break","floor":33},{"not_picked":["Wild Strike+1","Body Slam","Headbutt"],"picked":"SKIP","floor":35},{"not_picked":["expansioncontent:Sear","expansioncontent:FaceSlap"],"picked":"Dramatic Entrance","floor":38},{"not_picked":["Blind","Transmutation"],"picked":"Panache+1","floor":38},{"not_picked":["Wild Strike+1","Headbutt+1","Heavy Blade+1"],"picked":"SKIP","floor":41},{"not_picked":["Anger","Clash","Pommel Strike"],"picked":"SKIP","floor":44},{"not_picked":["Shrug It Off","Thunderclap+1","Inflame+1"],"picked":"SKIP","floor":46},{"not_picked":["Evolve+1","Inflame+1","Flex+1"],"picked":"SKIP","floor":48}],"player_experience":78145,"relics_obtained":[{"floor":9,"key":"Frozen Egg 2"},{"floor":11,"key":"Mummified Hand"},{"floor":14,"key":"Matryoshka"},{"floor":26,"key":"Dream Catcher"},{"floor":26,"key":"Bottled Lightning"},{"floor":27,"key":"Juzu Bracelet"},{"floor":36,"key":"Ice Cream"},{"floor":43,"key":"Pear"},{"floor":43,"key":"Self Forming Clay"},{"floor":45,"key":"Strawberry"},{"floor":46,"key":"HornCleat"}],"event_choices":[{"damage_healed":0,"gold_gain":0,"player_choice":"Bet on Owner","damage_taken":0,"max_hp_gain":0,"max_hp_loss":0,"event_name":"The Joust","floor":20,"gold_loss":50},{"damage_healed":0,"gold_gain":0,"player_choice":"Ignored","damage_taken":0,"max_hp_gain":0,"max_hp_loss":0,"event_name":"Vampires","floor":29,"gold_loss":0},{"damage_healed":0,"gold_gain":0,"player_choice":"Obtained Book","damage_taken":16,"max_hp_gain":0,"max_hp_loss":0,"event_name":"Cursed Tome","floor":30,"gold_loss":0},{"damage_healed":0,"gold_gain":0,"player_choice":"Fight","damage_taken":0,"max_hp_gain":0,"max_hp_loss":0,"event_name":"Mysterious Sphere","floor":36,"gold_loss":0},{"damage_healed":0,"gold_gain":0,"player_choice":"Paid","damage_taken":0,"relics_obtained":["Red Mask"],"max_hp_gain":0,"max_hp_loss":0,"event_name":"Tomb of Lord Red Mask","floor":37,"gold_loss":248},{"damage_healed":0,"gold_gain":0,"player_choice":"Memory 3","damage_taken":10,"max_hp_gain":0,"max_hp_loss":0,"event_name":"SensoryStone","floor":38,"gold_loss":0}],"is_beta":false,"boss_relics":[{"not_picked":["Mark of Pain","Ectoplasm"],"picked":"Black Blood"},{"not_picked":["Velvet Choker","Snecko Eye"],"picked":"SacredBark"}],"items_purged_floors":[3,3,3,3,3,3,12,21],"is_endless":false,"potions_floor_spawned":[2,10,16,19,22,44,46],"ascension_level":2}}