{"host":"pq8o62wp0h1hflf3","time":1609260719,"event":{"mods":["BaseMod","Minty Spire (QoL Compilation)","Relic Stats","ojb\u0027s Info Mod"],"gold_per_floor":[112,112,31,51,51,80,155,184,184,213,228,228,252,268,268,357,357,376,394,394,394,412,412,446,222,248,248,268,286,304,337,337,337,337],"floor_reached":33,"playtime":2711,"items_purged":["Perfected Strike+1"],"score":689,"play_id":"6470b92b-d25a-414b-bc61-3c54d6e1b5aa","local_time":"20201229115159","is_ascension_mode":true,"campfire_choices":[{"data":"Uppercut","floor":15,"key":"SMITH"},{"data":"Heavy Blade","floor":23,"key":"SMITH"},{"data":"Feel No Pain","floor":32,"key":"SMITH"}],"circlet_count":0,"master_deck":["AscendersBane","Defend_R","Defend_R","Defend_R","Defend_R","Bash","Pommel Strike","Iron Wave","Uppercut+1","Rage+1","Shrug It Off+1","Armaments+1","Disarm+1","Feed","Intimidate+1","Whirlwind+1","Bite","Bite","Bite","Bite","Bite","J.A.X.+1","Heavy Blade+1","Pummel","Reaper","Bloodletting+1","Feel No Pain+1","Headbutt"],"relics":["Burning Blood","NeowsBlessing","Toxic Egg 2","Charon\u0027s Ashes","Omamori","Vajra","Bloody Idol","Cursed Key","Lantern","Self Forming Clay"],"acts_visited":["Exordium","TheCity"],"potions_floor_usage":[10,10,16,16,19,24,24,24,31,33],"damage_taken":[{"damage":0,"enemies":"2 Louse","floor":1,"turns":1},{"damage":0,"enemies":"Jaw Worm","floor":4,"turns":1},{"damage":0,"enemies":"3 Sentries","floor":6,"turns":1},{"damage":30,"enemies":"Gremlin Nob","floor":8,"turns":4},{"damage":9,"enemies":"Lagavulin","floor":10,"turns":5},{"damage":0,"enemies":"Small Slimes","floor":11,"turns":2},{"damage":3,"enemies":"Blue Slaver","floor":13,"turns":3},{"damage":5,"enemies":"3 Louse","floor":14,"turns":4},{"damage":43,"enemies":"Slime Boss","floor":16,"turns":12},{"damage":10,"enemies":"Shell Parasite","floor":18,"turns":9},{"damage":0,"enemies":"3 Byrds","floor":19,"turns":5},{"damage":15,"enemies":"Snake Plant","floor":22,"turns":3},{"damage":27,"enemies":"Book of Stabbing","floor":24,"turns":7},{"damage":11,"enemies":"Sentry and Sphere","floor":28,"turns":4},{"damage":12,"enemies":"Centurion and Healer","floor":29,"turns":7},{"damage":43,"enemies":"Shelled Parasite and Fungi","floor":30,"turns":5},{"damage":53,"enemies":"Gremlin Leader","floor":31,"turns":8},{"damage":125,"enemies":"Champ","floor":33,"turns":12}],"seed_played":"-3021273648229744137","potions_obtained":[{"floor":6,"key":"AttackPotion"},{"floor":8,"key":"HeartOfIron"},{"floor":10,"key":"Fire Potion"},{"floor":14,"key":"Block Potion"},{"floor":16,"key":"DistilledChaos"},{"floor":19,"key":"EntropicBrew"},{"floor":22,"key":"Dexterity Potion"},{"floor":31,"key":"PowerPotion"}],"is_trial":false,"path_per_floor":["M","?","$","M","$","E","?","E","T","E","M","?","M","M","R","B",null,"M","M","?","?","M","R","E","$","T","?","M","M","M","E","R","B"],"character_chosen":"IRONCLAD","items_purchased":["Pommel Strike","Iron Wave","FairyPotion","Pummel"],"campfire_rested":0,"item_purchase_floors":[3,3,25,25],"current_hp_per_floor":[74,74,74,75,75,75,64,40,40,37,43,43,46,47,47,10,54,53,62,51,51,49,49,38,38,38,38,53,57,35,40,40,0,0],"gold":337,"neow_bonus":"THREE_ENEMY_KILL","is_daily":false,"chose_seed":false,"campfire_upgraded":3,"win_rate":0.0,"timestamp":1609260719,"path_taken":["M","?","$","M","$","E","?","E","T","E","M","?","M","M","R","BOSS","M","M","?","?","M","R","E","$","T","?","M","M","?","E","R","BOSS"],"items_purchased_type":["Card","Card","Potion","Card"],"build_version":"2020-12-22","purchased_purges":1,"victory":false,"max_hp_per_floor":[75,75,75,75,75,75,75,75,75,75,75,68,68,68,68,68,68,71,74,51,51,51,51,51,51,51,51,54,57,60,63,63,63,63],"relic_stats":{"counters":[18,93],"Self Forming Clay":[18],"Bloody Idol":15,"Charon\u0027s Ashes":[152],"Cursed Key":1,"obtain_stats":[{"Lantern":24,"NeowsBlessing":0,"Golden Idol":12,"Self Forming Clay":31,"Bloody Idol":27,"Vajra":10,"Charon\u0027s Ashes":8,"Omamori":9,"Toxic Egg 2":6,"Cursed Key":17,"Burning Blood":0},{"Lantern":13,"NeowsBlessing":0,"Golden Idol":6,"Self Forming Clay":17,"Bloody Idol":13,"Vajra":5,"Charon\u0027s Ashes":4,"Omamori":4,"Toxic Egg 2":3,"Cursed Key":9,"Burning Blood":0},{"Lantern":57,"NeowsBlessing":0,"Golden Idol":14,"Self Forming Clay":81,"Bloody Idol":57,"Vajra":12,"Charon\u0027s Ashes":7,"Omamori":7,"Toxic Egg 2":3,"Cursed Key":33,"Burning Blood":0}],"Burning Blood":85},"card_choices":[{"not_picked":["Body Slam","Burning Pact"],"picked":"Perfected Strike","floor":1},{"not_picked":["Blood for Blood","Wild Strike"],"picked":"Uppercut","floor":4},{"not_picked":["Havoc+1","Pummel","Dropkick"],"picked":"SKIP","floor":6},{"not_picked":["Carnage","Dual Wield+1","Twin Strike"],"picked":"SKIP","floor":8},{"not_picked":["Body Slam","Clash"],"picked":"Rage+1","floor":10},{"not_picked":["Armaments+1","Twin Strike"],"picked":"Shrug It Off+1","floor":11},{"not_picked":["Sever Soul","Heavy Blade"],"picked":"Armaments+1","floor":13},{"not_picked":["Double Tap+1","Sword Boomerang"],"picked":"Disarm+1","floor":14},{"not_picked":["Corruption","Exhume+1"],"picked":"Feed","floor":16},{"not_picked":["Pommel Strike","Twin Strike"],"picked":"Intimidate+1","floor":18},{"not_picked":["Warcry+1","Sentinel+1"],"picked":"Whirlwind+1","floor":19},{"not_picked":["Twin Strike","Headbutt"],"picked":"Heavy Blade","floor":22},{"not_picked":["Anger","Evolve","Flex+1"],"picked":"SKIP","floor":24},{"not_picked":["Carnage","Pommel Strike"],"picked":"Reaper","floor":28},{"not_picked":["Havoc+1","Clothesline"],"picked":"Bloodletting+1","floor":29},{"not_picked":["Infernal Blade+1","Burning Pact+1"],"picked":"Feel No Pain","floor":30},{"not_picked":["Heavy Blade","Anger"],"picked":"Headbutt","floor":31}],"player_experience":1070087,"relics_obtained":[{"floor":6,"key":"Toxic Egg 2"},{"floor":8,"key":"Charon\u0027s Ashes"},{"floor":9,"key":"Omamori"},{"floor":10,"key":"Vajra"},{"floor":24,"key":"Lantern"},{"floor":31,"key":"Self Forming Clay"}],"event_choices":[{"damage_healed":0,"gold_gain":0,"player_choice":"Grow","damage_taken":0,"max_hp_gain":0,"max_hp_loss":0,"event_name":"Living Wall","floor":2,"gold_loss":0,"cards_upgraded":["Perfected Strike"]},{"damage_healed":0,"gold_gain":75,"player_choice":"Gather Gold","damage_taken":11,"max_hp_gain":0,"max_hp_loss":0,"event_name":"World of Goop","floor":7,"gold_loss":0},{"damage_healed":0,"gold_gain":0,"player_choice":"Lose Max HP","damage_taken":0,"relics_obtained":["Golden Idol"],"max_hp_gain":0,"max_hp_loss":7,"event_name":"Golden Idol","floor":12,"gold_loss":0},{"damage_healed":0,"gold_gain":0,"player_choice":"Became a vampire","damage_taken":0,"max_hp_gain":0,"max_hp_loss":23,"event_name":"Vampires","floor":20,"gold_loss":0,"cards_obtained":["Bite","Bite","Bite","Bite","Bite"]},{"damage_healed":0,"gold_gain":0,"player_choice":"Obtain J.A.X.","damage_taken":0,"max_hp_gain":0,"max_hp_loss":0,"event_name":"Drug Dealer","floor":21,"gold_loss":0,"cards_obtained":["J.A.X."]},{"damage_healed":0,"gold_gain":0,"player_choice":"Gave Idol","damage_taken":0,"relics_obtained":["Bloody Idol"],"max_hp_gain":0,"max_hp_loss":0,"event_name":"Forgotten Altar","floor":27,"relics_lost":["Golden Idol"],"gold_loss":0}],"is_beta":false,"boss_relics":[{"not_picked":["Pandora\u0027s Box","Black Blood"],"picked":"Cursed Key"}],"items_purged_floors":[25],"is_endless":false,"potions_floor_spawned":[6,8,10,14,16,19,22,31],"killed_by":"Champ","ascension_level":20}}