{"host":"e5u7qs1emxzejr12","time":1609250539,"event":{"mods":["2.2 Compatiblity","ATMod(∞¢Ë™Mod)","Act Like it!","BaseMod","Card Forge","Custom Start","Highlight Path","Luminous","Minty Spire (QoL Compilation)","Prisma Mod","Quick Restart","Reimu£®≤©¿ˆ¡È√Œ£©","Replay The Spire","Shop Mod","StSLib","SuperFastMode","Uncapped","UnlockEverythingMod","Yakumo Yukari mod","vexMod","°æ“≈ŒÔø®≈∆°øREMEMod"],"gold_per_floor":[129,129,174,174,174,255,342,441,441,546,64,64,148,148,148,382,382,424,424,424,155,335,431,506,599,650,755,160,247,337,433,433,667,667,712,712,987,557,653,749,749,833,833,938,754,844,946,997,997,997,997,997,997,393,477,477],"floor_reached":57,"playtime":2866,"items_purged":[],"score":4155,"play_id":"ee318cda-850c-4d6c-a290-0e7d259dd909","local_time":"20201229220219","daily_mods":["Heirloom","Flight","DeadlyEvents","Elite Swarm","Midas"],"is_ascension_mode":true,"campfire_choices":[{"floor":12.0,"key":"REST"},{"floor":15.0,"key":"REST"},{"floor":32.0,"key":"REST"},{"floor":49.0,"key":"RECALL"},{"floor":53.0,"key":"REST"}],"circlet_count":0,"master_deck":["AscendersBane","Strike_Lin:ReiMu+1","Strike_Lin:ReiMu+1","Strike_Lin:ReiMu+1","Strike_Lin:ReiMu+1","REME_BattleFury+1","AT_FocusSwordFire+1","SealNeedle:ReiMu+1","KamiRite:ReiMu+1","KamiRite:ReiMu+1","RainPray2:ReiMu+1","Finesse+1","Impatience+1","Panacea+1","KamiRite:ReiMu+1","REME_ShortnessOfBreath+1","Finesse+1","Flash of Steel+1","RunawayExorcism:ReiMu+1","FineLineFantasy:ReiMu","FineLineFantasy:ReiMu"],"relics":["FlyPower:ReiMu","Hammer of Thor","Seething Fire","Anvil of the Gods","AT_ATBox","REME_ComplimentaryCards","AT_RabadonDeathcap","Mango","StrikeDummy","vexMod:BarristanHead","Unceasing Top","Blue Candle","ReplayTheSpireMod:Shallot","BargainBundle","vexMod:Dragonfruit","Mastiff:ReiMu","Onion Ring","REME_LowDesire","Bronze Scales","Replay:Mystery Machine","Orrery","Lantern","Omamori","Regal Pillow","Molten Egg 2","Ginger","Bottled Lightning","REME_LimitBreaker","Vajra","Akabeko","Cursed Key","FossilizedHelix","Question Card","ReplayFunnel","vexMod:PlasmaPancake","White Beast Statue","Bow_fan:ReiMu","AT_BellDemon","InkBottle","TungstenRod","Replay:Ringing Soul","Replay:Wax Seal","vexMod:Spyglass","Blue Doll","AT_SpeedBoots","Snack Pack"],"acts_visited":["Exordium","TheCity","TheBeyond","TheEnding"],"potions_floor_usage":[56],"damage_taken":[{"damage":0.0,"enemies":"Jaw Worm","floor":1.0,"turns":2.0},{"damage":0.0,"enemies":"Cultist","floor":3.0,"turns":2.0},{"damage":8.0,"enemies":"Lagavulin","floor":6.0,"turns":4.0},{"damage":14.0,"enemies":"3 Sentries","floor":7.0,"turns":7.0},{"damage":8.0,"enemies":"Lagavulin","floor":8.0,"turns":6.0},{"damage":0.0,"enemies":"Gremlin Nob","floor":10.0,"turns":3.0},{"damage":2.0,"enemies":"Replay:BlueRogue","floor":13.0,"turns":3.0},{"damage":0.0,"enemies":"Slime Boss","floor":16.0,"turns":4.0},{"damage":10.0,"enemies":"Shell Parasite","floor":18.0,"turns":4.0},{"damage":0.0,"enemies":"Gremlin Leader","floor":23.0,"turns":4.0},{"damage":0.0,"enemies":"REME_1_Revenger","floor":24.0,"turns":2.0},{"damage":0.0,"enemies":"Book of Stabbing","floor":25.0,"turns":2.0},{"damage":0.0,"enemies":"Replay:Snechameleon","floor":27.0,"turns":2.0},{"damage":1.0,"enemies":"Gremlin Leader","floor":29.0,"turns":3.0},{"damage":21.0,"enemies":"Slavers","floor":30.0,"turns":3.0},{"damage":0.0,"enemies":"REME_1_Revenger","floor":31.0,"turns":2.0},{"damage":6.0,"enemies":"Pondfish","floor":33.0,"turns":2.0},{"damage":21.0,"enemies":"3 Shapes","floor":35.0,"turns":1.0},{"damage":13.0,"enemies":"R_Hoarder","floor":39.0,"turns":5.0},{"damage":0.0,"enemies":"Giant Head","floor":40.0,"turns":3.0},{"damage":0.0,"enemies":"R_Hoarder","floor":42.0,"turns":4.0},{"damage":0.0,"enemies":"Nemesis","floor":44.0,"turns":3.0},{"damage":0.0,"enemies":"Giant Head","floor":46.0,"turns":2.0},{"damage":0.0,"enemies":"R_Hoarder","floor":47.0,"turns":4.0},{"damage":0.0,"enemies":"3 Darklings","floor":48.0,"turns":1.0},{"damage":0.0,"enemies":"Replay:Hell Engine","floor":50.0,"turns":3.0},{"damage":0.0,"enemies":"Awakened One","floor":51.0,"turns":3.0},{"damage":0.0,"enemies":"Shield and Spear","floor":55.0,"turns":3.0},{"damage":60,"enemies":"The Heart","floor":56,"turns":5}],"seed_played":"2562472170110674922","potions_obtained":[{"floor":1.0,"key":"PinkPotion:ReiMu"},{"floor":3.0,"key":"DistilledChaos"},{"floor":10.0,"key":"SkillPotion"},{"floor":44.0,"key":"MagicPotion:ReiMu"},{"floor":48.0,"key":"BottledKami:ReiMu"}],"is_trial":true,"path_per_floor":["M","?","M","?","?","E","E","E","T","E","$","R","E","T","R","B",null,"M","?","?","$","?","E","E","E","T","E","$","E","E","E","R","B",null,"M","$","?","$","E","E","?","E","T","E","$","E","E","M","R","B","B",null,"R","$","E","B",null],"character_chosen":"REIMU","items_purchased":["BargainBundle","vexMod:Dragonfruit","Impatience","Orrery","Finesse","Ginger","Bottled Lightning","FossilizedHelix","Finesse","ReplayUltimateDefense","FineLineFantasy:ReiMu","vexMod:Spyglass","Blue Doll","AT_SpeedBoots","Weak Potion"],"campfire_rested":4,"item_purchase_floors":[11,11,11,21,21,28,28,38,38,45,54,54,54,54,54],"current_hp_per_floor":[54,54,54,54,50,42,28,20,20,20,25,48,46,46,69,69,77,67,67,67,67,42,42,42,42,42,42,42,41,20,20,58,52,72,51,51,51,51,38,38,44,44,44,44,44,44,44,44,44,44,44,75,85,88,88,54],"gold":477,"neow_bonus":"","is_daily":false,"chose_seed":false,"campfire_upgraded":0,"win_rate":0.0,"timestamp":1609250539,"path_taken":["M","?","?","?","?","E","?","E","T","E","$","R","E","?","R","BOSS","M","?","?","$","?","E","E","E","T","E","$","E","?","E","R","BOSS","M","$","?","$","?","E","?","E","T","E","$","?","E","?","R","BOSS","BOSS","R","$","E","BOSS"],"items_purchased_type":["Relic","Relic","Card","Relic","Card","Relic","Relic","Relic","Card","Card","Card","Relic","Relic","Relic","Potion"],"build_version":"2020-12-22","purchased_purges":0,"victory":true,"max_hp_per_floor":[60,60,60,60,74,74,74,74,74,74,79,79,79,79,79,79,79,79,79,79,79,79,79,79,79,79,79,79,79,79,79,79,79,79,79,79,79,79,79,79,85,85,85,85,85,85,85,85,85,85,85,85,85,88,88,88],"card_choices":[{"not_picked":["SubAcupoint:ReiMu","Amulet:ReiMu"],"picked":"SealNeedle:ReiMu","floor":1.0},{"not_picked":["NineCharacters:ReiMu","Amulet:ReiMu"],"picked":"SubcavityInstant:ReiMu","floor":3.0},{"not_picked":["OctopathSalyBorderN:ReiMu","SubcavityFantasy:ReiMu"],"picked":"HakureiPhantom:ReiMu","floor":6.0},{"not_picked":["Shading:ReiMu","CeremonyResonance:ReiMu"],"picked":"KamiRite:ReiMu","floor":7.0},{"not_picked":["RunawayExorcism:ReiMu","BlastKick2:ReiMu"],"picked":"KamiRite:ReiMu","floor":8.0},{"not_picked":["DependentForm:ReiMu","YinYang:ReiMu"],"picked":"OctopathSalyBorderN:ReiMu","floor":10.0},{"not_picked":["OctopathSalyBorderN:ReiMu","KyokaiOfKami:ReiMu","CleanRite:ReiMu"],"picked":"SKIP","floor":13.0},{"not_picked":["OrbThrow:ReiMu","SubcavityInstant:ReiMu","REME_TwoStrings"],"picked":"RainPray2:ReiMu","floor":18.0},{"not_picked":["SubcavityInstant:ReiMu","Enchanting:ReiMu","Apotheosis"],"picked":"Intuition:ReiMu","floor":21.0},{"not_picked":["AirStrike:ReiMu","SubAcupoint:ReiMu","Forethought"],"picked":"EmergencyTakeOff:ReiMu","floor":21.0},{"not_picked":["WonderfulDomain:ReiMu","AirStrike:ReiMu+1","Jack Of All Trades"],"picked":"AirManeuver:ReiMu+1","floor":21.0},{"not_picked":["DependentForm:ReiMu","Dreaming:ReiMu","BlastKick2:ReiMu","Apotheosis"],"picked":"SKIP","floor":23.0},{"not_picked":["KyokaiOfKami:ReiMu","Dreaming:ReiMu","Determination:ReiMu"],"picked":"Impatience+1","floor":24.0},{"not_picked":["Free:ReiMu","Authority:ReiMu","HakureiPhantom:ReiMu","REME_EyeOfCthun"],"picked":"SKIP","floor":25.0},{"not_picked":["RunawayExorcism:ReiMu","HakureiPhantom:ReiMu","Dreaming:ReiMu+1"],"picked":"Panacea","floor":27.0},{"not_picked":["CardOfSanctity:ReiMu","DependentForm:ReiMu","Discovery"],"picked":"KamiRite:ReiMu","floor":29.0},{"not_picked":["Free:ReiMu","KyokaiOfKami:ReiMu","BlastKick2:ReiMu+1"],"picked":"REME_ShortnessOfBreath","floor":30.0},{"not_picked":["Determination:ReiMu+1","Free:ReiMu","HakureiPhantom:ReiMu","Transmutation"],"picked":"SKIP","floor":31.0},{"not_picked":["CleanRite:ReiMu","OctopathSalyBorderN:ReiMu+1","Dreaming:ReiMu+1"],"picked":"ReplayTheSpireMod:Uncanny Aura","floor":33.0},{"not_picked":["Intuition:ReiMu","SubAcupoint:ReiMu+1","RainPray2:ReiMu"],"picked":"Finesse","floor":35.0},{"not_picked":["KyokaiOfKami:ReiMu","OctopathSalyBorderN:ReiMu+1","CardOfSanctity:ReiMu"],"picked":"Replay:Bootleg Shield Generator","floor":39.0},{"not_picked":["Free:ReiMu","SubcavityFantasy:ReiMu","HakureiPhantom:ReiMu","CleanRite:ReiMu","Dramatic Entrance+1"],"picked":"SKIP","floor":40.0},{"not_picked":["Free:ReiMu","Shading:ReiMu","KyokaiOfKami:ReiMu","Dreaming:ReiMu+1"],"picked":"Flash of Steel+1","floor":42.0},{"not_picked":["BlastKick2:ReiMu+1","Dreaming:ReiMu+1","HakureiPhantom:ReiMu","YinYang:ReiMu+1","vexMod:EmailVexCard+1"],"picked":"SKIP","floor":44.0},{"not_picked":["OctopathSalyBorderN:ReiMu+1","Dreaming:ReiMu+1","Determination:ReiMu+1","Apotheosis"],"picked":"RunawayExorcism:ReiMu","floor":46.0},{"not_picked":["BlastKick2:ReiMu+1","KamiRite:ReiMu","YinYang:ReiMu+1","CleanRite:ReiMu","REME_HeartOfCthun+1"],"picked":"SKIP","floor":47.0},{"not_picked":["Crusade:ReiMu+1","SpringWay:ReiMu","EmergencyTakeOff:ReiMu","SpreadBorder2:ReiMu+1","AT_FamilyPortrait"],"picked":"SKIP","floor":48.0},{"not_picked":["PrayRite:ReiMu","BlastKick2:ReiMu+1","KamiRite:ReiMu","OctopathSalyBorderN:ReiMu+1","Dramatic Entrance+1"],"picked":"SKIP","floor":55.0}],"player_experience":43629,"relics_obtained":[{"floor":6.0,"key":"StrikeDummy"},{"floor":7.0,"key":"vexMod:BarristanHead"},{"floor":8.0,"key":"Unceasing Top"},{"floor":9.0,"key":"Blue Candle"},{"floor":10.0,"key":"ReplayTheSpireMod:Shallot"},{"floor":13.0,"key":"Mastiff:ReiMu"},{"floor":14.0,"key":"Onion Ring"},{"floor":17.0,"key":"Bronze Scales"},{"floor":17.0,"key":"Replay:Mystery Machine"},{"floor":23.0,"key":"Lantern"},{"floor":24.0,"key":"Omamori"},{"floor":25.0,"key":"Regal Pillow"},{"floor":27.0,"key":"Molten Egg 2"},{"floor":29.0,"key":"REME_LimitBreaker"},{"floor":30.0,"key":"Vajra"},{"floor":31.0,"key":"Akabeko"},{"floor":39.0,"key":"Question Card"},{"floor":40.0,"key":"ReplayFunnel"},{"floor":42.0,"key":"White Beast Statue"},{"floor":43.0,"key":"Bow_fan:ReiMu"},{"floor":44.0,"key":"AT_BellDemon"},{"floor":46.0,"key":"InkBottle"},{"floor":46.0,"key":"TungstenRod"},{"floor":47.0,"key":"Replay:Ringing Soul"},{"floor":47.0,"key":"Replay:Wax Seal"},{"floor":55.0,"key":"Snack Pack"}],"event_choices":[{"damage_healed":0.0,"max_hp_gain":0.0,"max_hp_loss":0.0,"gold_gain":0.0,"event_name":"Match and Keep!","player_choice":"0 cards matched","floor":2.0,"gold_loss":0.0,"damage_taken":0.0,"cards_obtained":[]},{"damage_healed":0.0,"max_hp_gain":0.0,"max_hp_loss":0.0,"gold_gain":0.0,"event_name":"The Cleric","player_choice":"Leave","floor":4.0,"gold_loss":0.0,"damage_taken":0.0},{"damage_healed":0.0,"max_hp_gain":0.0,"max_hp_loss":0.0,"gold_gain":0.0,"event_name":"Scrap Ooze","player_choice":"Success","floor":5.0,"gold_loss":0.0,"damage_taken":18.0,"relics_obtained":["Mango"]},{"damage_healed":0.0,"max_hp_gain":0.0,"max_hp_loss":0.0,"gold_gain":0.0,"event_name":"Ghosts","player_choice":"Ignored","floor":19.0,"gold_loss":0.0,"damage_taken":0.0},{"damage_healed":0.0,"max_hp_gain":0.0,"max_hp_loss":0.0,"gold_gain":0.0,"event_name":"Vampires","player_choice":"Ignored","floor":20.0,"gold_loss":0.0,"damage_taken":0.0},{"damage_healed":0.0,"max_hp_gain":0.0,"max_hp_loss":0.0,"gold_gain":180.0,"event_name":"Knowing Skull","player_choice":"GOLD GOLD CARD ","floor":22.0,"potions_obtained":[],"gold_loss":0.0,"damage_taken":25.0,"cards_obtained":["Replay:Bootleg Shield Generator"]},{"damage_healed":0.0,"max_hp_gain":0.0,"max_hp_loss":0.0,"gold_gain":275.0,"event_name":"Golden Shrine","player_choice":"Desecrate","floor":37.0,"gold_loss":0.0,"damage_taken":0.0,"cards_obtained":["Regret"]},{"damage_healed":0.0,"max_hp_gain":0.0,"max_hp_loss":0.0,"gold_gain":0.0,"event_name":"WeMeetAgain","player_choice":"Gave Potion","floor":41.0,"gold_loss":0.0,"damage_taken":0.0,"relics_obtained":["vexMod:PlasmaPancake"]}],"is_beta":false,"boss_relics":[{"not_picked":["Empty Cage","Philosopher\u0027s Stone"],"picked":"REME_LowDesire"},{"not_picked":["Painkiller Herb","ReplayTheSpireMod:DimensionalGlitch"],"picked":"Cursed Key"}],"items_purged_floors":[],"is_endless":false,"potions_floor_spawned":[1,3,8,10,23,24,29,30,33,40,44,46,47,48,55],"ascension_level":20}}