{"host":"mi0eibewekhugwl1","time":1609233764,"event":{"mods":["AchievementEnabler","BaseMod","Colored Map","Colored Powertips","DeckTracker","Keyboard Shortcuts","Minty Spire (QoL Compilation)","Quick Restart","Rare Cards Sparkle","Relic Stats","StSLib","SuperFastMode","everything is the same but u backflip on backflip"],"gold_per_floor":[114,130,140,160,9,35,35,54,77,94,112,77,77,94,94,169,169,188,204,204,232,232,232],"floor_reached":22,"playtime":459,"items_purged":["Strike_B"],"score":380,"play_id":"134f8789-ed53-4bb2-8627-52b007bbf29f","local_time":"20201229182244","is_ascension_mode":true,"campfire_choices":[{"floor":7,"key":"REST"},{"data":"Sunder","floor":13,"key":"SMITH"},{"data":"Go for the Eyes","floor":15,"key":"SMITH"}],"circlet_count":0,"master_deck":["AscendersBane","Strike_B","Strike_B","Strike_B","Defend_B","Defend_B","Defend_B","Defend_B","Zap+1","Dualcast+1","Compile Driver","Sunder+1","Beam Cell","FTL","Reboot","Genetic Algorithm","Genetic Algorithm","Go for the Eyes+1","Seek","White Noise","Auto Shields","Decay","Double Energy"],"relics":["Cracked Core","NeowsBlessing","Pear","War Paint","Nuclear Battery","Red Mask"],"acts_visited":["Exordium","TheCity"],"potions_floor_usage":[6,8,16,16,21,22],"damage_taken":[{"damage":0,"enemies":"Cultist","floor":1,"turns":1},{"damage":0,"enemies":"Jaw Worm","floor":2,"turns":1},{"damage":0,"enemies":"2 Louse","floor":3,"turns":1},{"damage":24,"enemies":"Large Slime","floor":4,"turns":5},{"damage":40,"enemies":"3 Sentries","floor":6,"turns":8},{"damage":5,"enemies":"Lots of Slimes","floor":8,"turns":3},{"damage":4,"enemies":"Red Slaver","floor":10,"turns":2},{"damage":0,"enemies":"2 Fungi Beasts","floor":11,"turns":2},{"damage":0,"enemies":"Large Slime","floor":14,"turns":3},{"damage":39,"enemies":"Hexaghost","floor":16,"turns":9},{"damage":16,"enemies":"3 Byrds","floor":18,"turns":5},{"damage":6,"enemies":"Shell Parasite","floor":19,"turns":4},{"damage":22,"enemies":"Masked Bandits","floor":21,"turns":4},{"damage":26,"enemies":"Snake Plant","floor":22,"turns":3}],"seed_played":"-1962017012709477284","potions_obtained":[{"floor":3,"key":"Dexterity Potion"},{"floor":4,"key":"Regen Potion"},{"floor":6,"key":"SpeedPotion"},{"floor":11,"key":"Fire Potion"},{"floor":19,"key":"Swift Potion"},{"floor":21,"key":"PowerPotion"}],"is_trial":false,"path_per_floor":["M","M","M","M","$","E","R","M","T","M","M","?","R","M","R","B",null,"M","M","?","?","M"],"character_chosen":"DEFECT","items_purchased":["FTL"],"campfire_rested":1,"item_purchase_floors":[5],"current_hp_per_floor":[64,64,64,40,40,25,49,44,44,40,40,60,60,60,60,21,66,50,44,44,22,0,0],"gold":232,"neow_bonus":"THREE_ENEMY_KILL","is_daily":false,"chose_seed":false,"campfire_upgraded":2,"win_rate":0.0,"timestamp":1609233764,"path_taken":["M","M","M","M","?","E","R","?","T","M","M","?","R","M","R","BOSS","M","M","?","?","M"],"items_purchased_type":["Card"],"build_version":"2020-12-22","purchased_purges":1,"victory":false,"max_hp_per_floor":[71,71,71,71,71,81,81,81,81,81,81,81,81,81,81,81,81,81,81,81,81,81,81],"relic_stats":{"counters":[14,51],"War Paint":["Dualcast","Zap"],"obtain_stats":[{"Pear":6,"NeowsBlessing":0,"Red Mask":21,"War Paint":9,"Cracked Core":0,"Nuclear Battery":17},{"Pear":5,"NeowsBlessing":0,"Red Mask":13,"War Paint":6,"Cracked Core":0,"Nuclear Battery":10},{"Pear":16,"NeowsBlessing":0,"Red Mask":48,"War Paint":19,"Cracked Core":0,"Nuclear Battery":35}]},"card_choices":[{"not_picked":["Conserve Battery","Fusion","Barrage"],"picked":"SKIP","floor":1},{"not_picked":["Conserve Battery","Hologram"],"picked":"Compile Driver","floor":2},{"not_picked":["Go for the Eyes","Sweeping Beam"],"picked":"Sunder","floor":3},{"not_picked":["Rip and Tear","Steam"],"picked":"Beam Cell","floor":4},{"not_picked":["Redo","Rebound"],"picked":"Reboot","floor":6},{"not_picked":["Tempest","Rip and Tear"],"picked":"Genetic Algorithm","floor":8},{"not_picked":["Lockon","Beam Cell","Leap"],"picked":"SKIP","floor":10},{"not_picked":["Turbo","Sweeping Beam"],"picked":"Genetic Algorithm","floor":11},{"not_picked":["Rainbow","Ball Lightning"],"picked":"Go for the Eyes","floor":14},{"not_picked":["Echo Form","Fission"],"picked":"Seek","floor":16},{"not_picked":["Leap","Go for the Eyes"],"picked":"White Noise","floor":18},{"not_picked":["Capacitor+1","Scrape+1"],"picked":"Auto Shields","floor":19},{"not_picked":["Hologram","Chaos"],"picked":"Double Energy","floor":21}],"player_experience":1718043,"relics_obtained":[{"floor":6,"key":"Pear"},{"floor":9,"key":"War Paint"},{"floor":21,"key":"Red Mask"}],"event_choices":[{"damage_healed":20,"gold_gain":0,"player_choice":"Healed","damage_taken":0,"max_hp_gain":0,"max_hp_loss":0,"event_name":"The Cleric","floor":12,"gold_loss":35},{"damage_healed":0,"gold_gain":0,"player_choice":"Smashed Altar","damage_taken":0,"max_hp_gain":0,"max_hp_loss":0,"event_name":"Forgotten Altar","floor":20,"gold_loss":0,"cards_obtained":["Decay"]},{"damage_healed":0,"gold_gain":0,"player_choice":"Fought Bandits","damage_taken":0,"max_hp_gain":0,"max_hp_loss":0,"event_name":"Masked Bandits","floor":21,"gold_loss":0}],"is_beta":false,"boss_relics":[{"not_picked":["Black Star","SacredBark"],"picked":"Nuclear Battery"}],"items_purged_floors":[5],"is_endless":false,"potions_floor_spawned":[3,4,6,11,19,21],"killed_by":"Snake Plant","ascension_level":20}}