{"host":"8w54i48wcuneocjq","time":1609269382,"event":{"mods":["2.2 Compatiblity","AchievementEnabler","BaseMod","DeckTracker","Minty Spire (QoL Compilation)","Random Character Button","Rare Cards Sparkle"],"gold_per_floor":[116,136,136,151,171,171,181,214,214,224,224,224,224,252,252,351,351,361,371,58,76,95,129,162,174,221,121,121,137,152,252,252,355,355,371,593,611,628,675,675,708,708,708,708,288,307,307,307,307,307],"floor_reached":51,"playtime":3148,"items_purged":["Defend_G","Strike_G","Writhe"],"score":784,"play_id":"98aacd46-adad-4a2a-bb7b-250631599bfb","local_time":"20201229201622","is_ascension_mode":false,"campfire_choices":[{"data":"Neutralize","floor":6.0,"key":"SMITH"},{"data":"Blade Dance","floor":11.0,"key":"SMITH"},{"data":"Noxious Fumes","floor":13.0,"key":"SMITH"},{"data":"Backstab","floor":15.0,"key":"SMITH"},{"floor":32,"key":"REST"},{"floor":40,"key":"REST"},{"data":"Backflip","floor":44,"key":"SMITH"},{"floor":49,"key":"REST"}],"circlet_count":0,"master_deck":["Strike_G","Strike_G","Strike_G","Defend_G","Defend_G","Survivor","Neutralize+1","Backflip+1","Iron Wave","Backstab+1","Blade Dance+1","Noxious Fumes+1","After Image","Backflip","Dagger Spray+1","Terror+1","Infinite Blades+1","Sucker Punch+1","Quick Slash+1","Dodge and Roll+1","Die Die Die+1"],"relics":["Ring of the Serpent","NeowsBlessing","Kunai","Meat on the Bone","Matryoshka","Molten Egg 2","Happy Flower","Red Mask","Pantograph","Juzu Bracelet","Paper Crane","StoneCalendar","HornCleat","Empty Cage","Tough Bandages","Question Card","Anchor","Mummified Hand","Vajra","Lantern"],"acts_visited":["TheCity","TheBeyond"],"potions_floor_usage":[24,31,31,38,50,50,50],"damage_taken":[{"damage":0.0,"enemies":"2 Louse","floor":1.0,"turns":1.0},{"damage":0.0,"enemies":"Cultist","floor":2.0,"turns":1.0},{"damage":0.0,"enemies":"Small Slimes","floor":4.0,"turns":1.0},{"damage":15.0,"enemies":"Exordium Thugs","floor":5.0,"turns":9.0},{"damage":2.0,"enemies":"Large Slime","floor":7.0,"turns":6.0},{"damage":12.0,"enemies":"3 Sentries","floor":8.0,"turns":8.0},{"damage":0.0,"enemies":"2 Fungi Beasts","floor":10.0,"turns":2.0},{"damage":8.0,"enemies":"Gremlin Nob","floor":14.0,"turns":3.0},{"damage":30.0,"enemies":"Hexaghost","floor":16.0,"turns":11.0},{"damage":0.0,"enemies":"Chosen","floor":18.0,"turns":5.0},{"damage":17.0,"enemies":"2 Thieves","floor":19.0,"turns":4.0},{"damage":6.0,"enemies":"Centurion and Healer","floor":21.0,"turns":7.0},{"damage":1.0,"enemies":"Cultist and Chosen","floor":22.0,"turns":7.0},{"damage":32.0,"enemies":"Slavers","floor":23.0,"turns":6.0},{"damage":13,"enemies":"Masked Bandits","floor":24,"turns":4},{"damage":0,"enemies":"Snecko","floor":25,"turns":4},{"damage":1,"enemies":"Shelled Parasite and Fungi","floor":29,"turns":5},{"damage":1,"enemies":"Snake Plant","floor":30,"turns":6},{"damage":3,"enemies":"Colosseum Slavers","floor":31,"turns":3},{"damage":0,"enemies":"Colosseum Nobs","floor":31,"turns":4},{"damage":0,"enemies":"Automaton","floor":33,"turns":10},{"damage":8,"enemies":"3 Shapes","floor":35,"turns":3},{"damage":12,"enemies":"3 Darklings","floor":37,"turns":5},{"damage":0,"enemies":"Transient","floor":38,"turns":5},{"damage":44,"enemies":"2 Orb Walkers","floor":39,"turns":5},{"damage":0,"enemies":"Giant Head","floor":41,"turns":9},{"damage":0,"enemies":"Maw","floor":46,"turns":7},{"damage":3,"enemies":"Donu and Deca","floor":50,"turns":9}],"seed_played":"-2532039432352900924","potions_obtained":[{"floor":4.0,"key":"Regen Potion"},{"floor":7.0,"key":"Poison Potion"},{"floor":10.0,"key":"FearPotion"},{"floor":14.0,"key":"Fruit Juice"},{"floor":19.0,"key":"FearPotion"},{"floor":23.0,"key":"Block Potion"},{"floor":29,"key":"SteroidPotion"},{"floor":30,"key":"DistilledChaos"},{"floor":31,"key":"Dexterity Potion"},{"floor":35,"key":"Strength Potion"},{"floor":39,"key":"Ancient Potion"},{"floor":41,"key":"DuplicationPotion"}],"is_trial":false,"path_per_floor":["M","M","?","M","M","R","M","E","T","M","R","?","R","E","R","B",null,"M","M","$","M","M","E","?","M","T","$","?","M","M","?","R","B",null,"M","?","M","M","?","R","E","?","T","R","$","M","?","?","R","B",null],"character_chosen":"THE_SILENT","items_purchased":["Molten Egg 2","Vajra","Lantern"],"campfire_rested":3,"item_purchase_floors":[20,45,45],"current_hp_per_floor":[70,70,70,70,55,55,53,41,41,41,41,64,64,61,61,43,75,75,58,58,52,51,46,45,45,45,45,45,44,43,40,62,75,75,67,67,55,55,23,45,45,64,64,64,64,64,64,64,75,72],"gold":307,"neow_bonus":"THREE_ENEMY_KILL","is_daily":false,"chose_seed":false,"campfire_upgraded":5,"win_rate":0.0,"timestamp":1609269382,"path_taken":["M","M","?","M","M","R","?","E","T","M","R","?","R","E","R","BOSS","M","M","$","M","M","E","?","M","T","$","?","M","M","?","R","BOSS","M","?","M","M","?","R","E","?","T","R","$","M","?","?","R","BOSS"],"items_purchased_type":["Relic","Relic","Relic"],"build_version":"2020-12-22","purchased_purges":3,"victory":true,"max_hp_per_floor":[70,70,70,70,70,70,70,70,70,70,70,70,70,75,75,75,75,75,75,75,75,75,75,75,75,75,75,75,75,75,75,75,75,75,75,75,75,75,75,75,75,75,75,75,75,75,75,75,75,75],"card_choices":[{"not_picked":["Underhanded Strike","Deadly Poison","Deflect"],"picked":"SKIP","floor":1.0},{"not_picked":["Quick Slash","Prepared"],"picked":"Backflip","floor":2.0},{"not_picked":["Prepared","Deflect","Flechettes"],"picked":"SKIP","floor":4.0},{"not_picked":["Quick Slash","Bouncing Flask"],"picked":"Backstab","floor":5.0},{"not_picked":["Sucker Punch","Calculated Gamble"],"picked":"Blade Dance","floor":7.0},{"not_picked":["PiercingWail","Riddle With Holes","Backstab"],"picked":"SKIP","floor":8.0},{"not_picked":["Blade Dance","Quick Slash"],"picked":"Noxious Fumes","floor":10.0},{"not_picked":["Night Terror","Prepared","Quick Slash"],"picked":"SKIP","floor":14.0},{"not_picked":["Venomology","Tools of the Trade"],"picked":"After Image","floor":16.0},{"not_picked":["All Out Attack","Well Laid Plans"],"picked":"Backflip","floor":18.0},{"not_picked":["Skewer","Tactician+1","Blade Dance"],"picked":"SKIP","floor":19.0},{"not_picked":["Skewer+1","Deadly Poison"],"picked":"Dagger Spray+1","floor":21.0},{"not_picked":["Finisher+1","Phantasmal Killer"],"picked":"Terror+1","floor":22.0},{"not_picked":["Dagger Throw+1","Calculated Gamble"],"picked":"Infinite Blades+1","floor":23.0},{"not_picked":["Dagger Throw+1","Deflect"],"picked":"Sucker Punch+1","floor":24},{"not_picked":["Escape Plan","Dagger Spray+1"],"picked":"Quick Slash+1","floor":25},{"not_picked":["Choke+1","Acrobatics+1","Deflect"],"picked":"SKIP","floor":29},{"not_picked":["Riddle With Holes+1","Noxious Fumes"],"picked":"Dodge and Roll+1","floor":30},{"not_picked":["Glass Knife+1","Night Terror"],"picked":"Die Die Die+1","floor":33},{"not_picked":["Underhanded Strike+1","Deflect"],"picked":"Dash+1","floor":35},{"not_picked":["Well Laid Plans+1","Dodge and Roll+1","Deflect"],"picked":"SKIP","floor":37},{"not_picked":["Underhanded Strike+1","Riddle With Holes+1","Crippling Poison"],"picked":"SKIP","floor":38},{"not_picked":["Footwork+1","Reflex+1","Infinite Blades"],"picked":"SKIP","floor":41},{"not_picked":["Distraction","Outmaneuver","Deadly Poison","Slice+1"],"picked":"SKIP","floor":46}],"player_experience":3436,"relics_obtained":[{"floor":8.0,"key":"Kunai"},{"floor":9.0,"key":"Meat on the Bone"},{"floor":14.0,"key":"Matryoshka"},{"floor":23.0,"key":"Happy Flower"},{"floor":24,"key":"Red Mask"},{"floor":26,"key":"Pantograph"},{"floor":26,"key":"Juzu Bracelet"},{"floor":31,"key":"StoneCalendar"},{"floor":31,"key":"HornCleat"},{"floor":39,"key":"Tough Bandages"},{"floor":41,"key":"Question Card"},{"floor":43,"key":"Anchor"},{"floor":43,"key":"Mummified Hand"}],"event_choices":[{"cards_removed":["Defend_G"],"damage_healed":0.0,"max_hp_gain":0.0,"max_hp_loss":0.0,"gold_gain":0.0,"event_name":"NoteForYourself","player_choice":"Took Card","floor":3.0,"gold_loss":0.0,"damage_taken":0.0,"cards_obtained":["Iron Wave"]},{"damage_healed":23.0,"max_hp_gain":0.0,"max_hp_loss":0.0,"gold_gain":0.0,"event_name":"Big Fish","player_choice":"Banana","floor":12.0,"gold_loss":0.0,"damage_taken":0.0},{"damage_healed":0,"gold_gain":0,"player_choice":"Fought Bandits","damage_taken":0,"max_hp_gain":0,"max_hp_loss":0,"event_name":"Masked Bandits","floor":24,"gold_loss":0},{"damage_healed":0,"gold_gain":0,"player_choice":"Opened","damage_taken":0,"relics_obtained":["Paper Crane"],"max_hp_gain":0,"max_hp_loss":0,"event_name":"The Mausoleum","floor":28,"gold_loss":0,"cards_obtained":["Writhe"]},{"damage_healed":0,"gold_gain":0,"player_choice":"Fight","damage_taken":0,"max_hp_gain":0,"max_hp_loss":0,"event_name":"Colosseum","floor":31,"gold_loss":0},{"damage_healed":0,"gold_gain":0,"player_choice":"Fought Nobs","damage_taken":0,"max_hp_gain":0,"max_hp_loss":0,"event_name":"Colosseum","floor":31,"gold_loss":0},{"damage_healed":0,"gold_gain":222,"player_choice":"Wore Mask","damage_taken":0,"max_hp_gain":0,"max_hp_loss":0,"event_name":"Tomb of Lord Red Mask","floor":36,"gold_loss":0},{"damage_healed":0,"gold_gain":0,"player_choice":"Fight","damage_taken":0,"max_hp_gain":0,"max_hp_loss":0,"event_name":"Mysterious Sphere","floor":39,"gold_loss":0},{"damage_healed":19,"gold_gain":0,"player_choice":"Writhe","damage_taken":0,"max_hp_gain":0,"max_hp_loss":0,"event_name":"Winding Halls","floor":42,"gold_loss":0,"cards_obtained":["Writhe"]},{"cards_removed":["Dash"],"damage_healed":0,"gold_gain":0,"player_choice":"Removed Attack","damage_taken":0,"max_hp_gain":0,"max_hp_loss":0,"event_name":"Falling","floor":47,"gold_loss":0},{"cards_removed":["Defend_G"],"damage_healed":0,"gold_gain":0,"player_choice":"Purged","damage_taken":0,"max_hp_gain":0,"max_hp_loss":0,"event_name":"Purifier","floor":48,"gold_loss":0}],"is_beta":false,"boss_relics":[{"not_picked":["Black Star","Astrolabe"],"picked":"Ring of the Serpent"},{"not_picked":["Velvet Choker","Calling Bell"],"picked":"Empty Cage"}],"items_purged_floors":[20,27,45],"is_endless":false,"potions_floor_spawned":[4,7,10,14,19,22,23,29,30,31,35,39,41],"ascension_level":0}}