{"host":"oy4pyvr762z5n0bb","time":1609278968,"event":{"mods":["AchievementEnabler","BaseMod","Colored Map","Colored Powertips","Googly Eyes","Key Reminder","Minty Spire (QoL Compilation)","Quick Restart","Relic Sorter","StSLib","SuperFastMode","Unceasing Turn Reminder","slay the spire mod where everything is the same but ironclad has a cowboy hat"],"gold_per_floor":[113,113,40,53,53,53,70,70,97,97,107,133,133,160,160,259,259,272,12,12,31,31,63,63,95,95,95,95,95],"floor_reached":28,"playtime":480,"items_purged":["Strike_B"],"score":445,"play_id":"792368a7-6257-4cf5-a8e3-5fb3771ade5c","local_time":"20201229135608","is_ascension_mode":true,"campfire_choices":[{"data":"Gash","floor":6.0,"key":"SMITH"},{"data":"FTL","floor":8.0,"key":"SMITH"},{"data":"Rip and Tear","floor":10.0,"key":"SMITH"},{"data":"Gash","floor":15.0,"key":"SMITH"},{"floor":24.0,"key":"REST"}],"circlet_count":0,"master_deck":["AscendersBane","Strike_B","Strike_B","Defend_B","Defend_B","Defend_B","Defend_B","Zap+1","Dualcast","Gash+1","FTL+1","FTL","Rip and Tear+1","Auto Shields","Ball Lightning","Leap","Gash+1","Fission","Sweeping Beam","Skim","Shame"],"relics":["Cracked Core","NeowsBlessing","PreservedInsect","DataDisk","White Beast Statue","Strawberry","Busted Crown","Lee\u0027s Waffle","Eternal Feather","Orichalcum","Art of War","Pocketwatch"],"acts_visited":["Exordium","TheCity"],"potions_floor_usage":[28],"damage_taken":[{"damage":0.0,"enemies":"Jaw Worm","floor":1.0,"turns":1.0},{"damage":0.0,"enemies":"Cultist","floor":4.0,"turns":1.0},{"damage":0.0,"enemies":"2 Louse","floor":7.0,"turns":1.0},{"damage":11.0,"enemies":"Exordium Wildlife","floor":11.0,"turns":4.0},{"damage":0.0,"enemies":"Gremlin Nob","floor":12.0,"turns":2.0},{"damage":19.0,"enemies":"Lagavulin","floor":14.0,"turns":4.0},{"damage":21.0,"enemies":"Hexaghost","floor":16.0,"turns":8.0},{"damage":30.0,"enemies":"2 Thieves","floor":18.0,"turns":4.0},{"damage":7.0,"enemies":"3 Byrds","floor":21.0,"turns":3.0},{"damage":47.0,"enemies":"Book of Stabbing","floor":23.0,"turns":5.0},{"damage":16.0,"enemies":"Slavers","floor":25.0,"turns":4.0},{"damage":31.0,"enemies":"Colosseum Slavers","floor":27.0,"turns":5.0},{"damage":26,"enemies":"Book of Stabbing","floor":28,"turns":4}],"seed_played":"-8673802555684352926","potions_obtained":[{"floor":11.0,"key":"Energy Potion"},{"floor":12.0,"key":"Explosive Potion"},{"floor":16.0,"key":"PowerPotion"},{"floor":23.0,"key":"Fire Potion"},{"floor":25.0,"key":"Energy Potion"}],"is_trial":false,"path_per_floor":["M","?","$","M","?","R","M","R","T","R","M","E","?","E","R","B",null,"M","$","?","M","?","E","R","E","T","?","E"],"character_chosen":"DEFECT","items_purchased":["FTL","Lee\u0027s Waffle","Skim"],"campfire_rested":1,"item_purchase_floors":[3,19,19],"current_hp_per_floor":[68,68,68,68,68,68,68,68,68,68,57,57,54,42,42,21,67,37,89,89,82,82,35,73,57,57,26,0,0],"gold":95,"neow_bonus":"THREE_ENEMY_KILL","is_daily":false,"chose_seed":false,"campfire_upgraded":4,"win_rate":0.0,"timestamp":1609278968,"path_taken":["M","?","$","M","?","R","M","R","T","R","?","E","?","E","R","BOSS","M","$","?","M","?","E","R","E","T","?","E"],"items_purchased_type":["Card","Relic","Card"],"build_version":"2020-12-22","purchased_purges":1,"victory":false,"max_hp_per_floor":[75,75,75,75,75,75,75,75,75,75,75,75,75,82,82,82,82,82,89,89,89,89,89,89,89,89,89,89,89],"card_choices":[{"not_picked":["Steam","Chill"],"picked":"Gash","floor":1.0},{"not_picked":["Doom and Gloom","Fusion"],"picked":"FTL","floor":4.0},{"not_picked":["Stack","Undo"],"picked":"Auto Shields","floor":7.0},{"not_picked":["Rebound","Hologram"],"picked":"Ball Lightning","floor":11.0},{"not_picked":["Reinforced Body","Streamline"],"picked":"Leap","floor":12.0},{"not_picked":["Beam Cell","Reboot"],"picked":"Gash","floor":14.0},{"not_picked":["Amplify","Rainbow"],"picked":"Fission","floor":16.0},{"not_picked":[],"picked":"Sweeping Beam","floor":18.0},{"not_picked":["Barrage"],"picked":"SKIP","floor":21.0},{"not_picked":["Cold Snap"],"picked":"SKIP","floor":23.0},{"not_picked":["Stack+1"],"picked":"SKIP","floor":25.0}],"player_experience":596618,"relics_obtained":[{"floor":9.0,"key":"PreservedInsect"},{"floor":12.0,"key":"DataDisk"},{"floor":14.0,"key":"Strawberry"},{"floor":23.0,"key":"Orichalcum"},{"floor":25.0,"key":"Art of War"},{"floor":26.0,"key":"Pocketwatch"}],"event_choices":[{"damage_healed":0.0,"max_hp_gain":0.0,"max_hp_loss":0.0,"gold_gain":0.0,"event_name":"Living Wall","player_choice":"Grow","floor":2.0,"gold_loss":0.0,"damage_taken":0.0,"cards_upgraded":["Zap"]},{"damage_healed":0.0,"max_hp_gain":0.0,"max_hp_loss":0.0,"gold_gain":0.0,"cards_transformed":["Strike_B"],"event_name":"Transmorgrifier","player_choice":"Transformed","floor":5.0,"gold_loss":0.0,"damage_taken":0.0,"cards_obtained":["Rip and Tear"]},{"damage_healed":0.0,"max_hp_gain":0.0,"max_hp_loss":0.0,"gold_gain":0.0,"event_name":"Scrap Ooze","player_choice":"Success","floor":13.0,"gold_loss":0.0,"damage_taken":3.0,"relics_obtained":["White Beast Statue"]},{"damage_healed":0.0,"max_hp_gain":0.0,"max_hp_loss":0.0,"gold_gain":0.0,"event_name":"Addict","player_choice":"Stole Relic","floor":20.0,"gold_loss":0.0,"damage_taken":0.0,"relics_obtained":["Eternal Feather"],"cards_obtained":["Shame"]},{"damage_healed":0.0,"max_hp_gain":0.0,"max_hp_loss":0.0,"gold_gain":0.0,"event_name":"Vampires","player_choice":"Ignored","floor":22.0,"gold_loss":0.0,"damage_taken":0.0},{"damage_healed":0.0,"max_hp_gain":0.0,"max_hp_loss":0.0,"gold_gain":0.0,"event_name":"Colosseum","player_choice":"Fight","floor":27.0,"gold_loss":0.0,"damage_taken":0.0},{"damage_healed":0.0,"max_hp_gain":0.0,"max_hp_loss":0.0,"gold_gain":0.0,"event_name":"Colosseum","player_choice":"Fled From Nobs","floor":27.0,"gold_loss":0.0,"damage_taken":0.0}],"is_beta":false,"boss_relics":[{"not_picked":["Coffee Dripper","Ectoplasm"],"picked":"Busted Crown"}],"items_purged_floors":[19],"is_endless":false,"potions_floor_spawned":[11,12,14,16,18,21,23,25,27],"killed_by":"Book of Stabbing","ascension_level":11}}