{"host":"txhhdwa0hqfs4jhb","time":1609283529,"event":{"mods":["AchievementEnabler","BaseMod","Better Third Choice","Filter the Spire","Minty Spire (QoL Compilation)","Relic Stats","StSLib","Thieving Mod"],"gold_per_floor":[114,114,46,62,12,41,41,41,110,110,110,110],"floor_reached":11,"playtime":205,"items_purged":["Strike_G"],"score":136,"play_id":"4afb7b0b-bb74-4956-b96d-ae095d7ee4ca","local_time":"20201229231209","is_ascension_mode":true,"campfire_choices":[{"data":"Catalyst","floor":8,"key":"SMITH"},{"floor":10,"key":"REST"}],"circlet_count":0,"master_deck":["Strike_G","Strike_G","Strike_G","Strike_G","Defend_G","Defend_G","Defend_G","Defend_G","Defend_G","Survivor","Neutralize","Dash","Meditate","Ragnarok+1","Catalyst+1","Deadly Poison","Poisoned Stab","Bouncing Flask","Leg Sweep"],"relics":["Ring of the Snake","NeowsBlessing","Dream Catcher","Smiling Mask","ClockworkSouvenir","Regal Pillow","GremlinMask","Darkstone Periapt"],"acts_visited":["Exordium"],"potions_floor_usage":[11],"damage_taken":[{"damage":0.0,"enemies":"Jaw Worm","floor":1.0,"turns":1.0},{"damage":0,"enemies":"2 Louse","floor":4,"turns":1},{"damage":0,"enemies":"Lagavulin","floor":6,"turns":1},{"damage":20,"enemies":"3 Sentries","floor":11,"turns":4}],"seed_played":"3989462372404125720","potions_obtained":[{"floor":4,"key":"Block Potion"}],"is_trial":false,"path_per_floor":["M","?","$","M","$","E","?","R","T","R","E"],"character_chosen":"THE_SILENT","items_purchased":["Catalyst"],"campfire_rested":1,"item_purchase_floors":[3],"current_hp_per_floor":[63,48,28,28,28,28,28,28,28,64,44,44],"gold":110,"neow_bonus":"THREE_ENEMY_KILL","is_daily":false,"chose_seed":false,"campfire_upgraded":1,"win_rate":0.0,"timestamp":1609283529,"path_taken":["M","?","$","M","$","E","?","R","T","R","E"],"items_purchased_type":["Card"],"build_version":"2020-12-22","purchased_purges":1,"victory":false,"max_hp_per_floor":[70,70,70,70,70,70,70,70,70,70,70,70],"relic_stats":{"Darkstone Periapt":0,"Dream Catcher":1,"Regal Pillow":15,"counters":[4,6],"Smiling Mask":25,"obtain_stats":[{"Darkstone Periapt":9,"Dream Catcher":2,"Regal Pillow":6,"NeowsBlessing":0,"GremlinMask":7,"Smiling Mask":2,"Ring of the Snake":0,"ClockworkSouvenir":3},{"Darkstone Periapt":3,"Dream Catcher":1,"Regal Pillow":3,"NeowsBlessing":0,"GremlinMask":3,"Smiling Mask":1,"Ring of the Snake":0,"ClockworkSouvenir":1},{"Darkstone Periapt":3,"Dream Catcher":1,"Regal Pillow":3,"NeowsBlessing":0,"GremlinMask":3,"Smiling Mask":1,"Ring of the Snake":0,"ClockworkSouvenir":1}],"Ring of the Snake":[8]},"card_choices":[{"not_picked":["Sucker Punch","Infinite Blades"],"picked":"Dash","floor":1.0},{"not_picked":["Acrobatics","Flying Knee"],"picked":"Poisoned Stab","floor":4},{"not_picked":["Noxious Fumes","PiercingWail"],"picked":"Bouncing Flask","floor":6},{"not_picked":["Accuracy","PiercingWail"],"picked":"Leg Sweep","floor":10}],"player_experience":192348,"relics_obtained":[{"floor":6,"key":"Regal Pillow"},{"floor":9,"key":"Darkstone Periapt"}],"event_choices":[{"damage_healed":0,"gold_gain":0,"player_choice":"Trade","damage_taken":0,"relics_obtained":["GremlinMask"],"max_hp_gain":0,"max_hp_loss":0,"event_name":"FaceTrader","floor":7,"gold_loss":0}],"is_beta":false,"boss_relics":[],"items_purged_floors":[5],"is_endless":false,"potions_floor_spawned":[4],"killed_by":"3 Sentries","ascension_level":9}}