{"host":"e4wnmsyty9uvvtwf","time":1609250896,"event":{"mods":["Aspiration","BaseMod","Colored Map","Colored Powertips","Marisa£®ÏF”Í°°ƒß¿Ì…≥£©","Minty Spire (QoL Compilation)","Rare Cards Sparkle","Replay The Spire","StSLib"],"gold_per_floor":[112,112,127,127,27,27,43,76,76,76,96,171,196,206,206,280,280,297,342,356,356,206,206,235,235,235,235,250,250,250,284,284,284,284],"floor_reached":33,"playtime":741,"items_purged":["Pain"],"score":633,"play_id":"0124cfc8-861b-40ee-aae9-39d3b9f95426","local_time":"20201229220816","is_ascension_mode":true,"campfire_choices":[{"data":"Sword Boomerang","floor":6.0,"key":"SMITH"},{"data":"Hemokinesis","floor":10.0,"key":"SMITH"},{"data":"Bash","floor":15.0,"key":"SMITH"},{"data":"ReplayTheSpireMod:Muscle Training","floor":23,"key":"SMITH"},{"floor":25,"key":"REST"},{"data":"Limit Break","floor":27,"key":"SMITH"},{"data":"Armaments","floor":30,"key":"SMITH"},{"floor":32,"key":"REST"}],"circlet_count":0,"master_deck":["AscendersBane","Strike_R","Strike_R","Strike_R","Strike_R","Defend_R","Defend_R","Defend_R","Defend_R","Bash+1","Iron Wave","Hemokinesis+1","Flex+1","Sword Boomerang+1","Intimidate","Sword Boomerang","Shockwave","Offering","Limit Break+1","ReplayTheSpireMod:Limb From Limb","Flex+1","Armaments+1","Cleave+1","ReplayTheSpireMod:Muscle Training+1","Replay:Undeath\u0027s Touch","Corruption"],"relics":["Burning Blood","ReplayTheSpireMod:TigerMarble","Garlic","Regal Pillow","Philosopher\u0027s Stone","Juzu Bracelet","Anchor","Replay:Accelerometer","Potion Belt"],"acts_visited":["Exordium","TheCity"],"potions_floor_usage":[24,24],"damage_taken":[{"damage":10.0,"enemies":"Small Slimes","floor":1.0,"turns":5.0},{"damage":1.0,"enemies":"Cultist","floor":3.0,"turns":4.0},{"damage":5.0,"enemies":"2 Louse","floor":7.0,"turns":2.0},{"damage":0.0,"enemies":"Exordium Thugs","floor":8.0,"turns":3.0},{"damage":3.0,"enemies":"Looter","floor":11.0,"turns":2.0},{"damage":4.0,"enemies":"3 Sentries","floor":13.0,"turns":4.0},{"damage":0.0,"enemies":"Blue Slaver","floor":14.0,"turns":1.0},{"damage":10.0,"enemies":"Slime Boss","floor":16.0,"turns":5.0},{"damage":23.0,"enemies":"2 Thieves","floor":18.0,"turns":4.0},{"damage":13,"enemies":"Spheric Guardian","floor":20,"turns":3},{"damage":36,"enemies":"Slavers","floor":24,"turns":4},{"damage":15,"enemies":"Cultist and Chosen","floor":28,"turns":4},{"damage":34,"enemies":"Book of Stabbing","floor":31,"turns":4},{"damage":88,"enemies":"Automaton","floor":33,"turns":6}],"seed_played":"6019484731686303044","potions_obtained":[{"floor":1.0,"key":"Energy Potion"},{"floor":7.0,"key":"Dexterity Potion"},{"floor":8.0,"key":"CultistPotion"},{"floor":11.0,"key":"ColorlessPotion"},{"floor":14.0,"key":"Strength Potion"},{"floor":18.0,"key":"Regen Potion"}],"is_trial":false,"path_per_floor":["M","?","M","?","$","R","M","M","T","R","M","?","E","M","R","B",null,"M","?","M","?","$","R","E","R","T","R","M","?","R","E","R","B"],"character_chosen":"IRONCLAD","items_purchased":["Flex+1","Sword Boomerang","ReplayTheSpireMod:Muscle Training"],"campfire_rested":2,"item_purchase_floors":[5,5,22],"current_hp_per_floor":[71,71,76,76,76,76,77,82,82,82,82,71,73,82,82,78,83,66,66,59,59,59,59,41,81,81,81,72,47,47,23,65,0,0],"gold":284,"neow_bonus":"TEN_PERCENT_HP_BONUS","is_daily":false,"chose_seed":false,"campfire_upgraded":6,"win_rate":0.0,"timestamp":1609250896,"path_taken":["M","?","?","?","$","R","M","M","T","R","?","?","E","M","R","BOSS","M","?","M","?","$","R","E","R","T","R","M","?","R","E","R","BOSS"],"items_purchased_type":["Card","Card","Card"],"build_version":"2020-12-22","purchased_purges":1,"victory":false,"max_hp_per_floor":[82,82,82,82,82,82,82,82,82,82,82,82,82,85,85,85,85,85,85,85,85,85,85,85,85,85,85,85,90,90,90,90,90,90],"card_choices":[{"not_picked":["Combust","Reckless Charge"],"picked":"Iron Wave","floor":1.0},{"not_picked":["Second Wind","Twin Strike"],"picked":"Hemokinesis","floor":3.0},{"not_picked":["Havoc","Clothesline","ReplayTheSpireMod:Strike From Hell"],"picked":"SKIP","floor":7.0},{"not_picked":["Headbutt","Warcry"],"picked":"Intimidate","floor":8.0},{"not_picked":["Burning Pact","Anger"],"picked":"Sword Boomerang","floor":11.0},{"not_picked":["Dark Embrace","Clothesline"],"picked":"Shockwave","floor":13.0},{"not_picked":["Sword Boomerang","ReplayTheSpireMod:Strike From Hell"],"picked":"Offering","floor":14.0},{"not_picked":["Bludgeon","Feed"],"picked":"Limit Break","floor":16.0},{"not_picked":["True Grit","Armaments"],"picked":"ReplayTheSpireMod:Limb From Limb","floor":18.0},{"not_picked":["True Grit","Dual Wield"],"picked":"Flex+1","floor":19},{"not_picked":["Perfected Strike","Iron Wave"],"picked":"Armaments","floor":19},{"not_picked":["Clothesline","Body Slam"],"picked":"Cleave+1","floor":20},{"not_picked":["Sword Boomerang","Shrug It Off"],"picked":"Replay:Undeath\u0027s Touch","floor":24},{"not_picked":["True Grit+1","ReplayReversal","Abandon"],"picked":"SKIP","floor":28},{"not_picked":["Cleave","Searing Blow"],"picked":"Corruption","floor":31}],"player_experience":675176,"relics_obtained":[{"floor":9.0,"key":"Garlic"},{"floor":13.0,"key":"Regal Pillow"},{"floor":19,"key":"Juzu Bracelet"},{"floor":24,"key":"Anchor"},{"floor":26,"key":"Replay:Accelerometer"},{"floor":31,"key":"Potion Belt"}],"event_choices":[{"damage_healed":0.0,"max_hp_gain":0.0,"max_hp_loss":0.0,"gold_gain":0.0,"cards_transformed":["Strike_R"],"event_name":"Transmorgrifier","player_choice":"Transformed","floor":2.0,"gold_loss":0.0,"damage_taken":0.0,"cards_obtained":["Second Wind"]},{"cards_removed":["Second Wind"],"damage_healed":0.0,"max_hp_gain":0.0,"max_hp_loss":0.0,"gold_gain":0.0,"event_name":"WeMeetAgain","player_choice":"Gave Card","floor":4.0,"gold_loss":0.0,"damage_taken":0.0,"relics_obtained":["ReplayTheSpireMod:TigerMarble"]},{"damage_healed":0.0,"max_hp_gain":0.0,"max_hp_loss":0.0,"gold_gain":75.0,"event_name":"World of Goop","player_choice":"Gather Gold","floor":12.0,"gold_loss":0.0,"damage_taken":11.0},{"damage_healed":0,"gold_gain":0,"player_choice":"Ignored","damage_taken":0,"max_hp_gain":0,"max_hp_loss":0,"event_name":"Ghosts","floor":21,"gold_loss":0},{"damage_healed":0,"gold_gain":0,"player_choice":"Shed Blood","damage_taken":30,"max_hp_gain":5,"max_hp_loss":0,"event_name":"Forgotten Altar","floor":29,"gold_loss":0}],"is_beta":false,"boss_relics":[{"not_picked":["aspiration:SilentSkillbook","Honey Jar"],"picked":"Philosopher\u0027s Stone"}],"items_purged_floors":[22],"is_endless":false,"potions_floor_spawned":[1,7,8,11,14,18,20],"killed_by":"Automaton","ascension_level":18}}