{"host":"kh6fvhxn285ncg0o","time":1609230719,"event":{"mods":["Act Like it!","BaseMod","Colored Map","Friendly Minions","Keyboard Shortcuts","Minty Spire (QoL Compilation)","Quick Restart","Relic Stats","StSLib","SuperFastMode"],"gold_per_floor":[113,93,111,111,111,111,144,144,144,161,187,187,222,240,240,317,317,336,336,349,349,148,148,182,198,273,306,320,333,333,343,343,415,415,434,434,444,463,473,473,473],"floor_reached":40,"playtime":1678,"items_purged":["Bite"],"score":921,"play_id":"6fb61018-a066-48cb-a9b9-5c66a7236f9a","local_time":"20201229173159","is_ascension_mode":true,"campfire_choices":[{"data":"Bash","floor":6.0,"key":"SMITH"},{"data":"Battle Trance","floor":8.0,"key":"SMITH"},{"data":"Uppercut","floor":12.0,"key":"SMITH"},{"data":"Disarm","floor":15.0,"key":"SMITH"},{"data":"Fiend Fire","floor":23.0,"key":"SMITH"},{"data":"Burning Pact","floor":30,"key":"SMITH"},{"data":"Evolve","floor":32,"key":"SMITH"}],"circlet_count":0,"master_deck":["AscendersBane","Defend_R","Defend_R","Defend_R","Defend_R","Bash+1","Battle Trance+1","Disarm+1","Uppercut+1","Metallicize","Evolve+1","Fiend Fire+1","Hemokinesis+1","Bite","Bite","Bite","Bite","Writhe","Fire Breathing+1","Burning Pact+1","Pain","Body Slam+1","Seeing Red","Inflame+1","Barricade+1","Pain","Sword Boomerang+1"],"relics":["Burning Blood","Lizard Tail","Self Forming Clay","Du-Vu Doll","Bronze Scales","Bird Faced Urn","Cursed Key","Frozen Egg 2","Nunchaku","Eternal Feather","Red Skull","Runic Dome","WarpedTongs"],"acts_visited":["Exordium","TheCity","TheBeyond"],"potions_floor_usage":[31,40],"damage_taken":[{"damage":14.0,"enemies":"Small Slimes","floor":1.0,"turns":4.0},{"damage":7.0,"enemies":"Cultist","floor":3.0,"turns":4.0},{"damage":11.0,"enemies":"Gremlin Nob","floor":7.0,"turns":3.0},{"damage":5.0,"enemies":"2 Louse","floor":10.0,"turns":4.0},{"damage":36.0,"enemies":"Lagavulin","floor":11.0,"turns":7.0},{"damage":37.0,"enemies":"3 Sentries","floor":13.0,"turns":7.0},{"damage":3.0,"enemies":"Looter","floor":14.0,"turns":2.0},{"damage":2.0,"enemies":"The Guardian","floor":16.0,"turns":11.0},{"damage":13.0,"enemies":"Shell Parasite","floor":18.0,"turns":4.0},{"damage":26.0,"enemies":"Chosen","floor":20.0,"turns":6.0},{"damage":27,"enemies":"Slavers","floor":24,"turns":4},{"damage":5,"enemies":"Centurion and Healer","floor":25,"turns":4},{"damage":33,"enemies":"Book of Stabbing","floor":27,"turns":4},{"damage":7,"enemies":"Snecko","floor":28,"turns":2},{"damage":24,"enemies":"Snake Plant","floor":29,"turns":2},{"damage":16,"enemies":"Shelled Parasite and Fungi","floor":31,"turns":2},{"damage":61,"enemies":"Champ","floor":33,"turns":8},{"damage":11,"enemies":"3 Shapes","floor":35,"turns":4},{"damage":28,"enemies":"3 Darklings","floor":37,"turns":3},{"damage":29,"enemies":"Maw","floor":38,"turns":7},{"damage":16,"enemies":"4 Shapes","floor":39,"turns":3},{"damage":50,"enemies":"Reptomancer","floor":40,"turns":2}],"seed_played":"-5161527874379040853","potions_obtained":[{"floor":1.0,"key":"Strength Potion"},{"floor":2.0,"key":"Weak Potion"},{"floor":11.0,"key":"Ancient Potion"},{"floor":13.0,"key":"ColorlessPotion"},{"floor":18.0,"key":"SmokeBomb"},{"floor":25,"key":"ColorlessPotion"},{"floor":31,"key":"ElixirPotion"},{"floor":38,"key":"Swift Potion"}],"is_trial":false,"path_per_floor":["M","?","M","?","?","R","E","R","T","M","E","R","E","M","R","B",null,"M","?","M","?","$","R","E","M","T","E","M","M","R","M","R","B",null,"M","?","M","M","M","E"],"character_chosen":"IRONCLAD","items_purchased":["Fire Breathing+1","Burning Pact"],"campfire_rested":0,"item_purchase_floors":[22,22],"current_hp_per_floor":[42,42,41,41,30,30,25,25,25,26,43,43,12,15,15,23,62,57,52,42,42,42,42,29,46,46,31,32,24,36,30,42,17,43,46,46,38,38,36,0,0],"gold":473,"neow_bonus":"ONE_RARE_RELIC","is_daily":false,"chose_seed":false,"campfire_upgraded":7,"win_rate":0.0,"timestamp":1609230719,"path_taken":["M","?","?","?","?","R","E","R","T","M","E","R","E","M","R","BOSS","M","?","M","?","$","R","E","M","T","E","M","M","R","M","R","BOSS","M","?","?","M","M","E"],"items_purchased_type":["Card","Card"],"build_version":"2020-12-22","purchased_purges":1,"victory":false,"max_hp_per_floor":[75,75,75,75,75,75,75,75,75,75,75,75,75,75,75,75,75,75,52,52,52,52,52,52,52,52,52,52,52,52,52,52,52,52,52,52,52,52,52,52,52],"relic_stats":{"Lizard Tail":37,"Nunchaku":[8],"counters":[22,97],"Self Forming Clay":[219],"Bronze Scales":[194],"Bird Faced Urn":[72],"Eternal Feather":24,"Cursed Key":1,"obtain_stats":[{"Self Forming Clay":5,"Eternal Feather":26,"Frozen Egg 2":21,"Cursed Key":17,"Burning Blood":0,"WarpedTongs":36,"Du-Vu Doll":7,"Runic Dome":34,"Lizard Tail":0,"Nunchaku":24,"Bronze Scales":11,"Bird Faced Urn":13,"Red Skull":27},{"Self Forming Clay":2,"Eternal Feather":12,"Frozen Egg 2":10,"Cursed Key":8,"Burning Blood":0,"WarpedTongs":18,"Du-Vu Doll":3,"Runic Dome":17,"Lizard Tail":0,"Nunchaku":11,"Bronze Scales":5,"Bird Faced Urn":6,"Red Skull":13},{"Self Forming Clay":8,"Eternal Feather":60,"Frozen Egg 2":52,"Cursed Key":42,"Burning Blood":0,"WarpedTongs":82,"Du-Vu Doll":11,"Runic Dome":78,"Lizard Tail":0,"Nunchaku":56,"Bronze Scales":22,"Bird Faced Urn":29,"Red Skull":64}],"Burning Blood":126,"WarpedTongs":[14]},"card_choices":[{"not_picked":["Thunderclap","Rupture","Havoc"],"picked":"SKIP","floor":1.0},{"not_picked":["Flex","Thunderclap"],"picked":"Battle Trance","floor":3.0},{"not_picked":["Heavy Blade","Combust","Sentinel"],"picked":"SKIP","floor":7.0},{"not_picked":["Heavy Blade","Combust","Sentinel"],"picked":"SKIP","floor":7.0},{"not_picked":["Dual Wield","Cleave"],"picked":"Disarm","floor":10.0},{"not_picked":["Hemokinesis","Ghostly Armor"],"picked":"Uppercut","floor":11.0},{"not_picked":["Clash","Dual Wield"],"picked":"Metallicize","floor":13.0},{"not_picked":["Rampage","Searing Blow"],"picked":"Evolve","floor":14.0},{"not_picked":["Corruption","Barricade"],"picked":"Fiend Fire","floor":16.0},{"not_picked":["Shrug It Off","Battle Trance"],"picked":"Hemokinesis+1","floor":18.0},{"not_picked":["Anger","Thunderclap","Heavy Blade"],"picked":"SKIP","floor":20.0},{"not_picked":["Wild Strike","Clash","Spot Weakness"],"picked":"SKIP","floor":24},{"not_picked":["Thunderclap","Armaments","Fiend Fire"],"picked":"SKIP","floor":25},{"not_picked":["Anger","Sword Boomerang"],"picked":"Body Slam+1","floor":27},{"not_picked":["Rampage","Whirlwind"],"picked":"Seeing Red","floor":28},{"not_picked":["Iron Wave+1","Havoc","Thunderclap+1"],"picked":"SKIP","floor":29},{"not_picked":["Perfected Strike","Headbutt"],"picked":"Inflame+1","floor":31},{"not_picked":["Fiend Fire","Brutality+1"],"picked":"Barricade+1","floor":33},{"not_picked":["Pommel Strike","Dropkick+1","Havoc"],"picked":"SKIP","floor":35},{"not_picked":["Sword Boomerang+1","Havoc","Heavy Blade"],"picked":"SKIP","floor":37},{"not_picked":["Havoc","Heavy Blade"],"picked":"Sword Boomerang+1","floor":37},{"not_picked":["Iron Wave","Armaments","Blood for Blood+1"],"picked":"SKIP","floor":38},{"not_picked":["Perfected Strike","Limit Break","Anger+1"],"picked":"SKIP","floor":39}],"player_experience":3306137,"relics_obtained":[{"floor":7.0,"key":"Du-Vu Doll"},{"floor":11.0,"key":"Bronze Scales"},{"floor":13.0,"key":"Bird Faced Urn"},{"floor":24,"key":"Nunchaku"},{"floor":26,"key":"Eternal Feather"},{"floor":27,"key":"Red Skull"}],"event_choices":[{"damage_healed":0.0,"max_hp_gain":0.0,"max_hp_loss":0.0,"gold_gain":0.0,"event_name":"The Woman in Blue","player_choice":"Bought 1 Potion","floor":2.0,"gold_loss":0.0,"damage_taken":0.0},{"damage_healed":0.0,"max_hp_gain":0.0,"max_hp_loss":0.0,"gold_gain":0.0,"event_name":"Liars Game","player_choice":"Ignored","floor":4.0,"gold_loss":0.0,"damage_taken":0.0},{"damage_healed":0.0,"max_hp_gain":0.0,"max_hp_loss":0.0,"gold_gain":0.0,"event_name":"Scrap Ooze","player_choice":"Success","floor":5.0,"gold_loss":0.0,"damage_taken":11.0,"relics_obtained":["Self Forming Clay"]},{"damage_healed":0.0,"max_hp_gain":0.0,"max_hp_loss":23.0,"gold_gain":0.0,"event_name":"Vampires","player_choice":"Became a vampire","floor":19.0,"gold_loss":0.0,"damage_taken":0.0,"cards_obtained":["Bite","Bite","Bite","Bite","Bite"]},{"damage_healed":0.0,"max_hp_gain":0.0,"max_hp_loss":0.0,"gold_gain":0.0,"event_name":"The Mausoleum","player_choice":"Opened","floor":21.0,"gold_loss":0.0,"damage_taken":0.0,"relics_obtained":["Frozen Egg 2"],"cards_obtained":["Writhe"]},{"damage_healed":0,"gold_gain":0,"player_choice":"Rummage","damage_taken":0,"relics_obtained":["WarpedTongs"],"max_hp_gain":0,"max_hp_loss":0,"event_name":"Accursed Blacksmith","floor":36,"gold_loss":0,"cards_obtained":["Pain"]}],"is_beta":false,"boss_relics":[{"not_picked":["Black Blood","Calling Bell"],"picked":"Cursed Key"},{"not_picked":["Snecko Eye","Pandora\u0027s Box"],"picked":"Runic Dome"}],"items_purged_floors":[22],"is_endless":false,"potions_floor_spawned":[1,11,13,18,25,31,35,38],"killed_by":"Reptomancer","ascension_level":20}}