{"host":"ij91kspbsf1i6fsu","time":1609270560,"event":{"mods":["AchievementEnabler","BaseMod","BetterRewards","Colored Map","Minty Spire (QoL Compilation)","MostiFishMod","Rare Cards Sparkle","StSLib","everything is the same but u backflip on backflip","¡¼?Úª?ø«¡½REMEMod"],"gold_per_floor":[109,128,128,148,167,167,192,192,219,251,251,251,268,285,285,389,389,406,406,321,137,152,152,166,200,200,213,248,248,248,248,248,444,444,464,488,306,334,351,395,395,421,445,445,533,533,533,543,543,561],"floor_reached":51,"playtime":3684,"items_purged":[],"score":1345,"play_id":"c0ec6881-a243-498e-b39b-07774afeaa49","local_time":"20201229123600","is_ascension_mode":true,"campfire_choices":[{"data":"MostiFishMod:GrandStart","floor":6.0,"key":"SMITH"},{"data":"MostiFishMod:AdrenalineArouse","floor":8.0,"key":"SMITH"},{"data":"After Image","floor":11.0,"key":"SMITH"},{"data":"Burst","floor":15.0,"key":"SMITH"},{"floor":23,"key":"RECALL"},{"data":"Bullet Time","floor":29,"key":"SMITH"},{"data":"REME_Flogging","floor":32,"key":"SMITH"},{"data":"Tools of the Trade","floor":41,"key":"SMITH"},{"data":"Well Laid Plans","floor":44,"key":"SMITH"},{"data":"REME_BodyOfCthun","floor":46,"key":"SMITH"},{"data":"MostiFishMod:AdrenalineArouse","floor":49,"key":"SMITH"}],"circlet_count":0,"master_deck":["Strike_G+1","Strike_G+1","Strike_G+1","Strike_G+1","Strike_G+1","Defend_G+1","Defend_G+1","Defend_G+1","Defend_G+1","Defend_G+1","Survivor","Neutralize","Phantasmal Killer","Chrysalis","Outmaneuver+1","After Image+1","Underhanded Strike","Backflip","Poisoned Stab","MostiFishMod:GrandStart+1","MostiFishMod:AdrenalineArouse+1","Deadly Poison","Burst+1","MostiFishMod:InvigoratingSolution","A Thousand Cuts","Corpse Explosion","Bullet Time+1","Malaise","Blur+1","REME_Flogging+1","Flechettes+1","Finisher+1","MostiFishMod:Opportunism","Infinite Blades+1","REME_SpectralBlade","Blur","Wraith Form v2","Night Terror","REME_ShadowForm","MostiFishMod:Dislodge","MostiFishMod:AdrenalineArouse+1","REME_GreenPollution+1","Catalyst+1","REME_BodyOfCthun+1","Tools of the Trade+1","Well Laid Plans+1","Madness","Madness"],"relics":["Ring of the Snake","REME_ComplimentaryCards","DaveBox","GreenFoldingFan","REME_IWantAll","Peace Pipe","BionicSphere","SynthV:TestCard","PreservedInsect","Nunchaku","Boot","xbg","Lantern","HornCleat","REME_ArchaeologicalTools","TimeKeys","Lizard Tail","Juzu Bracelet","Snake Skull"],"acts_visited":["Exordium","TheCity","TheBeyond"],"potions_floor_usage":[],"damage_taken":[{"damage":10.0,"enemies":"Cultist","floor":1.0,"turns":5.0},{"damage":6.0,"enemies":"2 Louse","floor":2.0,"turns":3.0},{"damage":4.0,"enemies":"Small Slimes","floor":4.0,"turns":2.0},{"damage":8.0,"enemies":"Looter","floor":5.0,"turns":4.0},{"damage":2.0,"enemies":"3 Sentries","floor":7.0,"turns":1.0},{"damage":4.0,"enemies":"Lagavulin","floor":10.0,"turns":2.0},{"damage":2.0,"enemies":"2 Fungi Beasts","floor":13.0,"turns":1.0},{"damage":2.0,"enemies":"Gremlin Gang","floor":14.0,"turns":1.0},{"damage":16.0,"enemies":"The Guardian","floor":16.0,"turns":8.0},{"damage":8,"enemies":"Shell Parasite","floor":18,"turns":4},{"damage":2,"enemies":"2 Thieves","floor":22,"turns":1},{"damage":8,"enemies":"Shelled Parasite and Fungi","floor":24,"turns":4},{"damage":2,"enemies":"Slavers","floor":25,"turns":1},{"damage":4,"enemies":"Chosen and Byrds","floor":27,"turns":2},{"damage":6,"enemies":"Gremlin Leader","floor":28,"turns":3},{"damage":12,"enemies":"Automaton","floor":33,"turns":6},{"damage":2,"enemies":"3 Darklings","floor":35,"turns":1},{"damage":6,"enemies":"Orb Walker","floor":36,"turns":3},{"damage":10,"enemies":"Spire Growth","floor":38,"turns":5},{"damage":2,"enemies":"Sphere and 2 Shapes","floor":39,"turns":1},{"damage":7,"enemies":"Reptomancer","floor":40,"turns":4},{"damage":9,"enemies":"Writhing Mass","floor":42,"turns":5},{"damage":16,"enemies":"Giant Head","floor":45,"turns":8},{"damage":2,"enemies":"3 Darklings","floor":48,"turns":1},{"damage":17,"enemies":"Donu and Deca","floor":50,"turns":9}],"seed_played":"6226148348508316870","potions_obtained":[{"floor":1.0,"key":"Ancient Potion"},{"floor":5.0,"key":"Swift Potion"},{"floor":10.0,"key":"CunningPotion"},{"floor":14.0,"key":"LiquidMemories"},{"floor":24,"key":"LiquidMemories"},{"floor":27,"key":"BlessingOfTheForge"},{"floor":36,"key":"REME_GoldPotion"}],"is_trial":false,"path_per_floor":["M","M","$","M","M","R","E","R","T","E","R","?","M","M","R","B",null,"M","?","?","$","M","R","M","E","T","M","E","R","?","?","R","B",null,"M","M","$","M","M","E","R","M","T","R","E","R","?","M","R","B",null],"character_chosen":"THE_SILENT","items_purchased":["Chrysalis","Outmaneuver","After Image","REME_Flogging","REME_BodyOfCthun"],"campfire_rested":0,"item_purchase_floors":[0,0,0,21,37],"current_hp_per_floor":[28,32,32,38,40,40,48,48,48,54,54,40,48,56,56,55,75,75,75,75,75,75,75,75,75,75,75,75,75,75,75,75,78,80,80,80,80,80,80,80,80,80,80,80,74,74,64,72,72,65],"gold":561,"neow_bonus":"","is_daily":false,"chose_seed":false,"campfire_upgraded":10,"win_rate":0.0,"timestamp":1609270560,"path_taken":["M","M","$","M","M","R","E","R","T","E","R","?","M","M","R","BOSS","M","?","?","$","M","R","M","E","T","M","E","R","?","?","R","BOSS","M","M","$","?","M","E","R","M","T","R","E","R","?","M","R","BOSS"],"items_purchased_type":["Card","Card","Card","Card","Card"],"build_version":"2020-12-22","purchased_purges":0,"victory":true,"max_hp_per_floor":[70,70,70,70,70,70,70,70,70,70,70,70,70,70,70,75,75,75,75,75,75,75,75,75,75,75,75,75,75,75,75,75,80,80,80,80,80,80,80,80,80,80,80,80,80,80,80,80,80,80],"card_choices":[{"not_picked":["Dagger Throw","REME_ShadowStrike"],"picked":"Underhanded Strike","floor":1.0},{"not_picked":["Dagger Spray","Prepared","Slice","Sucker Punch"],"picked":"Backflip","floor":2.0},{"not_picked":["Underhanded Strike","Reflex","Backflip","Leg Sweep"],"picked":"Poisoned Stab","floor":4.0},{"not_picked":["PiercingWail","Dash","Prepared","Quick Slash"],"picked":"MostiFishMod:GrandStart","floor":5.0},{"not_picked":["Noxious Fumes","Prepared","Deflect","Underhanded Strike"],"picked":"MostiFishMod:AdrenalineArouse","floor":7.0},{"not_picked":["Flechettes","Escape Plan","Prepared","Dodge and Roll"],"picked":"Deadly Poison","floor":10.0},{"not_picked":["Dodge and Roll","Prepared","Blur","Backstab"],"picked":"Burst","floor":13.0},{"not_picked":["Acrobatics","Bane","Outmaneuver","Noxious Fumes"],"picked":"MostiFishMod:InvigoratingSolution","floor":14.0},{"not_picked":["A Thousand Cuts","MostiFishMod:GrandStart","Corpse Explosion","Bullet Time","Malaise"],"picked":"Singing Bowl","floor":16.0},{"not_picked":["Prepared","Dagger Spray","Bouncing Flask","Outmaneuver"],"picked":"Blur+1","floor":18},{"not_picked":["Calculated Gamble","Dagger Spray","All Out Attack","Escape Plan"],"picked":"Flechettes+1","floor":22},{"not_picked":["Dodge and Roll+1","Slice","Prepared","MostiFishMod:InvigoratingSolution"],"picked":"Finisher+1","floor":24},{"not_picked":["REME_ShadowStrike","MostiFishMod:PerfectParry+1","Underhanded Strike","Prepared"],"picked":"MostiFishMod:Opportunism","floor":25},{"not_picked":["Noxious Fumes+1","MostiFishMod:PerfectParry","MostiFishMod:InvigoratingSolution","Crippling Poison"],"picked":"Infinite Blades+1","floor":27},{"not_picked":["Finisher","Acrobatics+1","MostiFishMod:InvigoratingSolution","Escape Plan","Prepared"],"picked":"SKIP","floor":28},{"not_picked":["Wraith Form v2","Night Terror","REME_ShadowForm","MostiFishMod:Dislodge","MostiFishMod:AdrenalineArouse"],"picked":"Singing Bowl","floor":33},{"not_picked":["Tactician+1","Skewer","Bane+1","Dodge and Roll"],"picked":"REME_GreenPollution+1","floor":35},{"not_picked":["Poisoned Stab+1","Blade Dance+1","Distraction+1","Prepared+1"],"picked":"Catalyst+1","floor":36},{"not_picked":["Dodge and Roll","Deflect+1","Acrobatics","Flying Knee","Poisoned Stab+1"],"picked":"SKIP","floor":38},{"not_picked":["PiercingWail","Blur+1","Finisher","Noxious Fumes","Calculated Gamble+1"],"picked":"SKIP","floor":39},{"not_picked":["Footwork+1","MostiFishMod:ThornCasing+1","Outmaneuver+1","Quick Slash+1"],"picked":"Tools of the Trade","floor":40},{"not_picked":["Acrobatics","Sucker Punch+1","Backflip","Catalyst"],"picked":"Well Laid Plans","floor":42},{"not_picked":["Quick Slash","Slice","Dagger Throw+1","Infinite Blades","Skewer+1"],"picked":"SKIP","floor":45},{"not_picked":["All Out Attack","Deflect+1","Backflip+1","Choke+1","MostiFishMod:PreservedThorns"],"picked":"SKIP","floor":48}],"player_experience":25327,"relics_obtained":[{"floor":1.0,"key":"SynthV:TestCard"},{"floor":7.0,"key":"PreservedInsect"},{"floor":9.0,"key":"Nunchaku"},{"floor":10.0,"key":"Boot"},{"floor":25,"key":"HornCleat"},{"floor":28,"key":"REME_ArchaeologicalTools"},{"floor":40,"key":"Lizard Tail"},{"floor":43,"key":"Juzu Bracelet"},{"floor":45,"key":"Snake Skull"}],"event_choices":[{"damage_healed":0.0,"max_hp_gain":0.0,"max_hp_loss":0.0,"gold_gain":0.0,"event_name":"Shining Light","player_choice":"Entered Light","floor":12.0,"gold_loss":0.0,"damage_taken":14.0,"cards_upgraded":["Outmaneuver","Strike_G"]},{"damage_healed":0,"gold_gain":0,"player_choice":"Simplicity","damage_taken":0,"max_hp_gain":0,"max_hp_loss":0,"event_name":"Back to Basics","floor":19,"gold_loss":0,"cards_upgraded":["Strike_G","Strike_G","Strike_G","Strike_G","Defend_G","Defend_G","Defend_G","Defend_G","Defend_G"]},{"damage_healed":0,"gold_gain":0,"player_choice":"Obtained Relic","damage_taken":0,"relics_obtained":["Lantern"],"max_hp_gain":0,"max_hp_loss":0,"event_name":"Addict","floor":20,"gold_loss":85},{"damage_healed":0,"gold_gain":0,"player_choice":"Read","damage_taken":0,"max_hp_gain":0,"max_hp_loss":0,"event_name":"The Library","floor":30,"gold_loss":0,"cards_obtained":["REME_SpectralBlade"]},{"damage_healed":0,"gold_gain":0,"cards_transformed":["MostiFishMod:GrandStart"],"player_choice":"Transformed","damage_taken":0,"max_hp_gain":0,"max_hp_loss":0,"event_name":"Transmorgrifier","floor":31,"gold_loss":0,"cards_obtained":["Blur"]},{"damage_healed":0,"gold_gain":0,"player_choice":"Embrace Madness","damage_taken":10,"max_hp_gain":0,"max_hp_loss":0,"event_name":"Winding Halls","floor":47,"gold_loss":0,"cards_obtained":["Madness","Madness"]}],"is_beta":false,"boss_relics":[{"not_picked":["HaiYi:Twilight","Velvet Choker"],"picked":"xbg"},{"not_picked":["SacredBark","GuanYuAspect"],"picked":"TimeKeys"}],"items_purged_floors":[],"is_endless":false,"potions_floor_spawned":[1,5,10,13,14,24,25,27,28,35,36,39,48],"ascension_level":1}}