{"host":"ds1yr10zonoc6w4a","time":1609228578,"event":{"mods":["2.2 Compatiblity","AchievementEnabler","Act Like it!","BaseMod","Downfall","Elementarium","Gensokyo","Infinite Spire","Jorbs\u0027s Wanderer Trilogy","Koishi","Menagerie","Minty Spire (QoL Compilation)","Pale of the Ancients","StSLib","The Animator","Wandering Minibosses","vexMod","??????REMEMod"],"gold_per_floor":[112,128,128,128,148,148,185,210,288,316,346,346,346],"floor_reached":12,"playtime":1114,"items_purged":[],"score":141,"play_id":"b3d38bc4-b8df-44a0-8af8-895adf03681c","local_time":"20201229005618","is_ascension_mode":true,"campfire_choices":[{"data":"animator:PinaCoLada","floor":6,"key":"SMITH"}],"circlet_count":0,"master_deck":["AscendersBane","animator:Strike_MadokaMagica+1","animator:Defend_MadokaMagica","animator:Strike+1","animator:Strike","animator:Defend","animator:Defend","animator:Defend","animator:IrohaTamaki","animator:YuiTsuruno","expansioncontent:DecasProtection","animator:PinaCoLada+1","animator:Mitsurugi","animator:Spearman","infinitespire:Punishment","animator:Fredrika","animator:KyokoSakura","animator:YaoHaDucy","animator:PinaCoLada","animator:Shalltear"],"relics":["animator:LivingPicture","animator:TheMissingPiece","REME_ComplimentaryCards","animator:PurgingStone","animator:ShionDessert","Mercury Hourglass","Whetstone","Odd Mushroom"],"acts_visited":["Exordium"],"potions_floor_usage":[7,10,10,11],"damage_taken":[{"damage":6,"enemies":"Jaw Worm","floor":1,"turns":5},{"damage":21,"enemies":"Cultist","floor":2,"turns":5},{"damage":0,"enemies":"Small Slimes","floor":5,"turns":2},{"damage":7,"enemies":"3 Sentries","floor":7,"turns":6},{"damage":6,"enemies":"3 Louse","floor":8,"turns":3},{"damage":7,"enemies":"Gremlin Nob","floor":10,"turns":3},{"damage":8,"enemies":"The Mushroom Lair","floor":11,"turns":3},{"damage":14,"enemies":"3 Sentries","floor":12,"turns":2}],"seed_played":"7304124653901160953","potions_obtained":[{"floor":1,"key":"Regen Potion"},{"floor":5,"key":"Weak Potion"},{"floor":7,"key":"PowerPotion"},{"floor":10,"key":"PowerPotion"},{"floor":11,"key":"REME_GoldPotion"}],"is_trial":false,"path_per_floor":["M","M","?","?","M","R","E","M","T","E","?","E"],"character_chosen":"THE_ANIMATOR","items_purchased":[],"campfire_rested":0,"item_purchase_floors":[],"current_hp_per_floor":[59,38,22,22,22,22,30,24,24,17,12,0,0],"gold":346,"neow_bonus":"ONE_RANDOM_RARE_CARD","is_daily":false,"chose_seed":false,"campfire_upgraded":1,"win_rate":0.0,"timestamp":1609228578,"path_taken":["M","M","?","?","?","R","E","M","T","E","?","E"],"items_purchased_type":[],"build_version":"2020-12-22","purchased_purges":0,"victory":false,"max_hp_per_floor":[66,66,66,66,66,66,66,66,66,66,66,66,66],"card_choices":[{"not_picked":["animator:Tyuule","animator:RinTohsaka"],"picked":"animator:Mitsurugi","floor":1},{"not_picked":["animator:IrohaTamaki","animator:ElricAlphonse"],"picked":"animator:Spearman","floor":2},{"not_picked":["infinitespire:Oblivion","infinitespire:Menacing"],"picked":"infinitespire:Punishment","floor":3},{"not_picked":["animator:Shigure","animator:Shuna"],"picked":"animator:Fredrika","floor":5},{"not_picked":["animator:NagisaMomoe","animator:SayakaMiki"],"picked":"animator:KyokoSakura","floor":7},{"not_picked":["animator:Togame","animator:Vesta"],"picked":"animator:YaoHaDucy","floor":8},{"not_picked":["animator:TukaLunaMarceau","animator:Guy"],"picked":"animator:PinaCoLada","floor":10},{"not_picked":["animator:Aisha","animator:Fredrika"],"picked":"animator:Shalltear","floor":11}],"player_experience":597780,"relics_obtained":[{"floor":7,"key":"animator:ShionDessert"},{"floor":9,"key":"Mercury Hourglass"},{"floor":10,"key":"Whetstone"},{"floor":11,"key":"Odd Mushroom"}],"event_choices":[{"cards_removed":["animator:Strike"],"damage_healed":0,"gold_gain":0,"player_choice":"Purged","damage_taken":0,"max_hp_gain":0,"max_hp_loss":0,"event_name":"Purifier","floor":4,"gold_loss":0},{"damage_healed":0,"gold_gain":0,"player_choice":"Fought Mushrooms","damage_taken":0,"max_hp_gain":0,"max_hp_loss":0,"event_name":"Mushrooms","floor":11,"gold_loss":0}],"is_beta":false,"boss_relics":[],"items_purged_floors":[],"is_endless":false,"potions_floor_spawned":[1,5,7,10,11],"killed_by":"3 Sentries","ascension_level":12}}