{"host":"btr9mlxs9vdylcfu","time":1609203531,"event":{"mods":["AchievementEnabler","AlwaysNeverKeys","BaseMod","Better Note","BetterRewards","Colored Map","Colored Powertips","Custom Start","Dio Mod","Gold Saver","Highlight Path","HornydragonMod","Minty Spire (QoL Compilation)","Shop Mod","Small Relic Pack","StSLib","TestMod","The Disciple","TheWitcher","UnlockEverythingMod","【?物卡牌】REMEMod","篝火指南"],"gold_per_floor":[87,104,179,179,192,42,42,56,106,106,125,47,47,172,172,1362,1362,1462,990,1131,1131,1250,1388,1046,1701,1726,1596,1372,1471,2683,2703,2448,2771,2771,6629,6387,8800,25923,25842,33201,33716,33815,33815,33815,33815,33815,33549,34552,34215,36596],"floor_reached":51,"playtime":5839,"items_purged":["Defend_HD","Defend_HD","Pain","Strike_HD+1","Strike_HD","Defend_HD","Strike_HD","SnafuTest:CurseDisclosure","SnafuTest:CurseImprisonment"],"score":957,"play_id":"f127d94e-9ce4-40d9-8a37-f9a1ffcdf740","local_time":"20201229085851","is_ascension_mode":false,"campfire_choices":[{"floor":15.0,"key":"REST"}],"circlet_count":0,"master_deck":["Strike_HD","DrunkenFist","AlcoholBarrier","BreakDrink","Distracted","Metabolism+1","Margarita","Circle","Pigeon","GetStonks","Beer","GetAlcoholism","Pigeon+1","Beer","ChickenAttack+1","AlcoholAttack","Metabolism","IceTea+1","GetStonks","BloodyMary","Distracted","GetToilet","CardDestruct","FearFace","Scp500","Pigeon","Refill","Metabolism+1","GetStonks","Caffeine+1","AlcoholHeal+1","GetStonks","Beer+1","Margarita","Weed","Metabolism"],"relics":["WineBottle","REME_ComplimentaryCards","testmod-Faith","MealTicket","REME_CardOfGreed","Question Card","Bronze Scales","Golden Idol","Juzu Bracelet","Cursed Key","Membership Card","Lantern","Bag of Marbles","Toy Ornithopter","ClockworkSouvenir","Tiny Chest","Whetstone","testmod-Charity","Potion Belt","testmod-Justice","PreservedInsect","Boot","testmod-Fanaticism","testmod-AssaultLearning","testmod-TurbochargingSystem","StrikeDummy","Bag of Preparation","Mummified Hand","Lee\u0027s Waffle"],"acts_visited":["Exordium","TheCity","TheBeyond"],"potions_floor_usage":[41,50],"damage_taken":[{"damage":3.0,"enemies":"2 Louse","floor":1.0,"turns":3.0},{"damage":7.0,"enemies":"Jaw Worm","floor":2.0,"turns":6.0},{"damage":0.0,"enemies":"Cultist","floor":5.0,"turns":3.0},{"damage":0.0,"enemies":"Blue Slaver","floor":8.0,"turns":4.0},{"damage":0.0,"enemies":"3 Louse","floor":11.0,"turns":3.0},{"damage":10.0,"enemies":"Exordium Thugs","floor":14.0,"turns":5.0},{"damage":107.0,"enemies":"The Guardian","floor":16.0,"turns":12.0},{"damage":13.0,"enemies":"Chosen","floor":18.0,"turns":4.0},{"damage":17.0,"enemies":"Shell Parasite","floor":20.0,"turns":5.0},{"damage":10.0,"enemies":"Snake Plant","floor":22.0,"turns":4.0},{"damage":33.0,"enemies":"Gremlin Leader","floor":23.0,"turns":3.0},{"damage":32.0,"enemies":"Centurion and Healer","floor":25.0,"turns":5.0},{"damage":69.0,"enemies":"Slavers","floor":30.0,"turns":6.0},{"damage":0.0,"enemies":"Snecko","floor":31.0,"turns":3.0},{"damage":10.0,"enemies":"Champ","floor":33.0,"turns":10.0},{"damage":200,"enemies":"3 Darklings","floor":35,"turns":12},{"damage":85,"enemies":"Orb Walker","floor":37,"turns":5},{"damage":464,"enemies":"Jaw Worm Horde","floor":38,"turns":22},{"damage":188,"enemies":"Giant Head","floor":40,"turns":8},{"damage":44,"enemies":"Transient","floor":41,"turns":5},{"damage":25,"enemies":"Maw","floor":48,"turns":4},{"damage":77,"enemies":"Donu and Deca","floor":50,"turns":5}],"seed_played":"-665096712487595921","potions_obtained":[{"floor":2.0,"key":"AlcoholPotion"},{"floor":8.0,"key":"Weak Potion"},{"floor":23.0,"key":"SteroidPotion"},{"floor":25.0,"key":"Fruit Juice"},{"floor":31.0,"key":"Explosive Potion"},{"floor":37,"key":"Weak Potion"},{"floor":40,"key":"FearPotion"}],"is_trial":false,"path_per_floor":["M","M","?","?","M","R","$","M","T","?","M","R","?","M","R","B",null,"M","$","M","?","M","E","$","M","T","$","R","?","E","M","R","B",null,"M","$","M","M","$","E","M","?","T","T","?","?","R","M","R","B",null],"character_chosen":"HORNYDRAGON","items_purchased":["testmod-Faith","MealTicket","REME_CardOfGreed","Question Card","GetStonks","Membership Card","Lantern","Beer","Bag of Marbles","GetStonks","BloodyMary","Distracted","ClockworkSouvenir","Whetstone","CardDestruct","testmod-Charity","Potion Belt","PreservedInsect","Boot","Pigeon","GetStonks","testmod-AssaultLearning","GetStonks","Weed","testmod-TimePotion","AlcoholPotion","BlessingOfTheForge","Mummified Hand","Lee\u0027s Waffle"],"campfire_rested":1,"item_purchase_floors":[0,0,6,7,12,19,19,19,19,24,24,24,24,27,27,28,28,32,32,32,36,36,39,47,47,47,47,49,49],"current_hp_per_floor":[131,124,113,113,113,113,143,143,143,100,100,100,100,90,142,49,174,161,174,157,157,147,118,133,109,109,134,134,135,94,99,99,108,196,228,228,234,245,251,262,266,267,267,267,267,267,267,269,276,285],"gold":36596,"neow_bonus":"","is_daily":false,"chose_seed":false,"campfire_upgraded":0,"win_rate":0.0,"timestamp":1609203531,"path_taken":["M","M","?","?","?","R","$","M","T","?","M","R","?","M","R","BOSS","M","$","M","?","M","E","$","M","T","$","R","?","E","M","R","BOSS","M","$","M","M","?","E","M","?","T","?","?","?","R","M","R","BOSS"],"items_purchased_type":["Relic","Relic","Relic","Relic","Card","Relic","Relic","Card","Relic","Card","Card","Card","Relic","Relic","Card","Relic","Relic","Relic","Relic","Card","Card","Relic","Card","Card","Potion","Potion","Potion","Relic","Relic"],"build_version":"2020-12-22","purchased_purges":9,"victory":true,"max_hp_per_floor":[174,174,174,174,174,174,174,174,174,174,174,174,174,174,174,174,174,174,174,174,174,174,174,174,174,174,179,179,180,192,193,193,196,196,228,228,235,251,251,262,266,267,267,267,267,267,267,269,276,285],"card_choices":[{"not_picked":["Ahahah","Bike"],"picked":"Distracted","floor":1.0},{"not_picked":["AlcoholAttack","DrunkenFist"],"picked":"Metabolism","floor":2.0},{"not_picked":["Icecream","Melancholia"],"picked":"Margarita","floor":5.0},{"not_picked":["Wtf","AlcoholAttack","MemeAttack"],"picked":"Circle","floor":8.0},{"not_picked":["DrunkardWalk","AlcoholBarrier","Alcoholic"],"picked":"Pigeon","floor":11.0},{"not_picked":["Alcoholic","Icecream","MemeAttack"],"picked":"Beer","floor":14.0},{"not_picked":["LightAttack","Refill","PointCard0"],"picked":"GetAlcoholism","floor":16.0},{"not_picked":["RainbowAttack","BreakDrink+1","Yeast+1"],"picked":"Pigeon+1","floor":18.0},{"not_picked":["Pigeon","Wtf","DrunkenFist"],"picked":"ChickenAttack","floor":20.0},{"not_picked":["DrumStick","DrunkenFist+1","BreakDrink"],"picked":"Metabolism","floor":22.0},{"not_picked":["AlcoholAttack","ThrowBottle","Fly+1"],"picked":"IceTea+1","floor":23.0},{"not_picked":["Metabolism+1","MemeAttack","BunnyJump"],"picked":"GetToilet","floor":25.0},{"not_picked":["GetAll","GetWldd","Circle"],"picked":"FearFace","floor":30.0},{"not_picked":["Beer","BloodyMary","BirdAttack+1"],"picked":"Scp500","floor":31.0},{"not_picked":["Brimstone","FearFace","Hammer"],"picked":"Refill","floor":33.0},{"not_picked":["BlackJackAttack+1","BottleAttack","Margarita+1"],"picked":"Metabolism+1","floor":35},{"not_picked":["DrunkenFist+1","SexyLeg+1","Icecream"],"picked":"Caffeine+1","floor":37},{"not_picked":["Conch","Ahahah+1","Wtf"],"picked":"AlcoholHeal+1","floor":38},{"not_picked":["Margarita","Twin","AlcoholBarrier"],"picked":"Beer+1","floor":40},{"not_picked":["AlcoholGun","PowerGlove+1","ShrimpCocktail"],"picked":"Margarita","floor":41},{"not_picked":["BunnyJump+1","ThrowBottle+1","GetAll"],"picked":"Metabolism","floor":48}],"player_experience":317532,"relics_obtained":[{"floor":9.0,"key":"Bronze Scales"},{"floor":23.0,"key":"Toy Ornithopter"},{"floor":26.0,"key":"Tiny Chest"},{"floor":30.0,"key":"testmod-Justice"},{"floor":40,"key":"testmod-TurbochargingSystem"},{"floor":43,"key":"StrikeDummy"},{"floor":44,"key":"Bag of Preparation"}],"event_choices":[{"damage_healed":0.0,"max_hp_gain":0.0,"max_hp_loss":0.0,"gold_gain":75.0,"event_name":"World of Goop","player_choice":"Gather Gold","floor":3.0,"gold_loss":0.0,"damage_taken":11.0},{"damage_healed":0.0,"max_hp_gain":0.0,"max_hp_loss":0.0,"gold_gain":0.0,"event_name":"Upgrade Shrine","player_choice":"Upgraded","floor":4.0,"gold_loss":0.0,"damage_taken":0.0,"cards_upgraded":["Metabolism"]},{"damage_healed":0.0,"max_hp_gain":0.0,"max_hp_loss":0.0,"gold_gain":0.0,"event_name":"Golden Idol","player_choice":"Take Damage","floor":10.0,"gold_loss":0.0,"damage_taken":43.0,"relics_obtained":["Golden Idol"]},{"damage_healed":0.0,"max_hp_gain":0.0,"max_hp_loss":0.0,"gold_gain":0.0,"event_name":"?自己的盒子","player_choice":"Swap Relic","floor":13.0,"relics_lost":["testmod-HarvestTotem"],"gold_loss":0.0,"damage_taken":0.0,"relics_obtained":["Juzu Bracelet"]},{"damage_healed":0.0,"max_hp_gain":0.0,"max_hp_loss":0.0,"gold_gain":0.0,"cards_transformed":["Defend_HD"],"event_name":"Transmorgrifier","player_choice":"Transformed","floor":21.0,"gold_loss":0.0,"damage_taken":0.0,"cards_obtained":["AlcoholAttack"]},{"damage_healed":0.0,"max_hp_gain":0.0,"max_hp_loss":0.0,"gold_gain":100.0,"event_name":"Golden Shrine","player_choice":"Pray","floor":29.0,"gold_loss":0.0,"damage_taken":0.0},{"damage_healed":0,"gold_gain":100,"player_choice":"Pray","damage_taken":0,"max_hp_gain":0,"max_hp_loss":0,"event_name":"Golden Shrine","floor":42,"gold_loss":0},{"damage_healed":0,"gold_gain":0,"player_choice":"Ignored","damage_taken":0,"max_hp_gain":0,"max_hp_loss":0,"event_name":"The Moai Head","floor":45,"gold_loss":0},{"damage_healed":0,"gold_gain":0,"player_choice":"Ignored","damage_taken":0,"max_hp_gain":0,"max_hp_loss":0,"event_name":"Tomb of Lord Red Mask","floor":46,"gold_loss":0}],"is_beta":false,"boss_relics":[{"not_picked":["testmod-DreamHouse","testmod-PortableAltar"],"picked":"Cursed Key"},{"not_picked":["REME_LowDesire","testmod-Nine"],"picked":"testmod-Fanaticism"}],"items_purged_floors":[19,24,27,28,32,36,39,47,49],"is_endless":false,"potions_floor_spawned":[2,8,23,25,31,37,40],"ascension_level":0}}