{"host":"s1gi8xs3so6zkrm7","time":1609273644,"event":{"mods":["BaseMod","Filter the Spire","Minty Spire (QoL Compilation)"],"gold_per_floor":[368,5,0,11,22,22,54,229,276,276,287,299,249,259,259,364,364,375,7,23,23,23,23],"floor_reached":22,"playtime":1072,"items_purged":["Defend_R","Clash"],"score":242,"play_id":"9a039a25-223b-4217-af1f-3845319b4477","local_time":"20201229142724","is_ascension_mode":true,"campfire_choices":[{"floor":6,"key":"REST"},{"floor":10,"key":"REST"},{"data":"Armaments","floor":15,"key":"SMITH"}],"circlet_count":0,"master_deck":["Strike_R","Strike_R","Strike_R","Strike_R","Strike_R","Defend_R","Defend_R","Defend_R","Bash","Perfected Strike","Combust","Armaments+1","Shrug It Off","Flex","Juggernaut","True Grit+1","Perfected Strike","Sentinel","Flex","Body Slam+1"],"relics":["Burning Blood","Peace Pipe","Bronze Scales","PreservedInsect","Runic Cube","DollysMirror"],"acts_visited":["Exordium","TheCity"],"potions_floor_usage":[12,14,20],"damage_taken":[{"damage":19,"enemies":"Jaw Worm","floor":1,"turns":5},{"damage":6,"enemies":"2 Louse","floor":4,"turns":4},{"damage":3,"enemies":"Cultist","floor":5,"turns":3},{"damage":34,"enemies":"Gremlin Nob","floor":7,"turns":4},{"damage":17,"enemies":"Exordium Thugs","floor":11,"turns":3},{"damage":9,"enemies":"Red Slaver","floor":12,"turns":2},{"damage":0,"enemies":"Large Slime","floor":14,"turns":4},{"damage":43,"enemies":"The Guardian","floor":16,"turns":11},{"damage":33,"enemies":"Chosen","floor":18,"turns":6},{"damage":20,"enemies":"Shell Parasite","floor":20,"turns":6},{"damage":26,"enemies":"3 Cultists","floor":22,"turns":4}],"seed_played":"-8431863814386006988","potions_obtained":[{"floor":1,"key":"BlessingOfTheForge"},{"floor":5,"key":"SteroidPotion"},{"floor":7,"key":"Block Potion"},{"floor":18,"key":"PowerPotion"}],"is_trial":false,"path_per_floor":["M","$","?","M","M","R","E","?","T","R","M","M","?","M","R","B",null,"M","$","M","?","M"],"character_chosen":"IRONCLAD","items_purchased":["Peace Pipe","Perfected Strike","Sentinel","DollysMirror"],"campfire_rested":2,"item_purchase_floors":[2,19,19,19],"current_hp_per_floor":[38,38,38,38,41,65,37,37,37,61,50,47,47,53,53,16,64,37,37,23,23,0,0],"gold":23,"neow_bonus":"TWO_FIFTY_GOLD","is_daily":false,"chose_seed":false,"campfire_upgraded":1,"win_rate":0.0,"timestamp":1609273644,"path_taken":["M","$","?","M","M","R","E","?","T","R","M","M","?","M","R","BOSS","M","$","M","?","M"],"items_purchased_type":["Relic","Card","Card","Relic"],"build_version":"2020-12-22","purchased_purges":2,"victory":false,"max_hp_per_floor":[80,80,80,80,80,80,80,80,80,80,80,80,80,80,80,80,80,80,80,80,80,80,80],"card_choices":[{"not_picked":["Body Slam","Headbutt"],"picked":"Perfected Strike","floor":1},{"not_picked":["Dropkick","Clothesline"],"picked":"Combust","floor":4},{"not_picked":["Second Wind","Thunderclap","Evolve"],"picked":"SKIP","floor":5},{"not_picked":["Body Slam","Immolate"],"picked":"Clash","floor":7},{"not_picked":["Dropkick","Iron Wave"],"picked":"Armaments","floor":11},{"not_picked":["Heavy Blade","Warcry"],"picked":"Shrug It Off","floor":12},{"not_picked":["Thunderclap","Twin Strike"],"picked":"Flex","floor":14},{"not_picked":["Impervious","Limit Break"],"picked":"Juggernaut","floor":16},{"not_picked":["Sword Boomerang","Wild Strike+1"],"picked":"True Grit+1","floor":18},{"not_picked":["Iron Wave","Sever Soul+1"],"picked":"Body Slam","floor":20}],"player_experience":221706,"relics_obtained":[{"floor":7,"key":"Bronze Scales"},{"floor":9,"key":"PreservedInsect"}],"event_choices":[{"damage_healed":0,"gold_gain":0,"player_choice":"Left Gold","damage_taken":0,"max_hp_gain":0,"max_hp_loss":0,"event_name":"World of Goop","floor":3,"gold_loss":5},{"damage_healed":0,"gold_gain":175,"player_choice":"AGREE","damage_taken":0,"max_hp_gain":0,"max_hp_loss":0,"event_name":"Liars Game","floor":8,"gold_loss":0,"cards_obtained":["Doubt"]},{"cards_removed":["Doubt"],"damage_healed":0,"gold_gain":0,"player_choice":"Card Removal","damage_taken":0,"max_hp_gain":0,"max_hp_loss":0,"event_name":"The Cleric","floor":13,"gold_loss":50},{"damage_healed":0,"gold_gain":0,"player_choice":"Forge","damage_taken":0,"max_hp_gain":0,"max_hp_loss":0,"event_name":"Accursed Blacksmith","floor":21,"gold_loss":0,"cards_upgraded":["Body Slam"]}],"is_beta":false,"boss_relics":[{"not_picked":["Calling Bell","Empty Cage"],"picked":"Runic Cube"}],"items_purged_floors":[2,19],"is_endless":false,"potions_floor_spawned":[1,5,7,18],"killed_by":"3 Cultists","ascension_level":6}}