{"host":"gl7gfqdgzaxu5sie","time":1609225465,"event":{"mods":["AchievementEnabler","BaseMod","Colored Map","DeckTracker","Minty Spire (QoL Compilation)"],"gold_per_floor":[113,127,143,143,143,184,184,205,205,229,229,229,250,275,275,395,395,408,408,422,422,440,440,455,455,455],"floor_reached":25,"playtime":1390,"items_purged":[],"score":311,"play_id":"f178fc2c-b12d-49e6-bb7c-b6afd4958208","local_time":"20201229160425","is_ascension_mode":true,"campfire_choices":[{"data":"Power Through","floor":12.0,"key":"SMITH"},{"data":"Feel No Pain","floor":15.0,"key":"SMITH"},{"data":"Fire Breathing","floor":23,"key":"SMITH"}],"circlet_count":0,"master_deck":["AscendersBane","Strike_R","Strike_R","Strike_R","Strike_R","Strike_R","Defend_R","Defend_R","Defend_R","Defend_R","Bash","Feel No Pain+1","Power Through+1","Blood for Blood+1","Warcry+1","Battle Trance+1","Sever Soul","Pommel Strike","Impervious+1","Juggernaut","Sentinel+1","Fire Breathing+1","Thunderclap+1","Shrug It Off+1"],"relics":["Burning Blood","Golden Idol","Toxic Egg 2","Philosopher\u0027s Stone"],"acts_visited":["Exordium","TheCity"],"potions_floor_usage":[20,20],"damage_taken":[{"damage":1.0,"enemies":"Small Slimes","floor":1.0,"turns":4.0},{"damage":5.0,"enemies":"Cultist","floor":2.0,"turns":4.0},{"damage":5.0,"enemies":"Jaw Worm","floor":3.0,"turns":5.0},{"damage":26.0,"enemies":"3 Sentries","floor":6.0,"turns":12.0},{"damage":9.0,"enemies":"Red Slaver","floor":8.0,"turns":3.0},{"damage":6.0,"enemies":"Blue Slaver","floor":10.0,"turns":5.0},{"damage":10.0,"enemies":"Gremlin Gang","floor":13.0,"turns":3.0},{"damage":16.0,"enemies":"3 Louse","floor":14.0,"turns":4.0},{"damage":39.0,"enemies":"Hexaghost","floor":16.0,"turns":14.0},{"damage":33,"enemies":"3 Byrds","floor":18,"turns":7},{"damage":16,"enemies":"2 Thieves","floor":20,"turns":4},{"damage":1,"enemies":"Snecko","floor":22,"turns":4},{"damage":9,"enemies":"Cultist and Chosen","floor":24,"turns":5},{"damage":34,"enemies":"Gremlin Leader","floor":25,"turns":5}],"seed_played":"9023086381196358445","potions_obtained":[{"floor":1.0,"key":"Explosive Potion"},{"floor":3.0,"key":"BloodPotion"},{"floor":7.0,"key":"LiquidBronze"},{"floor":7.0,"key":"FearPotion"},{"floor":13.0,"key":"SteroidPotion"},{"floor":22,"key":"Ancient Potion"},{"floor":24,"key":"Dexterity Potion"}],"is_trial":false,"path_per_floor":["M","M","M","?","?","E","?","M","T","M","?","R","M","M","R","B",null,"M","?","M","?","M","R","M","E"],"character_chosen":"IRONCLAD","items_purchased":[],"campfire_rested":0,"item_purchase_floors":[],"current_hp_per_floor":[85,86,87,87,65,45,62,59,59,59,59,59,55,45,45,12,69,42,42,32,32,37,37,34,0,0],"gold":455,"neow_bonus":"TEN_PERCENT_HP_BONUS","is_daily":false,"chose_seed":false,"campfire_upgraded":3,"win_rate":0.0,"timestamp":1609225465,"path_taken":["M","M","M","?","?","E","?","M","T","?","?","R","M","M","R","BOSS","M","?","M","?","M","R","M","E"],"items_purchased_type":[],"build_version":"2020-12-22","purchased_purges":0,"victory":false,"max_hp_per_floor":[88,88,88,88,88,88,88,88,88,88,88,88,88,88,88,88,88,88,88,88,88,88,88,88,88,88],"card_choices":[{"not_picked":["Pommel Strike","Combust"],"picked":"Feel No Pain","floor":1.0},{"not_picked":["Burning Pact","Flex"],"picked":"Power Through","floor":2.0},{"not_picked":["Burning Pact","Headbutt"],"picked":"Blood for Blood","floor":3.0},{"not_picked":["Feel No Pain","Body Slam"],"picked":"Warcry+1","floor":6.0},{"not_picked":["Heavy Blade","Sword Boomerang"],"picked":"Battle Trance+1","floor":8.0},{"not_picked":["Searing Blow","Rupture"],"picked":"Sever Soul","floor":10.0},{"not_picked":["Sword Boomerang","Headbutt"],"picked":"Pommel Strike","floor":13.0},{"not_picked":["Combust","Rage+1"],"picked":"Impervious+1","floor":14.0},{"not_picked":["Double Tap+1","Immolate"],"picked":"Juggernaut","floor":16.0},{"not_picked":["Sword Boomerang","Thunderclap"],"picked":"Sentinel+1","floor":18},{"not_picked":["Clash","Sword Boomerang","Whirlwind"],"picked":"SKIP","floor":20},{"not_picked":["Searing Blow+1","Body Slam"],"picked":"Thunderclap+1","floor":22},{"not_picked":["Havoc+1","Pummel"],"picked":"Shrug It Off+1","floor":24}],"player_experience":559172,"relics_obtained":[{"floor":6.0,"key":"Toxic Egg 2"}],"event_choices":[{"damage_healed":0.0,"max_hp_gain":0.0,"max_hp_loss":0.0,"gold_gain":0.0,"event_name":"Living Wall","player_choice":"Grow","floor":4.0,"gold_loss":0.0,"damage_taken":0.0,"cards_upgraded":["Blood for Blood"]},{"damage_healed":0.0,"max_hp_gain":0.0,"max_hp_loss":0.0,"gold_gain":0.0,"event_name":"Golden Idol","player_choice":"Take Damage","floor":5.0,"gold_loss":0.0,"damage_taken":22.0,"relics_obtained":["Golden Idol"]},{"damage_healed":0.0,"max_hp_gain":0.0,"max_hp_loss":0.0,"gold_gain":0.0,"event_name":"Lab","player_choice":"Got Potions","floor":7.0,"gold_loss":0.0,"damage_taken":0.0},{"damage_healed":0.0,"max_hp_gain":0.0,"max_hp_loss":0.0,"gold_gain":0.0,"event_name":"Match and Keep!","player_choice":"0 cards matched","floor":11.0,"gold_loss":0.0,"damage_taken":0.0,"cards_obtained":[]},{"damage_healed":0,"gold_gain":0,"player_choice":"Read","damage_taken":0,"max_hp_gain":0,"max_hp_loss":0,"event_name":"The Library","floor":19,"gold_loss":0,"cards_obtained":["Fire Breathing"]},{"damage_healed":0,"gold_gain":0,"player_choice":"0 cards matched","damage_taken":0,"max_hp_gain":0,"max_hp_loss":0,"event_name":"Match and Keep!","floor":21,"gold_loss":0,"cards_obtained":[]}],"is_beta":false,"boss_relics":[{"not_picked":["Empty Cage","SacredBark"],"picked":"Philosopher\u0027s Stone"}],"items_purged_floors":[],"is_endless":false,"potions_floor_spawned":[1,3,8,13,22,24],"killed_by":"Gremlin Leader","ascension_level":10}}