{"host":"fujxx38qt1kwucvg","time":1609256062,"event":{"mods":["AchievementEnabler","BaseMod","Colored Powertips","Highlight Path","Lobotomy","Minty Spire (QoL Compilation)","Quick Restart","StSLib"],"gold_per_floor":[113,130,145,145,165,199,199,199,223,223,12,28,43,53,53,53,53],"floor_reached":16,"playtime":651,"items_purged":["Strike_P"],"score":104,"play_id":"876c388f-8ba9-41de-b50a-17f6cae951b4","local_time":"20201230003422","is_ascension_mode":false,"campfire_choices":[{"floor":7,"key":"REST"},{"floor":10,"key":"REST"},{"data":"ClearTheMind","floor":15,"key":"SMITH"}],"circlet_count":0,"master_deck":["Strike_P","Strike_P","Strike_P","Defend_P","Defend_P","Defend_P","Eruption+1","Vigilance","Finesse","ClearTheMind+1","MentalFortress","Crescendo"],"relics":["PureWater","Happy Flower","Pen Nib"],"acts_visited":["Exordium"],"potions_floor_usage":[6,13,16,16],"damage_taken":[{"damage":2,"enemies":"2 Louse","floor":1,"turns":3},{"damage":0,"enemies":"Cultist","floor":2,"turns":3},{"damage":5,"enemies":"Jaw Worm","floor":3,"turns":4},{"damage":17,"enemies":"2 Fungi Beasts","floor":5,"turns":3},{"damage":27,"enemies":"Lagavulin","floor":6,"turns":7},{"damage":3,"enemies":"Lots of Slimes","floor":12,"turns":4},{"damage":7,"enemies":"Blue Slaver","floor":13,"turns":2},{"damage":1,"enemies":"Exordium Wildlife","floor":14,"turns":3},{"damage":40,"enemies":"Slime Boss","floor":16,"turns":8}],"seed_played":"5836704592159094842","potions_obtained":[{"floor":5,"key":"SpeedPotion"},{"floor":6,"key":"LiquidBronze"},{"floor":12,"key":"Explosive Potion"},{"floor":13,"key":"LiquidBronze"},{"floor":14,"key":"SneckoOil"}],"is_trial":false,"path_per_floor":["M","M","M","?","M","E","R","?","T","R","$","M","M","M","R","B"],"character_chosen":"WATCHER","items_purchased":["Finesse","ClearTheMind"],"campfire_rested":2,"item_purchase_floors":[11,11],"current_hp_per_floor":[70,70,65,65,48,21,42,24,24,45,45,42,35,34,34,0,0],"gold":53,"neow_bonus":"REMOVE_CARD","is_daily":false,"chose_seed":false,"campfire_upgraded":1,"win_rate":0.0,"timestamp":1609256062,"path_taken":["M","M","M","?","?","E","R","?","T","R","$","M","M","M","R","BOSS"],"items_purchased_type":["Card","Card"],"build_version":"2020-12-22","purchased_purges":1,"victory":false,"max_hp_per_floor":[72,72,72,72,72,72,72,72,72,72,72,72,72,72,72,72,72],"card_choices":[{"not_picked":["ThirdEye","Evaluate","PathToVictory"],"picked":"SKIP","floor":1},{"not_picked":["SashWhip","FollowUp","Prostrate"],"picked":"SKIP","floor":2},{"not_picked":["Prostrate","ReachHeaven","ThirdEye"],"picked":"SKIP","floor":3},{"not_picked":["Consecrate","FollowUp","Nirvana"],"picked":"SKIP","floor":5},{"not_picked":["ForeignInfluence","BattleHymn","FlyingSleeves"],"picked":"SKIP","floor":6},{"not_picked":["Consecrate","Indignation"],"picked":"MentalFortress","floor":12},{"not_picked":["Consecrate","Prostrate","ForeignInfluence"],"picked":"SKIP","floor":13},{"not_picked":["FollowUp","Wireheading"],"picked":"Crescendo","floor":14}],"player_experience":197863,"relics_obtained":[{"floor":6,"key":"Happy Flower"}],"event_choices":[{"damage_healed":0,"gold_gain":0,"player_choice":"Upgraded","damage_taken":0,"max_hp_gain":0,"max_hp_loss":0,"event_name":"Upgrade Shrine","floor":4,"gold_loss":0,"cards_upgraded":["Eruption"]},{"damage_healed":0,"gold_gain":0,"player_choice":"Success","damage_taken":18,"relics_obtained":["Pen Nib"],"max_hp_gain":0,"max_hp_loss":0,"event_name":"Scrap Ooze","floor":8,"gold_loss":0}],"is_beta":false,"boss_relics":[],"items_purged_floors":[11],"is_endless":false,"potions_floor_spawned":[5,6,12,13,14],"killed_by":"Slime Boss","ascension_level":0}}