{"host":"mi0eibewekhugwl1","time":1609244119,"event":{"mods":["AchievementEnabler","BaseMod","Colored Map","Colored Powertips","DeckTracker","Keyboard Shortcuts","Minty Spire (QoL Compilation)","Quick Restart","Rare Cards Sparkle","Relic Stats","StSLib","SuperFastMode","everything is the same but u backflip on backflip"],"gold_per_floor":[113,39,52,68,68,99,118,118,118,118,118,130,130,144,144,144,144],"floor_reached":16,"playtime":247,"items_purged":[],"score":204,"play_id":"c65d8edf-384e-4eba-a98e-a30a3d9f8f6c","local_time":"20201229211519","is_ascension_mode":true,"campfire_choices":[{"data":"Whirlwind","floor":8,"key":"SMITH"},{"data":"Body Slam","floor":11,"key":"SMITH"},{"data":"Pommel Strike","floor":13,"key":"SMITH"},{"data":"Barricade","floor":15,"key":"SMITH"}],"circlet_count":0,"master_deck":["AscendersBane","Strike_R","Strike_R","Strike_R","Strike_R","Strike_R","Defend_R","Defend_R","Defend_R","Defend_R","Bash","Whirlwind+1","Pommel Strike+1","Barricade+1","Body Slam+1","Shrug It Off","Exhume"],"relics":["Burning Blood","NeowsBlessing","Dead Branch","Mango"],"acts_visited":["Exordium"],"potions_floor_usage":[7,16],"damage_taken":[{"damage":0,"enemies":"Cultist","floor":1,"turns":1},{"damage":0,"enemies":"Jaw Worm","floor":3,"turns":1},{"damage":0,"enemies":"Small Slimes","floor":4,"turns":1},{"damage":45,"enemies":"3 Sentries","floor":6,"turns":8},{"damage":17,"enemies":"Blue Slaver","floor":7,"turns":5},{"damage":14,"enemies":"Large Slime","floor":12,"turns":5},{"damage":2,"enemies":"Exordium Wildlife","floor":14,"turns":4},{"damage":44,"enemies":"Hexaghost","floor":16,"turns":9}],"seed_played":"4606627486748001283","potions_obtained":[{"floor":3,"key":"ColorlessPotion"},{"floor":6,"key":"LiquidMemories"},{"floor":7,"key":"SteroidPotion"}],"is_trial":false,"path_per_floor":["M","$","M","M","?","E","M","R","T","?","R","M","R","M","R","B"],"character_chosen":"IRONCLAD","items_purchased":["Whirlwind"],"campfire_rested":0,"item_purchase_floors":[2],"current_hp_per_floor":[74,74,75,75,80,41,30,30,44,44,44,36,36,40,40,0,0],"gold":144,"neow_bonus":"THREE_ENEMY_KILL","is_daily":false,"chose_seed":false,"campfire_upgraded":4,"win_rate":0.0,"timestamp":1609244119,"path_taken":["M","$","M","?","?","E","M","R","T","?","R","M","R","M","R","BOSS"],"items_purchased_type":["Card"],"build_version":"2020-12-22","purchased_purges":0,"victory":false,"max_hp_per_floor":[75,75,75,75,80,80,80,80,94,94,94,94,94,94,94,94,94],"relic_stats":{"counters":[8,34],"Dead Branch":[17],"obtain_stats":[{"NeowsBlessing":0,"Dead Branch":6,"Mango":9,"Burning Blood":0},{"NeowsBlessing":0,"Dead Branch":4,"Mango":5,"Burning Blood":0},{"NeowsBlessing":0,"Dead Branch":11,"Mango":16,"Burning Blood":0}],"Burning Blood":31},"card_choices":[{"not_picked":["Body Slam","Dark Embrace","Metallicize"],"picked":"SKIP","floor":1},{"not_picked":["Clothesline","Havoc"],"picked":"Pommel Strike","floor":3},{"not_picked":["Barricade","Headbutt","Carnage"],"picked":"SKIP","floor":4},{"not_picked":["Headbutt","Carnage"],"picked":"Barricade","floor":4},{"not_picked":["True Grit","Thunderclap","Clothesline"],"picked":"SKIP","floor":6},{"not_picked":["Pommel Strike","Cleave"],"picked":"Body Slam","floor":7},{"not_picked":["Thunderclap","Warcry"],"picked":"Shrug It Off","floor":12},{"not_picked":["Anger","Thunderclap"],"picked":"Exhume","floor":14}],"player_experience":1724469,"relics_obtained":[{"floor":6,"key":"Dead Branch"},{"floor":9,"key":"Mango"}],"event_choices":[{"damage_healed":0,"gold_gain":0,"player_choice":"Donut","damage_taken":0,"max_hp_gain":5,"max_hp_loss":0,"event_name":"Big Fish","floor":5,"gold_loss":0},{"damage_healed":0,"gold_gain":0,"player_choice":"Ignored","damage_taken":0,"max_hp_gain":0,"max_hp_loss":0,"event_name":"Shining Light","floor":10,"gold_loss":0}],"is_beta":false,"boss_relics":[],"items_purged_floors":[],"is_endless":false,"potions_floor_spawned":[3,6,7],"killed_by":"Hexaghost","ascension_level":20}}