{"host":"n7gt2lywuauec2nz","time":1609233797,"event":{"mods":["2.2 Compatiblity","Act Like it!","Arknights The Spire","Aspiration","BaseMod","Better Third Choice","Colored Powertips","DeckTracker","Dota2Spire","GifTheSpireLib","Highlight Path","Hubris","Infinite Spire","Minty Spire (QoL Compilation)","Quick Restart","Random Character Button","Relic Sorter","Replay The Spire","Retaliation","StSLib","Synergy Search","The Alterego","The Caster","The Dragon Tamer","The Hierophant","The IronCluck","The Marked","TheWitcher","Yakumo Yukari mod"],"gold_per_floor":[123,48,48,78,98,98,117,117,117,117,117,146,159,59,59,164,164,128,3,30,44,44,44],"floor_reached":22,"playtime":1763,"items_purged":["SnafuTest:DefaultCommonSkill","Pain","SnafuTest:CursePact"],"score":203,"play_id":"1d921bd2-a8f4-47a7-b1e0-4beb2ebc77e6","local_time":"20201229012317","is_ascension_mode":false,"campfire_choices":[{"data":"SnafuTest:Offering","floor":6,"key":"SMITH"},{"data":"SnafuTest:SpellLifeDrain","floor":8,"key":"SMITH"},{"floor":15,"key":"REST"}],"circlet_count":0,"master_deck":["SnafuTest:DefaultCommonAttack","SnafuTest:DefaultCommonAttack","SnafuTest:DefaultCommonAttack","SnafuTest:BountyHunt","SnafuTest:DefaultCommonSkill","SnafuTest:DefaultCommonSkill","SnafuTest:SignAard","SnafuTest:PowerFireDamnation","SnafuTest:Offering+1","SnafuTest:BloodLineTracing","SnafuTest:SpellLifeDrain+1","SnafuTest:MercilessReaper","SnafuTest:PowerCounterAttack","SnafuTest:PowerMartialMagical","SnafuTest:SuddenPuncture+1"],"relics":["SnafuTest:UnstableMutagenRelic","WarpedTongs","Question Card","hubris:DisguiseKit","Regal Pillow","infinitespire:Cupcake","Art of War"],"acts_visited":["Exordium","TheCity"],"potions_floor_usage":[13,13,16],"damage_taken":[{"damage":3,"enemies":"2 Louse","floor":1,"turns":3},{"damage":12,"enemies":"Cultist","floor":4,"turns":4},{"damage":2,"enemies":"Small Slimes","floor":5,"turns":3},{"damage":11,"enemies":"Looter","floor":7,"turns":4},{"damage":22,"enemies":"Red Slaver","floor":12,"turns":3},{"damage":14,"enemies":"3 Louse","floor":13,"turns":2},{"damage":41,"enemies":"The Guardian","floor":16,"turns":8},{"damage":43,"enemies":"Spheric Guardian","floor":18,"turns":7},{"damage":3,"enemies":"Chosen","floor":20,"turns":5},{"damage":28,"enemies":"Centurion and Healer","floor":21,"turns":5},{"damage":0,"enemies":"Snecko","floor":22,"turns":1}],"seed_played":"7417852928340166461","potions_obtained":[{"floor":5,"key":"LiquidBronze"},{"floor":7,"key":"SteroidPotion"},{"floor":12,"key":"Adrenaline Potion"},{"floor":13,"key":"AttackPotion"},{"floor":21,"key":"PowerPotion"}],"is_trial":false,"path_per_floor":["M","$","?","M","M","R","M","R","T","?","?","M","M","$","R","B",null,"M","$","M","M","M"],"character_chosen":"THE_WITCHER","items_purchased":[],"campfire_rested":1,"item_purchase_floors":[],"current_hp_per_floor":[79,79,79,67,65,65,54,54,54,54,54,32,18,18,57,82,82,39,39,36,8,8,8],"gold":44,"neow_bonus":"TEN_PERCENT_HP_BONUS","is_daily":false,"chose_seed":false,"campfire_upgraded":2,"win_rate":0.0,"timestamp":1609233797,"path_taken":["M","$","?","M","?","R","M","R","T","?","?","M","?","$","R","BOSS","M","$","M","M","M"],"items_purchased_type":[],"build_version":"2020-12-22","purchased_purges":3,"victory":false,"max_hp_per_floor":[82,82,82,82,82,82,82,82,82,82,82,82,82,82,82,82,82,82,82,82,82,82,82],"card_choices":[{"not_picked":["SnafuTest:AncestralRitual","SnafuTest:MCPlayGwent"],"picked":"SnafuTest:PowerFireDamnation","floor":1},{"not_picked":["SnafuTest:SmashingSlash","SnafuTest:SpellLifeDrain"],"picked":"SnafuTest:Offering","floor":4},{"not_picked":["SnafuTest:ShoulderSlam","SnafuTest:SignQuen"],"picked":"SnafuTest:BloodLineTracing","floor":5},{"not_picked":["SnafuTest:BombSamum","SnafuTest:SpellIncendiaryShower"],"picked":"SnafuTest:SpellLifeDrain","floor":7},{"not_picked":["SnafuTest:BlueWhale","SnafuTest:SwiftAssault","SnafuTest:FirstAid","theMarked:Opportunist"],"picked":"SnafuTest:MercilessReaper","floor":12},{"not_picked":["SnafuTest:CareTaker","SnafuTest:SpellButterflyIllusion","SnafuTest:BombNorthernWind","theMarked:WastefulAttack"],"picked":"SnafuTest:PowerCounterAttack","floor":13},{"not_picked":["SnafuTest:DecisiveOpportunity","SnafuTest:PowerRhymeBeyondTime","SnafuTest:Celebration","theMarked:Levitate"],"picked":"SnafuTest:PayExoticTreasure","floor":16},{"not_picked":["SnafuTest:UndefeatedNarcissism+1","SnafuTest:PowerHangmenTree","SnafuTest:SneakKill","theMarked:ChainLightning"],"picked":"SnafuTest:PowerMartialMagical","floor":18},{"not_picked":["SnafuTest:BombNorthernWind","SnafuTest:SpellIncendiaryShower","SnafuTest:PowerTrialOfGrasses","theMarked:TwofoldDefense"],"picked":"SnafuTest:SuddenPuncture+1","floor":20},{"not_picked":["SnafuTest:SignQuen","SnafuTest:NoPass","SnafuTest:WorldMap+1","SnafuTest:SneakKill","theMarked:ChainLightning"],"picked":"SKIP","floor":21}],"player_experience":179111,"relics_obtained":[{"floor":9,"key":"Question Card"}],"event_choices":[{"damage_healed":0,"gold_gain":0,"player_choice":"Rummage","damage_taken":0,"relics_obtained":["WarpedTongs"],"max_hp_gain":0,"max_hp_loss":0,"event_name":"Accursed Blacksmith","floor":3,"gold_loss":0,"cards_obtained":["Pain"]},{"damage_healed":0,"gold_gain":0,"player_choice":"Gave Potion","damage_taken":0,"relics_obtained":["Regal Pillow"],"max_hp_gain":0,"max_hp_loss":0,"event_name":"WeMeetAgain","floor":11,"gold_loss":0}],"is_beta":false,"boss_relics":[{"not_picked":["hubris:VirtuousBlindfold","hubris:CrackedHourglass"],"picked":"infinitespire:Cupcake"}],"items_purged_floors":[2,14,19],"is_endless":false,"potions_floor_spawned":[5,7,12,13,21],"killed_by":"Snecko","ascension_level":0}}