{"host":"foq4mrde4mssg7vt","time":1609266162,"event":{"mods":["AchievementEnabler","BaseMod","Colored Map","Colored Powertips","Highlight Path","Minty Spire (QoL Compilation)","Relic Stats","everything is the same but u backflip on backflip"],"gold_per_floor":[114,129,141,141,161,161,173,206,206,225,225,250,250,262,262,337,337,356,167,167,217,217,217,247,63,63,26,57,74,108,119,119,196,196,206,206,224,238,249,276,276,276,276],"floor_reached":42,"playtime":2034,"items_purged":["Strike_G","Strike_G"],"score":941,"play_id":"e3fc80b7-8737-4682-ae9e-4f4034b88154","local_time":"20201230022242","is_ascension_mode":true,"campfire_choices":[{"floor":6.0,"key":"REST"},{"floor":11.0,"key":"REST"},{"data":"Noxious Fumes","floor":15.0,"key":"SMITH"},{"data":"After Image","floor":23.0,"key":"SMITH"},{"floor":32.0,"key":"REST"},{"floor":41.0,"key":"REST"}],"circlet_count":0,"master_deck":["AscendersBane","Strike_G","Strike_G","Strike_G","Defend_G","Defend_G","Defend_G","Defend_G","Defend_G","Survivor","Neutralize+1","Predator","Poisoned Stab","Bane","Blade Dance","Deadly Poison","Backflip","Backstab","Noxious Fumes+1","After Image+1","Leg Sweep","Well Laid Plans","Dagger Spray","Footwork","Dash","Crippling Poison","Leg Sweep","Bouncing Flask","Malaise","Catalyst","PiercingWail","PiercingWail"],"relics":["Ring of the Snake","Bag of Preparation","Bronze Scales","Matryoshka","Cursed Key","Prayer Wheel","Smiling Mask","Meat on the Bone","HoveringKite","StrikeDummy"],"acts_visited":["Exordium","TheCity","TheBeyond"],"potions_floor_usage":[],"damage_taken":[{"damage":3.0,"enemies":"Jaw Worm","floor":1.0,"turns":7.0},{"damage":0.0,"enemies":"2 Louse","floor":2.0,"turns":4.0},{"damage":4.0,"enemies":"Small Slimes","floor":3.0,"turns":3.0},{"damage":6.0,"enemies":"3 Louse","floor":5.0,"turns":4.0},{"damage":3.0,"enemies":"Looter","floor":7.0,"turns":3.0},{"damage":19.0,"enemies":"Lagavulin","floor":8.0,"turns":8.0},{"damage":8.0,"enemies":"2 Fungi Beasts","floor":10.0,"turns":2.0},{"damage":18.0,"enemies":"Gremlin Nob","floor":12.0,"turns":4.0},{"damage":5.0,"enemies":"Gremlin Gang","floor":14.0,"turns":4.0},{"damage":12.0,"enemies":"The Guardian","floor":16.0,"turns":9.0},{"damage":10.0,"enemies":"2 Thieves","floor":18.0,"turns":4.0},{"damage":0.0,"enemies":"Gremlin Leader","floor":24.0,"turns":8.0},{"damage":23.0,"enemies":"Slavers","floor":28.0,"turns":5.0},{"damage":0.0,"enemies":"Chosen","floor":29.0,"turns":5.0},{"damage":12.0,"enemies":"Book of Stabbing","floor":30.0,"turns":6.0},{"damage":0.0,"enemies":"Snecko","floor":31.0,"turns":5.0},{"damage":20.0,"enemies":"Automaton","floor":33.0,"turns":11.0},{"damage":10.0,"enemies":"3 Shapes","floor":35.0,"turns":4.0},{"damage":2.0,"enemies":"3 Darklings","floor":37.0,"turns":5.0},{"damage":9.0,"enemies":"Spire Growth","floor":38.0,"turns":10.0},{"damage":4.0,"enemies":"Maw","floor":39.0,"turns":7.0},{"damage":34.0,"enemies":"Nemesis","floor":40.0,"turns":11.0},{"damage":47,"enemies":"Giant Head","floor":42,"turns":8}],"seed_played":"-1911691987515842240","potions_obtained":[{"floor":2.0,"key":"SkillPotion"},{"floor":5.0,"key":"FearPotion"},{"floor":28.0,"key":"PowerPotion"},{"floor":30.0,"key":"SkillPotion"},{"floor":31.0,"key":"GamblersBrew"},{"floor":33.0,"key":"Swift Potion"},{"floor":38.0,"key":"Block Potion"}],"is_trial":false,"path_per_floor":["M","M","M","?","M","R","M","E","T","M","R","E","?","M","R","B",null,"M","$","?","?","?","R","E","$","T","$","E","M","E","M","R","B",null,"M","?","M","M","M","E","R","E"],"character_chosen":"THE_SILENT","items_purchased":["Well Laid Plans","Dagger Spray","Crippling Poison","Leg Sweep"],"campfire_rested":4,"item_purchase_floors":[19,19,25,27],"current_hp_per_floor":[56,56,52,34,28,47,44,25,25,17,36,18,40,35,35,23,55,45,45,45,45,45,45,45,45,45,45,22,22,10,22,41,33,58,48,48,46,37,45,23,42,0,0],"gold":276,"neow_bonus":"UPGRADE_CARD","is_daily":false,"chose_seed":false,"campfire_upgraded":2,"win_rate":0.0,"timestamp":1609266162,"path_taken":["M","M","M","?","M","R","M","E","T","M","R","E","?","M","R","BOSS","M","$","?","?","?","R","E","$","T","$","E","M","E","M","R","BOSS","M","?","M","M","M","E","R","E"],"items_purchased_type":["Card","Card","Card","Card"],"build_version":"2020-12-22","purchased_purges":2,"victory":false,"max_hp_per_floor":[66,66,66,66,66,66,66,66,66,66,66,66,66,66,66,66,66,66,66,66,66,66,66,66,66,66,66,66,66,66,66,66,66,66,66,66,66,66,66,66,66,66,66],"relic_stats":{"counters":[23,137],"Bronze Scales":[338],"HoveringKite":[8],"Prayer Wheel":6,"Bag of Preparation":[40],"Cursed Key":0,"Smiling Mask":0,"obtain_stats":[{"Matryoshka":12,"Bronze Scales":8,"HoveringKite":34,"Prayer Wheel":24,"Bag of Preparation":4,"Cursed Key":17,"Smiling Mask":28,"StrikeDummy":40,"Ring of the Snake":0,"Meat on the Bone":30},{"Matryoshka":8,"Bronze Scales":6,"HoveringKite":17,"Prayer Wheel":12,"Bag of Preparation":3,"Cursed Key":10,"Smiling Mask":13,"StrikeDummy":22,"Ring of the Snake":0,"Meat on the Bone":15},{"Matryoshka":35,"Bronze Scales":29,"HoveringKite":92,"Prayer Wheel":60,"Bag of Preparation":14,"Cursed Key":48,"Smiling Mask":65,"StrikeDummy":129,"Ring of the Snake":0,"Meat on the Bone":76}],"Ring of the Snake":[46],"Meat on the Bone":48},"card_choices":[{"not_picked":["Sucker Punch","Prepared"],"picked":"Predator","floor":1.0},{"not_picked":["Catalyst","Dodge and Roll"],"picked":"Poisoned Stab","floor":2.0},{"not_picked":["Crippling Poison","Backflip"],"picked":"Bane","floor":3.0},{"not_picked":["Acrobatics","Dodge and Roll"],"picked":"Blade Dance","floor":5.0},{"not_picked":["Skewer","Cloak And Dagger"],"picked":"Deadly Poison","floor":7.0},{"not_picked":["Poisoned Stab","Underhanded Strike"],"picked":"Backflip","floor":8.0},{"not_picked":["Deflect","Endless Agony"],"picked":"Backstab","floor":10.0},{"not_picked":["Night Terror","Acrobatics","Bane"],"picked":"SKIP","floor":12.0},{"not_picked":["Quick Slash","Prepared"],"picked":"Noxious Fumes","floor":14.0},{"not_picked":["Doppelganger","Phantasmal Killer"],"picked":"After Image","floor":16.0},{"not_picked":["Dagger Spray+1","Prepared+1"],"picked":"Leg Sweep","floor":18.0},{"not_picked":["Poisoned Stab","Finisher"],"picked":"Dash","floor":24.0},{"not_picked":["Flying Knee","Outmaneuver","Deflect"],"picked":"SKIP","floor":28.0},{"not_picked":["Prepared","Deadly Poison","Underhanded Strike"],"picked":"SKIP","floor":29.0},{"not_picked":["Deflect","Caltrops","Tools of the Trade"],"picked":"SKIP","floor":29.0},{"not_picked":["Prepared","Deadly Poison","Underhanded Strike"],"picked":"SKIP","floor":29.0},{"not_picked":["Deflect","Caltrops","Tools of the Trade"],"picked":"SKIP","floor":29.0},{"not_picked":["Dash","Sucker Punch","Terror"],"picked":"SKIP","floor":30.0},{"not_picked":["Poisoned Stab+1","Outmaneuver"],"picked":"Bouncing Flask","floor":31.0},{"not_picked":["Well Laid Plans","Quick Slash","Calculated Gamble"],"picked":"SKIP","floor":31.0},{"not_picked":["Venomology","Unload"],"picked":"Malaise","floor":33.0},{"not_picked":["Dodge and Roll","Underhanded Strike"],"picked":"Catalyst","floor":35.0},{"not_picked":["Endless Agony","Bane","Caltrops"],"picked":"SKIP","floor":35.0},{"not_picked":["Bouncing Flask","Tactician+1"],"picked":"PiercingWail","floor":37.0},{"not_picked":["Well Laid Plans","Deflect+1","Deadly Poison+1"],"picked":"SKIP","floor":37.0},{"not_picked":["Slice+1","Dagger Spray+1","Flying Knee"],"picked":"SKIP","floor":38.0},{"not_picked":["Terror+1","Skewer","Outmaneuver+1"],"picked":"SKIP","floor":38.0},{"not_picked":["Choke","Unload"],"picked":"PiercingWail","floor":39.0},{"not_picked":["Accuracy","Bane","Backstab"],"picked":"SKIP","floor":39.0},{"not_picked":["Choke","Deflect+1","Unload"],"picked":"SKIP","floor":40.0}],"player_experience":315283,"relics_obtained":[{"floor":8.0,"key":"Bronze Scales"},{"floor":12.0,"key":"Matryoshka"},{"floor":24.0,"key":"Prayer Wheel"},{"floor":28.0,"key":"Smiling Mask"},{"floor":30.0,"key":"Meat on the Bone"},{"floor":40.0,"key":"StrikeDummy"}],"event_choices":[{"damage_healed":0.0,"max_hp_gain":0.0,"max_hp_loss":0.0,"gold_gain":0.0,"event_name":"Scrap Ooze","player_choice":"Success","floor":4.0,"gold_loss":0.0,"damage_taken":18.0,"relics_obtained":["Bag of Preparation"]},{"damage_healed":22.0,"max_hp_gain":0.0,"max_hp_loss":0.0,"gold_gain":0.0,"event_name":"Big Fish","player_choice":"Banana","floor":13.0,"gold_loss":0.0,"damage_taken":0.0},{"damage_healed":0.0,"max_hp_gain":0.0,"max_hp_loss":0.0,"gold_gain":0.0,"event_name":"The Mausoleum","player_choice":"Ignored","floor":20.0,"gold_loss":0.0,"damage_taken":0.0},{"damage_healed":0.0,"max_hp_gain":0.0,"max_hp_loss":0.0,"gold_gain":50.0,"event_name":"Nest","player_choice":"Stole From Cult","floor":21.0,"gold_loss":0.0,"damage_taken":0.0},{"damage_healed":0.0,"max_hp_gain":0.0,"max_hp_loss":0.0,"gold_gain":0.0,"event_name":"The Library","player_choice":"Read","floor":22.0,"gold_loss":0.0,"damage_taken":0.0,"cards_obtained":["Footwork"]},{"damage_healed":0.0,"max_hp_gain":0.0,"max_hp_loss":0.0,"gold_gain":0.0,"event_name":"SensoryStone","player_choice":"Memory 1","floor":36.0,"gold_loss":0.0,"damage_taken":0.0}],"is_beta":false,"boss_relics":[{"not_picked":["Empty Cage","Sozu"],"picked":"Cursed Key"},{"not_picked":["Snecko Eye","Fusion Hammer"],"picked":"HoveringKite"}],"items_purged_floors":[19,25],"is_endless":false,"potions_floor_spawned":[2,5,14,28,30,31,33,38],"killed_by":"Giant Head","ascension_level":16}}