{"host":"4gpocmiyl6swb7z6","time":1609262846,"event":{"mods":["AchievementEnabler","BaseMod","Colored Map","Colored Powertips","Minty Spire (QoL Compilation)","Rare Cards Sparkle"],"gold_per_floor":[115,115,126,126,143,143,171,171,222,222,233,253,277,297,297,396,396,411,411,411,441,366,386,386,401,455,300,300,316,316,21,21,122,122,141,141,155,172,172,206,206,240,240,251,251,251,23,23,23,23],"floor_reached":51,"playtime":5122,"items_purged":[],"score":978,"play_id":"bf88b1e7-076e-4e8b-8d4d-2eb037d9dfb3","local_time":"20201229182726","is_ascension_mode":false,"campfire_choices":[{"data":"Poisoned Stab","floor":6.0,"key":"SMITH"},{"data":"Neutralize","floor":8.0,"key":"SMITH"},{"data":"Envenom","floor":15,"key":"SMITH"},{"data":"Dash","floor":24,"key":"SMITH"},{"data":"Calculated Gamble","floor":28,"key":"SMITH"},{"data":"Night Terror","floor":30,"key":"SMITH"},{"data":"Corpse Explosion","floor":32,"key":"SMITH"},{"data":"Burst","floor":45,"key":"SMITH"},{"data":"Footwork","floor":49,"key":"SMITH"}],"circlet_count":0,"master_deck":["Strike_G+1","Strike_G+1","Strike_G+1","Strike_G+1","Strike_G+1","Defend_G+1","Defend_G+1","Defend_G+1","Defend_G+1","Defend_G+1","Neutralize+1","Poisoned Stab+1","Bouncing Flask+1","Backstab","Slice","Calculated Gamble+1","Envenom+1","Corpse Explosion+1","Necronomicurse","Dash+1","Deadly Poison+1","Night Terror+1","Glass Knife","Outmaneuver+1","PiercingWail","Flash of Steel","Chrysalis","Finesse","Burst+1","Blur+1","Footwork+1"],"relics":["Runic Dome","Lantern","Bronze Scales","Eternal Feather","Odd Mushroom","Philosopher\u0027s Stone","Necronomicon","Red Mask","Orichalcum","Medical Kit","Unceasing Top","Black Star","Oddly Smooth Stone","Ninja Scroll","Omamori","Blood Vial","Bottled Lightning","Lee\u0027s Waffle"],"acts_visited":["Exordium","TheCity","TheBeyond"],"potions_floor_usage":[33,33,40,40,50,50],"damage_taken":[{"damage":0.0,"enemies":"Small Slimes","floor":1.0,"turns":3.0},{"damage":0.0,"enemies":"Jaw Worm","floor":3.0,"turns":4.0},{"damage":0.0,"enemies":"2 Louse","floor":5.0,"turns":2.0},{"damage":13.0,"enemies":"Gremlin Nob","floor":7.0,"turns":4.0},{"damage":0.0,"enemies":"Blue Slaver","floor":11.0,"turns":2.0},{"damage":1.0,"enemies":"2 Fungi Beasts","floor":12.0,"turns":3.0},{"damage":12.0,"enemies":"The Mushroom Lair","floor":13.0,"turns":4.0},{"damage":5.0,"enemies":"Gremlin Gang","floor":14.0,"turns":3.0},{"damage":16,"enemies":"Hexaghost","floor":16,"turns":7},{"damage":10,"enemies":"3 Byrds","floor":18,"turns":2},{"damage":9,"enemies":"Masked Bandits","floor":21,"turns":3},{"damage":10,"enemies":"Shell Parasite","floor":23,"turns":4},{"damage":8,"enemies":"Shelled Parasite and Fungi","floor":25,"turns":4},{"damage":0,"enemies":"Centurion and Healer","floor":29,"turns":4},{"damage":32,"enemies":"Champ","floor":33,"turns":8},{"damage":11,"enemies":"3 Shapes","floor":35,"turns":4},{"damage":8,"enemies":"Orb Walker","floor":37,"turns":3},{"damage":8,"enemies":"Spire Growth","floor":38,"turns":4},{"damage":5,"enemies":"Giant Head","floor":40,"turns":7},{"damage":40,"enemies":"Nemesis","floor":42,"turns":7},{"damage":2,"enemies":"Maw","floor":44,"turns":5},{"damage":31,"enemies":"Time Eater","floor":50,"turns":9}],"seed_played":"3859867010781303799","potions_obtained":[{"floor":3.0,"key":"DistilledChaos"},{"floor":5.0,"key":"AttackPotion"},{"floor":13.0,"key":"SteroidPotion"},{"floor":16,"key":"Ancient Potion"},{"floor":33,"key":"SpeedPotion"},{"floor":35,"key":"Weak Potion"},{"floor":37,"key":"CultistPotion"},{"floor":38,"key":"Regen Potion"}],"is_trial":false,"path_per_floor":["M","?","M","?","M","R","E","R","T","T","M","M","?","M","R","B",null,"M","?","?","?","?","M","R","M","T","$","R","M","R","$","R","B",null,"M","?","M","M","?","E","?","E","T","M","R","?","$","$","R","B",null],"character_chosen":"THE_SILENT","items_purchased":["Medical Kit","Unceasing Top","Footwork","Lee\u0027s Waffle","Strength Potion"],"campfire_rested":0,"item_purchase_floors":[27,31,47,47,47],"current_hp_per_floor":[70,75,75,60,60,60,47,47,47,47,47,46,34,29,38,22,75,65,65,49,40,40,30,42,34,34,34,46,46,58,58,70,38,75,64,64,56,48,38,48,48,8,8,8,26,26,78,78,78,47],"gold":23,"neow_bonus":"BOSS_RELIC","is_daily":false,"chose_seed":false,"campfire_upgraded":9,"win_rate":0.0,"timestamp":1609262846,"path_taken":["M","?","M","?","M","R","E","R","T","?","M","M","?","M","R","BOSS","M","?","?","?","?","M","R","?","T","$","R","M","R","$","R","BOSS","M","?","?","M","?","E","?","E","T","M","R","?","?","$","R","BOSS"],"items_purchased_type":["Relic","Relic","Card","Relic","Potion"],"build_version":"2020-12-22","purchased_purges":0,"victory":true,"max_hp_per_floor":[70,75,75,75,75,75,75,75,75,75,75,75,75,75,75,75,75,75,75,75,75,75,75,75,75,75,75,75,75,75,75,75,75,75,75,75,75,75,75,75,71,71,71,71,71,71,78,78,78,78],"card_choices":[{"not_picked":["Backflip","Dodge and Roll"],"picked":"Poisoned Stab","floor":1.0},{"not_picked":["Quick Slash","Deadly Poison"],"picked":"Bouncing Flask","floor":3.0},{"not_picked":["Flying Knee","Outmaneuver"],"picked":"Backstab","floor":5.0},{"not_picked":["Masterful Stab","Tactician","Blur"],"picked":"SKIP","floor":7.0},{"not_picked":["Endless Agony","Outmaneuver"],"picked":"Slice","floor":11.0},{"not_picked":["Dash","Deadly Poison"],"picked":"Calculated Gamble","floor":12.0},{"not_picked":["Deflect","Calculated Gamble"],"picked":"Envenom","floor":13.0},{"not_picked":["Bouncing Flask","Quick Slash","Reflex"],"picked":"SKIP","floor":14},{"not_picked":["Phantasmal Killer","Venomology"],"picked":"Corpse Explosion","floor":16},{"not_picked":["Outmaneuver","Slice+1","Calculated Gamble"],"picked":"SKIP","floor":18},{"not_picked":["Dodge and Roll","Deadly Poison"],"picked":"Dash","floor":23},{"not_picked":["All Out Attack","Distraction"],"picked":"Deadly Poison+1","floor":25},{"not_picked":["Backstab","Caltrops+1"],"picked":"Night Terror","floor":29},{"not_picked":["Venomology","Night Terror"],"picked":"Glass Knife","floor":33},{"not_picked":["Deflect+1","Finisher"],"picked":"Outmaneuver+1","floor":35},{"not_picked":["Slice+1","Flying Knee","Acrobatics"],"picked":"SKIP","floor":37},{"not_picked":["Leg Sweep","Dagger Spray"],"picked":"PiercingWail","floor":38},{"not_picked":["Purity","Discovery"],"picked":"Flash of Steel","floor":39},{"not_picked":["Forethought","Good Instincts"],"picked":"Chrysalis","floor":39},{"not_picked":["Madness","Dramatic Entrance"],"picked":"Finesse","floor":39},{"not_picked":["Slice","Caltrops+1"],"picked":"Burst","floor":40},{"not_picked":["Deflect","Underhanded Strike+1","PiercingWail"],"picked":"SKIP","floor":42},{"not_picked":["Eviscerate+1","Flechettes"],"picked":"Blur+1","floor":44}],"player_experience":33168,"relics_obtained":[{"floor":7.0,"key":"Lantern"},{"floor":9.0,"key":"Bronze Scales"},{"floor":10.0,"key":"Eternal Feather"},{"floor":13.0,"key":"Odd Mushroom"},{"floor":20,"key":"Necronomicon"},{"floor":21,"key":"Red Mask"},{"floor":26,"key":"Orichalcum"},{"floor":40,"key":"Oddly Smooth Stone"},{"floor":40,"key":"Ninja Scroll"},{"floor":42,"key":"Omamori"},{"floor":42,"key":"Blood Vial"},{"floor":43,"key":"Bottled Lightning"}],"event_choices":[{"damage_healed":0.0,"max_hp_gain":5.0,"max_hp_loss":0.0,"gold_gain":0.0,"event_name":"Big Fish","player_choice":"Donut","floor":2.0,"gold_loss":0.0,"damage_taken":0.0},{"damage_healed":0.0,"max_hp_gain":0.0,"max_hp_loss":0.0,"gold_gain":0.0,"event_name":"Shining Light","player_choice":"Entered Light","floor":4.0,"gold_loss":0.0,"damage_taken":15.0,"cards_upgraded":["Defend_G","Bouncing Flask"]},{"damage_healed":0.0,"max_hp_gain":0.0,"max_hp_loss":0.0,"gold_gain":0.0,"event_name":"Mushrooms","player_choice":"Fought Mushrooms","floor":13.0,"gold_loss":0.0,"damage_taken":0.0},{"damage_healed":0,"gold_gain":0,"player_choice":"Simplicity","damage_taken":0,"max_hp_gain":0,"max_hp_loss":0,"event_name":"Back to Basics","floor":19,"gold_loss":0,"cards_upgraded":["Strike_G","Strike_G","Strike_G","Strike_G","Strike_G","Defend_G","Defend_G","Defend_G","Defend_G"]},{"damage_healed":0,"gold_gain":0,"player_choice":"Obtained Book","damage_taken":16,"max_hp_gain":0,"max_hp_loss":0,"event_name":"Cursed Tome","floor":20,"gold_loss":0},{"damage_healed":0,"gold_gain":0,"player_choice":"Fought Bandits","damage_taken":0,"max_hp_gain":0,"max_hp_loss":0,"event_name":"Masked Bandits","floor":21,"gold_loss":0},{"cards_removed":["Survivor"],"damage_healed":0,"gold_gain":0,"player_choice":"Gave Gold","damage_taken":0,"max_hp_gain":0,"max_hp_loss":0,"event_name":"Beggar","floor":22,"gold_loss":75},{"damage_healed":0,"gold_gain":0,"player_choice":"Bought 0 Potions","damage_taken":0,"max_hp_gain":0,"max_hp_loss":0,"event_name":"The Woman in Blue","floor":36,"gold_loss":0},{"damage_healed":0,"gold_gain":0,"player_choice":"Memory 3","damage_taken":10,"max_hp_gain":0,"max_hp_loss":0,"event_name":"SensoryStone","floor":39,"gold_loss":0},{"damage_healed":0,"gold_gain":0,"player_choice":"Max HP","damage_taken":0,"max_hp_gain":0,"max_hp_loss":4,"event_name":"Winding Halls","floor":41,"gold_loss":0},{"damage_healed":0,"gold_gain":0,"player_choice":"Ignored","damage_taken":0,"max_hp_gain":0,"max_hp_loss":0,"event_name":"Mysterious Sphere","floor":46,"gold_loss":0}],"is_beta":false,"boss_relics":[{"not_picked":["Fusion Hammer","Cursed Key"],"picked":"Philosopher\u0027s Stone"},{"not_picked":["WristBlade","Sozu"],"picked":"Black Star"}],"items_purged_floors":[],"is_endless":false,"potions_floor_spawned":[3,5,13,16,21,23,33,35,37,38],"ascension_level":0}}