{"host":"sc0o2qwpf9j16a4i","time":1609252300,"event":{"mods":["AchievementEnabler","BaseMod","BetterRewards","Block Reminder","Colored Map","Colored Powertips","Custom Start","Highlight Path","Minty Spire (QoL Compilation)","Relic Stats"],"gold_per_floor":[115,115,126,142,162,162,195,210,210,210,232,247,279,290,290,369,369,389,389,102,114,130,130,161,161,161,196,196,196,223,242,242,316,316,332,346,1345,1113,1131,1131,1160,1178,1178,1190,1212,1224,1262,1287,1299,1311,1323,1323],"floor_reached":51,"playtime":2332,"items_purged":["Normality"],"score":1608,"play_id":"6f73ed1e-25b4-42ae-9b48-1bd1ac1efee5","local_time":"20201229163140","is_ascension_mode":true,"campfire_choices":[{"data":"Inflame","floor":6,"key":"SMITH"},{"data":"Clothesline","floor":10,"key":"SMITH"},{"data":"Flame Barrier","floor":15,"key":"SMITH"},{"data":"Whirlwind","floor":23,"key":"SMITH"},{"floor":29,"key":"REST"},{"data":"True Grit","floor":32,"key":"SMITH"},{"floor":40,"key":"REST"},{"floor":44,"key":"RECALL"},{"data":"Impervious","floor":46,"key":"SMITH"},{"floor":49,"key":"REST"}],"circlet_count":0,"master_deck":["AscendersBane","Strike_R+1","Strike_R+1","Strike_R+1","Strike_R+1","Defend_R+1","Defend_R+1","Defend_R+1","Defend_R+1","Bash","Flame Barrier+1","Inflame+1","Perfected Strike","Clothesline+1","Whirlwind+1","Shockwave","Shrug It Off","Battle Trance","Juggernaut+1","Metallicize+1","Shrug It Off","Decay","Impervious+1","True Grit+1","Shrug It Off","Feed","Perfected Strike+1","Dark Embrace+1","Normality","Reaper","Perfected Strike","Evolve+1","Inflame+1","Exhume","Flame Barrier","Dual Wield"],"relics":["Runic Dome","Happy Flower","Letter Opener","Odd Mushroom","Frozen Egg 2","Sozu","Matryoshka","Darkstone Periapt","Dream Catcher","Charon\u0027s Ashes","Oddly Smooth Stone","Strawberry","Snecko Eye","Orrery","Anchor","MawBank","Shuriken"],"acts_visited":["Exordium","TheCity","TheBeyond"],"potions_floor_usage":[7,11,16,27],"damage_taken":[{"damage":1,"enemies":"2 Louse","floor":1,"turns":4},{"damage":0,"enemies":"Cultist","floor":3,"turns":3},{"damage":2,"enemies":"Small Slimes","floor":4,"turns":4},{"damage":3,"enemies":"2 Fungi Beasts","floor":5,"turns":4},{"damage":0,"enemies":"Gremlin Nob","floor":7,"turns":2},{"damage":1,"enemies":"Blue Slaver","floor":8,"turns":3},{"damage":4,"enemies":"The Mushroom Lair","floor":11,"turns":2},{"damage":1,"enemies":"Exordium Wildlife","floor":12,"turns":3},{"damage":5,"enemies":"Lagavulin","floor":13,"turns":5},{"damage":0,"enemies":"2 Fungi Beasts","floor":14,"turns":3},{"damage":16,"enemies":"Hexaghost","floor":16,"turns":9},{"damage":0,"enemies":"3 Byrds","floor":18,"turns":2},{"damage":1,"enemies":"Chosen","floor":21,"turns":3},{"damage":15,"enemies":"Snake Plant","floor":22,"turns":4},{"damage":14,"enemies":"Gremlin Leader","floor":24,"turns":5},{"damage":12,"enemies":"Book of Stabbing","floor":27,"turns":5},{"damage":5,"enemies":"Gremlin Leader","floor":30,"turns":5},{"damage":1,"enemies":"Centurion and Healer","floor":31,"turns":5},{"damage":23,"enemies":"Automaton","floor":33,"turns":9},{"damage":8,"enemies":"Orb Walker","floor":35,"turns":4},{"damage":9,"enemies":"3 Shapes","floor":36,"turns":3},{"damage":31,"enemies":"Jaw Worm Horde","floor":39,"turns":4},{"damage":14,"enemies":"Giant Head","floor":41,"turns":7},{"damage":0,"enemies":"Transient","floor":42,"turns":6},{"damage":2,"enemies":"Spire Growth","floor":45,"turns":5},{"damage":31,"enemies":"Nemesis","floor":47,"turns":9},{"damage":8,"enemies":"4 Shapes","floor":48,"turns":4},{"damage":70,"enemies":"Donu and Deca","floor":50,"turns":9},{"damage":84,"enemies":"Awakened One","floor":51,"turns":10}],"seed_played":"2156727538324596652","potions_obtained":[{"floor":1,"key":"Explosive Potion"},{"floor":5,"key":"SteroidPotion"},{"floor":7,"key":"Weak Potion"},{"floor":12,"key":"LiquidBronze"},{"floor":16,"key":"LiquidMemories"}],"is_trial":false,"path_per_floor":["M","?","M","M","M","R","E","M","T","R","?","M","E","M","R","B",null,"M","?","$","M","M","R","E","?","T","E","?","R","E","M","R","B",null,"M","M","?","$","M","R","E","M","T","R","M","R","E","M","R","B","B"],"character_chosen":"IRONCLAD","items_purchased":["Matryoshka","Orrery"],"campfire_rested":3,"item_purchase_floors":[20,38],"current_hp_per_floor":[67,67,67,65,62,62,62,61,61,61,57,56,51,51,51,35,65,65,65,65,64,49,49,35,41,41,29,29,53,55,54,54,31,74,69,63,75,75,55,86,82,89,89,89,97,97,79,85,115,66,0,0],"gold":1323,"neow_bonus":"BOSS_RELIC","is_daily":false,"chose_seed":false,"campfire_upgraded":6,"win_rate":0.0,"timestamp":1609252300,"path_taken":["M","?","M","M","?","R","E","M","T","R","?","M","E","M","R","BOSS","M","?","$","M","?","R","E","?","T","E","?","R","E","M","R","BOSS","M","M","?","$","M","R","E","M","T","R","M","R","E","M","R","BOSS","BOSS"],"items_purchased_type":["Relic","Relic"],"build_version":"2020-12-22","purchased_purges":1,"victory":false,"max_hp_per_floor":[75,75,75,75,75,75,75,75,75,75,75,75,75,75,75,75,75,75,75,75,75,75,75,75,81,81,81,81,81,88,88,88,88,88,91,94,106,106,106,106,106,106,106,106,106,106,109,115,115,118,118,118],"relic_stats":{"Sozu":10,"Darkstone Periapt":18,"Dream Catcher":3,"Happy Flower":[41],"counters":[29,141],"Shuriken":[7],"Snecko Eye":[123,117,121,111],"Charon\u0027s Ashes":[283],"Letter Opener":[236],"MawBank":96,"obtain_stats":[{"Darkstone Periapt":24,"Happy Flower":7,"Oddly Smooth Stone":27,"Charon\u0027s Ashes":26,"Letter Opener":9,"Odd Mushroom":11,"Frozen Egg 2":13,"MawBank":43,"Burning Blood":0,"Sozu":17,"Runic Dome":0,"Dream Catcher":26,"Anchor":41,"Matryoshka":20,"Shuriken":47,"Strawberry":30,"Snecko Eye":34,"Orrery":38},{"Darkstone Periapt":15,"Happy Flower":5,"Oddly Smooth Stone":16,"Charon\u0027s Ashes":15,"Letter Opener":6,"Odd Mushroom":7,"Frozen Egg 2":9,"MawBank":24,"Burning Blood":0,"Sozu":11,"Runic Dome":0,"Dream Catcher":15,"Anchor":23,"Matryoshka":12,"Shuriken":26,"Strawberry":17,"Snecko Eye":19,"Orrery":21},{"Darkstone Periapt":56,"Happy Flower":17,"Oddly Smooth Stone":61,"Charon\u0027s Ashes":56,"Letter Opener":20,"Odd Mushroom":22,"Frozen Egg 2":30,"MawBank":104,"Burning Blood":0,"Sozu":42,"Runic Dome":0,"Dream Catcher":56,"Anchor":98,"Matryoshka":44,"Shuriken":118,"Strawberry":66,"Snecko Eye":80,"Orrery":87}]},"card_choices":[{"not_picked":["Second Wind","Iron Wave"],"picked":"Flame Barrier","floor":1},{"not_picked":["Fire Breathing","Shrug It Off"],"picked":"Inflame","floor":3},{"not_picked":["Flame Barrier","Thunderclap"],"picked":"Perfected Strike","floor":4},{"not_picked":["Second Wind","Pommel Strike"],"picked":"Clothesline","floor":5},{"not_picked":["Sword Boomerang","Headbutt"],"picked":"Whirlwind","floor":7},{"not_picked":["Heavy Blade","Power Through","Reckless Charge"],"picked":"SKIP","floor":8},{"not_picked":["Wild Strike","Pommel Strike"],"picked":"Shockwave","floor":11},{"not_picked":["Second Wind","Bludgeon"],"picked":"Shrug It Off","floor":12},{"not_picked":["Uppercut","Flex"],"picked":"Battle Trance","floor":13},{"not_picked":["Reckless Charge","Headbutt","Power Through"],"picked":"SKIP","floor":14},{"not_picked":["Brutality+1","Fiend Fire"],"picked":"Juggernaut+1","floor":16},{"not_picked":["Armaments","Clash","Thunderclap"],"picked":"SKIP","floor":18},{"not_picked":["Wild Strike","Dual Wield","Headbutt"],"picked":"SKIP","floor":21},{"not_picked":["Dual Wield","Rage"],"picked":"Metallicize+1","floor":22},{"not_picked":["Iron Wave","Bloodletting"],"picked":"Shrug It Off","floor":24},{"not_picked":["Thunderclap","Uppercut"],"picked":"Impervious","floor":27},{"not_picked":["Cleave","Searing Blow"],"picked":"True Grit","floor":29},{"not_picked":["Armaments","Rupture+1"],"picked":"Shrug It Off","floor":30},{"not_picked":["Second Wind","Whirlwind","Rupture+1"],"picked":"SKIP","floor":31},{"not_picked":["Demon Form+1","Brutality+1"],"picked":"Feed","floor":33},{"not_picked":["Headbutt","Warcry"],"picked":"Perfected Strike+1","floor":35},{"not_picked":["Body Slam+1","Havoc"],"picked":"Dark Embrace+1","floor":36},{"not_picked":["Immolate","Clash"],"picked":"Reaper","floor":38},{"not_picked":["Thunderclap","Dark Embrace+1"],"picked":"Perfected Strike","floor":38},{"not_picked":["Twin Strike","Sever Soul"],"picked":"Evolve+1","floor":38},{"not_picked":["Metallicize+1","Spot Weakness"],"picked":"Inflame+1","floor":39},{"not_picked":["Sword Boomerang+1","Anger"],"picked":"Exhume","floor":41},{"not_picked":["Sword Boomerang+1","Twin Strike"],"picked":"Flame Barrier","floor":42},{"not_picked":["Warcry","Pommel Strike+1","Clothesline"],"picked":"SKIP","floor":45},{"not_picked":["Clothesline","Dropkick","Rage"],"picked":"SKIP","floor":47},{"not_picked":["Body Slam","Intimidate+1"],"picked":"Dual Wield","floor":48}],"player_experience":391316,"relics_obtained":[{"floor":7,"key":"Happy Flower"},{"floor":9,"key":"Letter Opener"},{"floor":11,"key":"Odd Mushroom"},{"floor":13,"key":"Frozen Egg 2"},{"floor":24,"key":"Darkstone Periapt"},{"floor":26,"key":"Dream Catcher"},{"floor":26,"key":"Charon\u0027s Ashes"},{"floor":27,"key":"Oddly Smooth Stone"},{"floor":30,"key":"Strawberry"},{"floor":41,"key":"Anchor"},{"floor":43,"key":"MawBank"},{"floor":47,"key":"Shuriken"}],"event_choices":[{"cards_removed":["Strike_R"],"damage_healed":0,"gold_gain":0,"player_choice":"Purged","damage_taken":0,"max_hp_gain":0,"max_hp_loss":0,"event_name":"Purifier","floor":2,"gold_loss":0},{"damage_healed":0,"gold_gain":0,"player_choice":"Fought Mushrooms","damage_taken":0,"max_hp_gain":0,"max_hp_loss":0,"event_name":"Mushrooms","floor":11,"gold_loss":0},{"damage_healed":0,"gold_gain":0,"player_choice":"Got Potions","damage_taken":0,"max_hp_gain":0,"max_hp_loss":0,"event_name":"Lab","floor":19,"gold_loss":0},{"damage_healed":0,"gold_gain":0,"player_choice":"Smashed Altar","damage_taken":0,"max_hp_gain":0,"max_hp_loss":0,"event_name":"Forgotten Altar","floor":25,"gold_loss":0,"cards_obtained":["Decay"]},{"damage_healed":0,"gold_gain":0,"player_choice":"Simplicity","damage_taken":0,"max_hp_gain":0,"max_hp_loss":0,"event_name":"Back to Basics","floor":28,"gold_loss":0,"cards_upgraded":["Strike_R","Strike_R","Strike_R","Strike_R","Defend_R","Defend_R","Defend_R","Defend_R"]},{"damage_healed":0,"gold_gain":999,"player_choice":"Gold","damage_taken":0,"max_hp_gain":0,"max_hp_loss":0,"event_name":"MindBloom","floor":37,"gold_loss":0,"cards_obtained":["Normality","Normality"]}],"is_beta":false,"boss_relics":[{"not_picked":["Velvet Choker","Fusion Hammer"],"picked":"Sozu"},{"not_picked":["Cursed Key","SlaversCollar"],"picked":"Snecko Eye"}],"items_purged_floors":[38],"is_endless":false,"potions_floor_spawned":[1,5,7,12,16,18,22,24,30,35,42,47,48],"killed_by":"Awakened One","ascension_level":20}}