{"host":"l017gercouzhorma","time":1609228000,"event":{"mods":["AchievementEnabler","Aspiration","BaseMod","Challenge The Spire","Conspire","Downfall","Halation","Hermit","Hubris","Infinite Spire","Jorbs\u0027s Wanderer Trilogy","Mad Scientist","Marisa????????","Mimic Mod","Minty Spire (QoL Compilation)","Random Character Button","Rare Cards Sparkle","Relic Stats","Replay The Spire","Shade Mod","StSLib","The Cursed","The Disciple","The Hierophant","The Jungle","The Runesmith","The Servant 0.9.4"],"gold_per_floor":[110,130,150,150,165,193,193,205,245,274,274,301,152,182,182,300,300,338,30,30,30,44,68,68],"floor_reached":23,"playtime":1465,"items_purged":["Defend_MRS","6A+1"],"score":195,"play_id":"d521d311-64fe-4057-86a7-895bb5e8891b","local_time":"20201229004640","is_ascension_mode":false,"campfire_choices":[{"floor":11,"key":"REST"},{"floor":15,"key":"REST"}],"circlet_count":0,"master_deck":["Strike_MRS","Strike_MRS","Strike_MRS","Strike_MRS","MasterSpark","UpSweep","LuminesStrike","GrandCross","RefractionSpark","FinalSpark","DarkSpark","DoubleSpark","CollectingQuirk","DoubleSpark","EscapeVelocity","PowerUp","MilkyWay","StarBarrage","UltimateShortwave","UnstableBomb+1","ChargeUpSpray+1","MeteoricShower","OortCloud","MeteoricShower"],"relics":["MiniHakkero","NeowsBlessing","halation:EternalFortune","Dream Catcher","Blood Vial","Replay:Bandana","Astrolabe","halation:Sosunser"],"acts_visited":["Exordium","TheCity"],"potions_floor_usage":[14,16,22,23],"damage_taken":[{"damage":0,"enemies":"Jaw Worm","floor":1,"turns":1},{"damage":0,"enemies":"Small Slimes","floor":2,"turns":1},{"damage":0,"enemies":"Cultist","floor":3,"turns":1},{"damage":0,"enemies":"Exordium Wildlife","floor":5,"turns":2},{"damage":31,"enemies":"Lagavulin","floor":6,"turns":5},{"damage":12,"enemies":"3 Louse","floor":8,"turns":3},{"damage":7,"enemies":"2 Fungi Beasts","floor":9,"turns":4},{"damage":13,"enemies":"2 Fungi Beasts","floor":10,"turns":3},{"damage":12,"enemies":"Blue Slaver","floor":12,"turns":2},{"damage":12,"enemies":"Exordium Wildlife","floor":14,"turns":2},{"damage":31,"enemies":"Fading Forest","floor":16,"turns":11},{"damage":22,"enemies":"Chosen","floor":18,"turns":4},{"damage":30,"enemies":"2 Thieves","floor":22,"turns":4},{"damage":9,"enemies":"Gremlin Leader","floor":23,"turns":2}],"seed_played":"-401813544707124596","potions_obtained":[{"floor":3,"key":"Elixir"},{"floor":10,"key":"BottledSpark"},{"floor":14,"key":"FearPotion"},{"floor":18,"key":"Fire Potion"}],"is_trial":false,"path_per_floor":["M","M","M","?","M","E","?","M","MIM","M","R","M","$","M","R","B",null,"M","$","?","?","M","E"],"character_chosen":"MARISA","items_purchased":["PowerUp","MilkyWay","OortCloud","halation:Sosunser"],"campfire_rested":2,"item_purchase_floors":[13,13,19,19],"current_hp_per_floor":[75,75,75,78,78,47,35,25,20,9,32,22,22,12,35,16,78,56,56,56,56,28,21,21],"gold":68,"neow_bonus":"THREE_ENEMY_KILL","is_daily":false,"chose_seed":false,"campfire_upgraded":0,"win_rate":0.0,"timestamp":1609228000,"path_taken":["M","M","M","?","M","E","?","M","MIM","M","R","M","$","?","R","BOSS","M","$","?","?","M","E"],"items_purchased_type":["Card","Card","Card","Relic"],"build_version":"2020-12-22","purchased_purges":2,"victory":false,"max_hp_per_floor":[75,75,75,78,78,78,78,78,78,78,78,78,78,78,78,78,78,78,78,78,78,78,78,78],"relic_stats":{"Blood Vial":16,"Dream Catcher":2,"counters":[14,45],"Astrolabe":["UnstableBomb","6A","ChargeUpSpray"],"obtain_stats":[{"Blood Vial":7,"Dream Catcher":6,"Replay:Bandana":9,"NeowsBlessing":0,"halation:Sosunser":19,"Astrolabe":17,"halation:EternalFortune":4,"MiniHakkero":0},{"Blood Vial":5,"Dream Catcher":5,"Replay:Bandana":7,"NeowsBlessing":0,"halation:Sosunser":12,"Astrolabe":11,"halation:EternalFortune":3,"MiniHakkero":0},{"Blood Vial":10,"Dream Catcher":10,"Replay:Bandana":17,"NeowsBlessing":0,"halation:Sosunser":39,"Astrolabe":35,"halation:EternalFortune":3,"MiniHakkero":0}]},"card_choices":[{"not_picked":["GalacticHalo","EventHorizon"],"picked":"LuminesStrike","floor":1},{"not_picked":["NonDirectionalLaser","DC"],"picked":"GrandCross","floor":2},{"not_picked":["IllusionStar","MachineGunSpark"],"picked":"RefractionSpark","floor":3},{"not_picked":["ShootingEcho","WitchOfGreed"],"picked":"FinalSpark","floor":5},{"not_picked":["UnstableBomb","ManaRampage"],"picked":"DarkSpark","floor":6},{"not_picked":["LuminesStrike","PowerUp"],"picked":"DoubleSpark","floor":8},{"not_picked":["EnergyRecoil","GravityBeat"],"picked":"CollectingQuirk","floor":9},{"not_picked":["LuminesStrike","WitchLeyline"],"picked":"DoubleSpark","floor":10},{"not_picked":["DoubleSpark","GalacticHalo"],"picked":"EscapeVelocity","floor":12},{"not_picked":["MagicAbsorber","WitchOfGreed"],"picked":"StarBarrage","floor":14},{"not_picked":["StarDustReverie","FinalSpark"],"picked":"UltimateShortwave","floor":16},{"not_picked":["PowerUp","ChargingUp"],"picked":"MeteoricShower","floor":18},{"not_picked":["OrrerysSun","MagicChant"],"picked":"MeteoricShower","floor":22}],"player_experience":813870,"relics_obtained":[{"floor":6,"key":"Dream Catcher"},{"floor":9,"key":"Replay:Bandana"}],"event_choices":[{"damage_healed":0,"gold_gain":0,"player_choice":"Success","damage_taken":12,"relics_obtained":["Blood Vial"],"max_hp_gain":0,"max_hp_loss":0,"event_name":"Scrap Ooze","floor":7,"gold_loss":0},{"damage_healed":0,"gold_gain":0,"player_choice":"Leave","damage_taken":0,"max_hp_gain":0,"max_hp_loss":0,"event_name":"conspire:Investor","floor":21,"gold_loss":0}],"is_beta":false,"boss_relics":[{"not_picked":["Snecko Heart","hubris:HollowSoul"],"picked":"Astrolabe"}],"items_purged_floors":[13,19],"is_endless":false,"potions_floor_spawned":[3,10,14,18],"killed_by":"Gremlin Leader","ascension_level":0}}