{"host":"Nexxot","time":1609264925,"event":{"mods":["AchievementEnabler","BaseMod","Colored Map","Downfall","Highlight Path","Jorbs\u0027s Wanderer Trilogy","Minty Spire (QoL Compilation)","Relic Stats","StSLib"],"gold_per_floor":[99,114,131,281,281,1,1,176,187,200,227,252,177,190,209,311,311,311,330,350,366,366,366,366,366],"floor_reached":23,"playtime":1771,"items_purged":["Slimebound:Icky"],"score":218,"play_id":"583e946a-bb58-4afd-ac92-8cda4dca1d51","local_time":"20201229190205","is_ascension_mode":false,"campfire_choices":[{"data":"hexamod:Sear","floor":1.0,"key":"SMITH"},{"data":"hexamod:HeatShield","floor":13,"key":"SMITH"},{"floor":18,"key":"RECALL"}],"circlet_count":0,"master_deck":["hexamod:Strike","hexamod:Strike","hexamod:Strike","hexamod:Strike","hexamod:Defend","hexamod:Defend","hexamod:Defend","hexamod:Defend","hexamod:Sear+1","hexamod:Float","hexamod:BurningTouch","hexamod:HeatShield+1","hexamod:NightmareStrike","hexamod:RadiantFlame","Doubt","hexamod:Hexaguard","hexamod:Haunt","hexamod:ShieldOfDarkness","hexamod:GhostOfSpirePast","hexamod:HeatMetal","hexamod:CatchUp","hexamod:FifthSeal","hexamod:FourthSeal","hexamod:ThirdSeal","hexamod:PhantomFireball"],"relics":["hexamod:SpiritBrand","Eternal Feather","Membership Card","Pocketwatch","Darkstone Periapt","Odd Mushroom","downfall:HeartBlessingGreen","Runic Pyramid","Strawberry"],"acts_visited":["Exordium","TheCity"],"potions_floor_usage":[12,19,20,21],"damage_taken":[{"damage":0.0,"enemies":"Cultist","floor":2.0,"turns":3.0},{"damage":0.0,"enemies":"Jaw Worm","floor":3.0,"turns":3.0},{"damage":0.0,"enemies":"downfall:FleeingMerchant","floor":6.0,"turns":4.0},{"damage":1.0,"enemies":"Small Slimes","floor":9.0,"turns":3.0},{"damage":4.0,"enemies":"Exordium Thugs","floor":10.0,"turns":3.0},{"damage":16,"enemies":"3 Sentries","floor":11,"turns":13},{"damage":16,"enemies":"The Mushroom Lair","floor":12,"turns":6},{"damage":2,"enemies":"Large Slime","floor":14,"turns":7},{"damage":0,"enemies":"2 Fungi Beasts","floor":15,"turns":4},{"damage":14,"enemies":"downfall:Watcher","floor":16,"turns":9},{"damage":3,"enemies":"Shell Parasite","floor":19,"turns":6},{"damage":3,"enemies":"Centurion and Healer","floor":20,"turns":9},{"damage":11,"enemies":"Snake Plant","floor":21,"turns":5},{"damage":72,"enemies":"Gremlin Leader","floor":23,"turns":5}],"seed_played":"-6155711822425566671","potions_obtained":[{"floor":2.0,"key":"Energy Potion"},{"floor":11,"key":"Regen Potion"},{"floor":12,"key":"Fruit Juice"},{"floor":16,"key":"Weak Potion"},{"floor":19,"key":"FearPotion"},{"floor":20,"key":"Fruit Juice"},{"floor":21,"key":"Swift Potion"}],"is_trial":false,"path_per_floor":["R","M","M","?","T","$","T","?","M","M","E","?","R","M","M","B",null,"R","M","M","M","?","E"],"character_chosen":"THE_SPIRIT","items_purchased":["Membership Card","hexamod:RadiantFlame"],"campfire_rested":0,"item_purchase_floors":[6,6],"current_hp_per_floor":[77,77,77,77,77,77,77,77,76,72,56,55,64,62,62,48,77,77,74,76,65,72,0,0,0],"gold":366,"neow_bonus":"TEN_PERCENT_HP_BONUS","is_daily":false,"chose_seed":false,"campfire_upgraded":2,"win_rate":0.0,"timestamp":1609264925,"path_taken":["R","M","M","?","?","$","T","?","?","M","E","?","R","M","M","BOSS","R","M","M","M","?","E"],"items_purchased_type":["Relic","Card"],"build_version":"2020-12-18","purchased_purges":1,"victory":false,"max_hp_per_floor":[77,77,77,77,77,77,77,77,77,77,77,77,77,77,77,77,77,77,77,82,82,89,89,89,89],"relic_stats":{"Darkstone Periapt":0,"counters":[14,80],"Eternal Feather":9,"obtain_stats":[{"Darkstone Periapt":11,"Strawberry":22,"Eternal Feather":5,"downfall:HeartBlessingGreen":13,"Membership Card":6,"Odd Mushroom":12,"hexamod:SpiritBrand":0,"Pocketwatch":7,"Runic Pyramid":17},{"Darkstone Periapt":6,"Strawberry":13,"Eternal Feather":2,"downfall:HeartBlessingGreen":7,"Membership Card":3,"Odd Mushroom":7,"hexamod:SpiritBrand":0,"Pocketwatch":3,"Runic Pyramid":10},{"Darkstone Periapt":29,"Strawberry":75,"Eternal Feather":6,"downfall:HeartBlessingGreen":35,"Membership Card":10,"Odd Mushroom":35,"hexamod:SpiritBrand":0,"Pocketwatch":10,"Runic Pyramid":55}],"Pocketwatch":[106]},"card_choices":[{"not_picked":["hexamod:PhantomFireball","hexamod:SpectersWail"],"picked":"hexamod:BurningTouch","floor":2.0},{"not_picked":["hexamod:Firestarter","hexamod:HauntingEcho"],"picked":"hexamod:HeatShield","floor":3.0},{"not_picked":["hexamod:Firestarter","hexamod:ShieldOfDarkness"],"picked":"hexamod:NightmareStrike","floor":6.0},{"not_picked":["hexamod:RainOfEmbers","hexamod:RecurringNightmare"],"picked":"hexamod:Hexaguard","floor":9.0},{"not_picked":["hexamod:SpectralAdrenaline","hexamod:NecessarySacrifice"],"picked":"hexamod:Haunt","floor":10.0},{"not_picked":["hexamod:BacktrackSmack","hexamod:NightmareStrike"],"picked":"hexamod:ShieldOfDarkness","floor":11},{"not_picked":["hexamod:ShieldOfDarkness","hexamod:BurningTouch"],"picked":"hexamod:GhostOfSpirePast","floor":12},{"not_picked":["hexamod:BacktrackSmack","hexamod:BurningTouch"],"picked":"hexamod:HeatMetal","floor":14},{"not_picked":["hexamod:FastForward","hexamod:RainOfEmbers"],"picked":"hexamod:CatchUp","floor":15},{"not_picked":["hexamod:WildfireWeapon","hexamod:GhostflameInferno"],"picked":"hexamod:FifthSeal","floor":16},{"not_picked":["hexamod:BurningTouch","hexamod:Again"],"picked":"hexamod:FourthSeal","floor":19},{"not_picked":["hexamod:GhostShield","hexamod:GhostLash","hexamod:ShieldOfDarkness"],"picked":"SKIP","floor":20},{"not_picked":["hexamod:SecondSeal","hexamod:FourthSeal"],"picked":"hexamod:ThirdSeal","floor":21},{"not_picked":["hexamod:InspiringFlames","hexamod:SwordOfDarkness"],"picked":"hexamod:PhantomFireball","floor":21}],"player_experience":363185,"relics_obtained":[{"floor":5.0,"key":"Eternal Feather"},{"floor":7.0,"key":"Pocketwatch"},{"floor":11,"key":"Darkstone Periapt"},{"floor":12,"key":"Odd Mushroom"}],"event_choices":[{"damage_healed":0,"gold_gain":0,"player_choice":"Fought Mushrooms","damage_taken":0,"max_hp_gain":0,"max_hp_loss":0,"event_name":"Mushrooms","floor":12,"gold_loss":0}],"is_beta":true,"boss_relics":[{"not_picked":["Fusion Hammer","Coffee Dripper"],"picked":"Runic Pyramid"}],"items_purged_floors":[6],"is_endless":false,"potions_floor_spawned":[2,11,12,16,19,20,21],"killed_by":"Gremlin Leader","ascension_level":0}}