{"host":"j29osl8nelwi4hyu","time":1609216855,"event":{"mods":["BaseMod","Colored Powertips","Hubris","Infinite Spire","Minty Spire (QoL Compilation)","Replay The Spire","StSLib"],"gold_per_floor":[109,126,126,126,142,142,175,193,241,241,221,221,84,103,103,206,206,223,243,260,276,276,276],"floor_reached":22,"playtime":1173,"items_purged":[],"score":238,"play_id":"a3e11866-d3e6-4f58-81e8-14fee5221f63","local_time":"20201228204055","is_ascension_mode":true,"campfire_choices":[{"data":"ReplayTheSpireMod:Calculation Training","floor":6,"key":"SMITH"},{"floor":12,"key":"REST"},{"data":"Echo Form","floor":15,"key":"SMITH"}],"circlet_count":0,"master_deck":["Strike_B","Strike_B","Strike_B","Strike_B","Defend_B","Defend_B","Defend_B","Zap","Dualcast+1","Sweeping Beam","Rip and Tear","Storm+1","ReplayTheSpireMod:Calculation Training+1","Defragment","Defragment","Echo Form+1","Stack","Biased Cognition","Steam+1","ReplayRNGCard","Darkness+1","Ball Lightning"],"relics":["Cracked Core","hubris:CrystalStatue","PreservedInsect","hubris:GrandSneckoEye"],"acts_visited":["Exordium","TheCity"],"potions_floor_usage":[7,10,14,19,20,21,21,21,21,21,21],"damage_taken":[{"damage":0,"enemies":"Small Slimes","floor":1,"turns":2},{"damage":2,"enemies":"Jaw Worm","floor":2,"turns":3},{"damage":1,"enemies":"Cultist","floor":5,"turns":3},{"damage":35,"enemies":"Lagavulin","floor":7,"turns":5},{"damage":7,"enemies":"Large Slime","floor":8,"turns":4},{"damage":0,"enemies":"Gremlin Gang","floor":10,"turns":1},{"damage":0,"enemies":"Exordium Thugs","floor":14,"turns":1},{"damage":31,"enemies":"Fading Forest","floor":16,"turns":11},{"damage":11,"enemies":"Shell Parasite","floor":18,"turns":5},{"damage":12,"enemies":"3 Byrds","floor":19,"turns":3},{"damage":23,"enemies":"Centurion and Healer","floor":20,"turns":5},{"damage":15,"enemies":"Snecko","floor":21,"turns":4},{"damage":6,"enemies":"Snake Plant","floor":22,"turns":1}],"seed_played":"-8857495211286606430","potions_obtained":[{"floor":4,"key":"SmokeBomb"},{"floor":4,"key":"infinitespire:BlackPotion"},{"floor":4,"key":"infinitespire:BlackPotion"},{"floor":7,"key":"PotionOfCapacity"},{"floor":11,"key":"FearPotion"},{"floor":14,"key":"Dexterity Potion"},{"floor":19,"key":"Adrenaline Potion"},{"floor":20,"key":"EntropicBrew"},{"floor":21,"key":"Venom Potion"}],"is_trial":false,"path_per_floor":["M","M","?","?","M","R","E","M","T","M","?","R","$","M","R","B",null,"M","M","M","M","M"],"character_chosen":"DEFECT","items_purchased":["Echo Form"],"campfire_rested":1,"item_purchase_floors":[13],"current_hp_per_floor":[75,73,73,73,72,72,37,30,30,30,30,52,52,52,52,29,64,53,41,18,3,0,0],"gold":276,"neow_bonus":"UPGRADE_CARD","is_daily":false,"chose_seed":false,"campfire_upgraded":2,"win_rate":0.0,"timestamp":1609216855,"path_taken":["M","M","?","?","M","R","E","M","T","?","?","R","$","M","R","BOSS","M","M","?","M","M"],"items_purchased_type":["Card"],"build_version":"2020-12-22","purchased_purges":0,"victory":false,"max_hp_per_floor":[75,75,75,75,75,75,75,75,75,75,75,75,75,75,75,75,75,75,75,75,75,75,75],"card_choices":[{"not_picked":["Turbo","Steam"],"picked":"Sweeping Beam","floor":1},{"not_picked":["Hologram","Force Field"],"picked":"Rip and Tear","floor":2},{"not_picked":["Glacier","Leap"],"picked":"ReplayTheSpireMod:Calculation Training","floor":5},{"not_picked":["Go for the Eyes","Storm"],"picked":"Defragment","floor":7},{"not_picked":["Force Field","hubris:SpecializedCircuitry"],"picked":"Defragment","floor":8},{"not_picked":["Steam","Go for the Eyes"],"picked":"Stack","floor":14},{"not_picked":["All For One","Reboot"],"picked":"Biased Cognition","floor":16},{"not_picked":["BasicCrystalCard","Cold Snap"],"picked":"Steam+1","floor":18},{"not_picked":["Reinforced Body+1","Coolheaded"],"picked":"ReplayRNGCard","floor":19},{"not_picked":["Steam","Crystallizer"],"picked":"Darkness+1","floor":20},{"not_picked":["Cold Snap","Beam Cell"],"picked":"Ball Lightning","floor":21}],"player_experience":268314,"relics_obtained":[{"floor":7,"key":"hubris:CrystalStatue"},{"floor":9,"key":"PreservedInsect"}],"event_choices":[{"damage_healed":0,"gold_gain":0,"player_choice":"Got Potions","damage_taken":0,"max_hp_gain":0,"max_hp_loss":0,"event_name":"Lab","floor":4,"gold_loss":0},{"damage_healed":0,"gold_gain":0,"player_choice":"Bought 1 Potion","damage_taken":0,"max_hp_gain":0,"max_hp_loss":0,"event_name":"The Woman in Blue","floor":11,"gold_loss":0}],"is_beta":false,"boss_relics":[{"not_picked":["Honey Jar","Replay:Ancient Bell"],"picked":"hubris:GrandSneckoEye"}],"items_purged_floors":[],"is_endless":false,"potions_floor_spawned":[7,14,19,20,21],"killed_by":"Snake Plant","ascension_level":5}}