{"host":"cijwx898anu8dehj","time":1609205842,"event":{"mods":["AchievementEnabler","AlwaysNeverKeys","BaseMod","Colored Map","Colored Powertips","Highlight Path","Minty Spire (QoL Compilation)","Rare Cards Sparkle","Relic Stats","Slay-I"],"gold_per_floor":[112,112,122,133,152,152,179,179,202,220,236,236,271,285,285,384,384,394,394,407,332,352,352,380,400,400,412,412,41,41,52,52,157,157,168,68,118,138,138,138,170,185,185,145,145,65,94,113,113,113,113],"floor_reached":50,"playtime":3370,"items_purged":["Strike_P","Defend_P"],"score":914,"play_id":"e4d57bb6-e947-4462-8a9c-c2ec2d83d1b2","local_time":"20201228233721","is_ascension_mode":true,"campfire_choices":[{"data":"Eruption","floor":6.0,"key":"SMITH"},{"floor":8.0,"key":"REST"},{"floor":12.0,"key":"REST"},{"data":"TalkToTheHand","floor":15.0,"key":"SMITH"},{"floor":23.0,"key":"REST"},{"data":"Strike_P","floor":30.0,"key":"PURGE"},{"data":"Strike_P","floor":32.0,"key":"PURGE"},{"data":"Defend_P","floor":40.0,"key":"PURGE"},{"data":"Wallop","floor":45.0,"key":"SMITH"},{"data":"Wallop","floor":49,"key":"SMITH"}],"circlet_count":0,"master_deck":["AscendersBane","Defend_P+1","Eruption+1","Vigilance+1","Protect","CrushJoints","WindmillStrike+1","Conclude","Tantrum+1","FearNoEvil","MentalFortress","ThirdEye","TalkToTheHand+1","Ragnarok+1","Writhe","WheelKick+1","SandsOfTime+1","SashWhip+1","Wallop+1","WheelKick+1","Wallop+1","CurseOfTheBell","SandsOfTime+1","Wireheading","Adaptation+1","Perseverance+1","BattleHymn","Nirvana+1","Indignation+1"],"relics":["Runic Dome","War Paint","Dream Catcher","Regal Pillow","Snecko Eye","Ginger","Du-Vu Doll","Question Card","Peace Pipe","Lee\u0027s Waffle","MealTicket","Calling Bell","Potion Belt","InkBottle","GoldenEye","TungstenRod","Juzu Bracelet","Toxic Egg 2","StrikeDummy"],"acts_visited":["Exordium","TheCity","TheBeyond"],"potions_floor_usage":[50,50,50],"damage_taken":[{"damage":4.0,"enemies":"Jaw Worm","floor":1.0,"turns":3.0},{"damage":1.0,"enemies":"Small Slimes","floor":3.0,"turns":3.0},{"damage":0.0,"enemies":"Cultist","floor":4.0,"turns":2.0},{"damage":2.0,"enemies":"2 Fungi Beasts","floor":5.0,"turns":4.0},{"damage":15.0,"enemies":"3 Sentries","floor":7.0,"turns":6.0},{"damage":6.0,"enemies":"Large Slime","floor":10.0,"turns":4.0},{"damage":2.0,"enemies":"Lots of Slimes","floor":11.0,"turns":3.0},{"damage":16.0,"enemies":"Lagavulin","floor":13.0,"turns":4.0},{"damage":5.0,"enemies":"Exordium Thugs","floor":14.0,"turns":3.0},{"damage":0.0,"enemies":"The Guardian","floor":16.0,"turns":8.0},{"damage":8.0,"enemies":"3 Byrds","floor":18.0,"turns":3.0},{"damage":13.0,"enemies":"2 Thieves","floor":20.0,"turns":2.0},{"damage":15.0,"enemies":"Snecko","floor":22.0,"turns":3.0},{"damage":34.0,"enemies":"Slavers","floor":24.0,"turns":3.0},{"damage":0.0,"enemies":"Snake Plant","floor":25.0,"turns":2.0},{"damage":7.0,"enemies":"Chosen and Byrds","floor":27.0,"turns":3.0},{"damage":12.0,"enemies":"Shelled Parasite and Fungi","floor":31.0,"turns":3.0},{"damage":8.0,"enemies":"Collector","floor":33.0,"turns":5.0},{"damage":4.0,"enemies":"3 Shapes","floor":35.0,"turns":3.0},{"damage":0.0,"enemies":"Mind Bloom Boss Battle","floor":37.0,"turns":4.0},{"damage":0.0,"enemies":"3 Darklings","floor":38.0,"turns":3.0},{"damage":0.0,"enemies":"Giant Head","floor":41.0,"turns":7.0},{"damage":13.0,"enemies":"Writhing Mass","floor":42.0,"turns":3.0},{"damage":1.0,"enemies":"Reptomancer","floor":47.0,"turns":3.0},{"damage":0,"enemies":"Sphere and 2 Shapes","floor":48,"turns":2},{"damage":89,"enemies":"Donu and Deca","floor":50,"turns":4}],"seed_played":"86032494805407234","potions_obtained":[{"floor":3.0,"key":"SteroidPotion"},{"floor":4.0,"key":"DistilledChaos"},{"floor":7.0,"key":"AttackPotion"},{"floor":10.0,"key":"BlessingOfTheForge"},{"floor":20.0,"key":"Explosive Potion"},{"floor":24.0,"key":"Strength Potion"},{"floor":25.0,"key":"Fire Potion"},{"floor":33.0,"key":"Ancient Potion"},{"floor":37.0,"key":"LiquidMemories"},{"floor":38.0,"key":"BlessingOfTheForge"},{"floor":41.0,"key":"SneckoOil"}],"is_trial":false,"path_per_floor":["M","?","M","M","M","R","E","R","T","M","M","R","E","M","R","B",null,"M","?","M","?","M","R","E","M","T","M","?","$","R","M","R","B",null,"M","$","?","M","?","R","E","M","T","?","R","$","E","M","R","B"],"character_chosen":"WATCHER","items_purchased":["Lee\u0027s Waffle","MealTicket","BattleHymn"],"campfire_rested":3,"item_purchase_floors":[29,29,46],"current_hp_per_floor":[61,54,53,53,51,51,36,57,57,51,49,70,54,49,49,49,66,58,58,45,45,30,66,32,32,32,25,25,79,79,67,67,59,74,70,79,79,79,79,79,79,66,66,66,66,79,78,78,78,0,0],"gold":113,"neow_bonus":"BOSS_RELIC","is_daily":false,"chose_seed":false,"campfire_upgraded":4,"win_rate":0.0,"timestamp":1609205841,"path_taken":["M","?","M","M","M","R","E","R","T","M","M","R","E","M","R","BOSS","M","?","M","?","M","R","E","M","T","M","?","$","R","?","R","BOSS","M","$","?","M","?","R","E","M","T","?","R","?","E","M","R","BOSS"],"items_purchased_type":["Relic","Relic","Card"],"build_version":"2020-12-22","purchased_purges":2,"victory":false,"max_hp_per_floor":[72,72,72,72,72,72,72,72,72,72,72,72,72,72,72,72,72,72,72,72,72,72,72,72,72,72,72,72,79,79,79,79,79,79,79,79,79,79,79,79,79,79,79,79,79,79,79,79,79,79,79],"relic_stats":{"Regal Pillow":15,"Lee\u0027s Waffle":54,"counters":[26,93],"Juzu Bracelet":1,"Ginger":[6],"War Paint":["Vigilance","Defend_P"],"Question Card":11,"GoldenEye":[24],"Peace Pipe":3,"Dream Catcher":2,"Snecko Eye":[102,100,80,102],"MealTicket":22,"obtain_stats":[{"Potion Belt":34,"Regal Pillow":13,"Lee\u0027s Waffle":29,"Juzu Bracelet":41,"Ginger":19,"War Paint":7,"Question Card":26,"GoldenEye":34,"Du-Vu Doll":24,"Peace Pipe":28,"Calling Bell":34,"Runic Dome":0,"Dream Catcher":9,"Snecko Eye":17,"MealTicket":29,"PureWater":0,"Toxic Egg 2":43,"StrikeDummy":47,"InkBottle":34,"TungstenRod":37},{"Potion Belt":18,"Regal Pillow":8,"Lee\u0027s Waffle":16,"Juzu Bracelet":22,"Ginger":11,"War Paint":5,"Question Card":15,"GoldenEye":18,"Du-Vu Doll":14,"Peace Pipe":16,"Calling Bell":18,"Runic Dome":0,"Dream Catcher":5,"Snecko Eye":10,"MealTicket":16,"PureWater":0,"Toxic Egg 2":23,"StrikeDummy":24,"InkBottle":18,"TungstenRod":20},{"Potion Belt":64,"Regal Pillow":29,"Lee\u0027s Waffle":56,"Juzu Bracelet":81,"Ginger":43,"War Paint":18,"Question Card":53,"GoldenEye":64,"Du-Vu Doll":51,"Peace Pipe":56,"Calling Bell":64,"Runic Dome":0,"Dream Catcher":18,"Snecko Eye":40,"MealTicket":56,"PureWater":0,"Toxic Egg 2":84,"StrikeDummy":87,"InkBottle":64,"TungstenRod":71}],"InkBottle":[11],"TungstenRod":8},"card_choices":[{"not_picked":["Wireheading","EmptyFist"],"picked":"Protect","floor":1.0},{"not_picked":["Prostrate","InnerPeace"],"picked":"CrushJoints","floor":3.0},{"not_picked":["LikeWater","Worship"],"picked":"WindmillStrike","floor":4.0},{"not_picked":["BowlingBash","Weave","CrushJoints"],"picked":"SKIP","floor":5.0},{"not_picked":["LikeWater","ClearTheMind"],"picked":"Conclude","floor":7.0},{"not_picked":["Swivel","Protect"],"picked":"Tantrum","floor":10.0},{"not_picked":["FlyingSleeves","Halt"],"picked":"FearNoEvil","floor":11.0},{"not_picked":["EmptyBody","BowlingBash"],"picked":"MentalFortress","floor":12.0},{"not_picked":["Prostrate","Omniscience"],"picked":"ThirdEye","floor":13.0},{"not_picked":["Protect","PathToVictory"],"picked":"TalkToTheHand","floor":14.0},{"not_picked":["Alpha","Omniscience"],"picked":"Ragnarok","floor":16.0},{"not_picked":["BowlingBash","EmptyFist","ThirdEye"],"picked":"SKIP","floor":18.0},{"not_picked":["Weave","FlurryOfBlows"],"picked":"WheelKick+1","floor":20.0},{"not_picked":["ClearTheMind","WreathOfFlame"],"picked":"SandsOfTime+1","floor":22.0},{"not_picked":["Consecrate","Crescendo"],"picked":"SashWhip+1","floor":23.0},{"not_picked":["Brilliance","BattleHymn"],"picked":"Wallop","floor":24.0},{"not_picked":["JustLucky","Consecrate","Vengeance"],"picked":"SKIP","floor":25.0},{"not_picked":["CrushJoints+1","Halt","Study"],"picked":"WheelKick+1","floor":27.0},{"not_picked":["Evaluate+1","EmptyBody","Establishment"],"picked":"Wallop","floor":31.0},{"not_picked":["Meditate","Judgement","FlurryOfBlows+1"],"picked":"SandsOfTime+1","floor":35.0},{"not_picked":["WaveOfTheHand+1","Nirvana+1","EmptyFist"],"picked":"Wireheading","floor":37.0},{"not_picked":["PathToVictory","LikeWater+1","FlurryOfBlows+1","FlyingSleeves"],"picked":"SKIP","floor":38.0},{"not_picked":["FlyingSleeves","CarveReality","BowlingBash"],"picked":"Adaptation+1","floor":41.0},{"not_picked":["Protect","EmptyBody","CrushJoints"],"picked":"Perseverance+1","floor":42.0},{"not_picked":["Vengeance+1","EmptyBody+1","Protect+1"],"picked":"Nirvana+1","floor":47.0},{"not_picked":["Tantrum","ReachHeaven","Prostrate+1"],"picked":"Indignation+1","floor":48}],"player_experience":924035,"relics_obtained":[{"floor":7.0,"key":"War Paint"},{"floor":9.0,"key":"Dream Catcher"},{"floor":13.0,"key":"Regal Pillow"},{"floor":24.0,"key":"Du-Vu Doll"},{"floor":26.0,"key":"Question Card"},{"floor":28.0,"key":"Peace Pipe"},{"floor":34.0,"key":"Potion Belt"},{"floor":34.0,"key":"InkBottle"},{"floor":34.0,"key":"GoldenEye"},{"floor":37.0,"key":"TungstenRod"},{"floor":41.0,"key":"Juzu Bracelet"},{"floor":43.0,"key":"Toxic Egg 2"},{"floor":47.0,"key":"StrikeDummy"}],"event_choices":[{"cards_removed":["Strike_P"],"damage_healed":0.0,"max_hp_gain":0.0,"max_hp_loss":0.0,"gold_gain":0.0,"event_name":"Golden Wing","player_choice":"Card Removal","floor":2.0,"gold_loss":0.0,"damage_taken":7.0},{"damage_healed":0.0,"max_hp_gain":0.0,"max_hp_loss":0.0,"gold_gain":0.0,"event_name":"The Mausoleum","player_choice":"Opened","floor":19.0,"gold_loss":0.0,"damage_taken":0.0,"relics_obtained":["Ginger"],"cards_obtained":["Writhe"]},{"cards_removed":["Defend_P"],"damage_healed":0.0,"max_hp_gain":0.0,"max_hp_loss":0.0,"gold_gain":0.0,"event_name":"Beggar","player_choice":"Gave Gold","floor":21.0,"gold_loss":75.0,"damage_taken":0.0},{"damage_healed":0.0,"max_hp_gain":0.0,"max_hp_loss":0.0,"gold_gain":0.0,"event_name":"Wheel of Change","player_choice":"Relic","floor":28.0,"gold_loss":0.0,"damage_taken":0.0},{"damage_healed":0.0,"max_hp_gain":0.0,"max_hp_loss":0.0,"gold_gain":0.0,"event_name":"MindBloom","player_choice":"Fight","floor":37.0,"gold_loss":0.0,"damage_taken":0.0},{"damage_healed":0.0,"max_hp_gain":0.0,"max_hp_loss":0.0,"gold_gain":0.0,"event_name":"Upgrade Shrine","player_choice":"Upgraded","floor":39.0,"gold_loss":0.0,"damage_taken":0.0,"cards_upgraded":["Ragnarok"]},{"damage_healed":0.0,"max_hp_gain":0.0,"max_hp_loss":0.0,"gold_gain":0.0,"event_name":"Designer","player_choice":"Upgraded Two","floor":44.0,"gold_loss":40.0,"damage_taken":0.0,"cards_upgraded":["WindmillStrike","Tantrum"]}],"is_beta":false,"boss_relics":[{"not_picked":["Cursed Key","SacredBark"],"picked":"Snecko Eye"},{"not_picked":["SlaversCollar","Runic Pyramid"],"picked":"Calling Bell"}],"items_purged_floors":[29,36],"is_endless":false,"potions_floor_spawned":[3,4,7,10,20,24,25,33,37,38,41],"killed_by":"Donu and Deca","ascension_level":10}}