{"host":"ln76an1o32p2wxtf","time":1609275321,"event":{"mods":["AchievementEnabler","Act Like it!","BaseMod","BetterRewards","Colored Powertips","Energized Spire","GifTheSpireLib","Infinite Spire","Minty Spire (QoL Compilation)","Shop Mod","StSLib"],"gold_per_floor":[114,114,114,133,9,35,35,66,147,181,181,81,94,127,127,225,225,239,239,239,239,255,255,284,284,284,284,329,386,106,146,146,274,274,314,324,324,365,365,365,414,476,476,522,587,587,497,509,509,641,641,642,641,666,683,675,714,714,714,714,714,708,299,281,281],"floor_reached":64,"playtime":5141,"items_purged":["Defend_P","Strike_P","Strike_P","Regret","Writhe","Parasite","Defend_P"],"score":1003,"play_id":"e5a3c8b1-7e7d-4c0f-93e4-9939e40806fa","local_time":"20201230045521","is_ascension_mode":true,"campfire_choices":[{"data":"DevaForm","floor":7.0,"key":"SMITH"},{"data":"ConjureBlade","floor":11.0,"key":"SMITH"},{"floor":15.0,"key":"REST"},{"floor":23.0,"key":"RECALL"},{"data":"Wish","floor":25.0,"key":"SMITH"},{"data":"infinitespire:NeuralNetwork","floor":32.0,"key":"SMITH"},{"data":"infinitespire:UltimateForm","floor":40.0,"key":"SMITH"},{"data":"Alpha","floor":46.0,"key":"SMITH"},{"data":"Study","floor":49.0,"key":"SMITH"}],"circlet_count":0,"master_deck":["Strike_P","Defend_P","Defend_P","Eruption","Vigilance","DeusExMachina","Prostrate","DevaForm+1","ConjureBlade+1","Prostrate","Devotion","Fasting2","infinitespire:UltimateForm+1","infinitespire:NeuralNetwork+1","Devotion","Wish+1","Pray","ConjureBlade","CutThroughFate+1","infinitespire:TheBestDefense","Study+1","Prostrate","Alpha+1","Brilliance","infinitespire:Collect"],"relics":["energizedSpire:SpiderWeb","infinitespire:Satchel","Eternal Feather","infinitespire:CursedDice","infinitespire:CheckeredPen","CloakClasp","infinitespire:Lychee Nut","Cursed Key","Sundial","InkBottle","Bag of Marbles","Bag of Preparation","Coffee Dripper","Vajra","Anchor","Kunai","infinitespire:Cupcake","Odd Mushroom","Singing Bowl","Thread and Needle","infinitespire:WardingShard"],"acts_visited":["Exordium","TheCity","TheBeyond"],"potions_floor_usage":[56,64],"damage_taken":[{"damage":1.0,"enemies":"Jaw Worm","floor":1.0,"turns":5.0},{"damage":5.0,"enemies":"Small Slimes","floor":4.0,"turns":4.0},{"damage":4.0,"enemies":"Lagavulin","floor":6.0,"turns":6.0},{"damage":23.0,"enemies":"Gremlin Nob","floor":8.0,"turns":5.0},{"damage":1.0,"enemies":"Lagavulin","floor":10.0,"turns":5.0},{"damage":0.0,"enemies":"Cultist","floor":13.0,"turns":3.0},{"damage":19.0,"enemies":"Gremlin Nob","floor":14.0,"turns":4.0},{"damage":18.0,"enemies":"Hexaghost","floor":16.0,"turns":6.0},{"damage":14.0,"enemies":"2 Thieves","floor":18.0,"turns":5.0},{"damage":0.0,"enemies":"Chosen","floor":22.0,"turns":4.0},{"damage":25.0,"enemies":"Gremlin Leader","floor":24.0,"turns":4.0},{"damage":9.0,"enemies":"Centurion and Healer","floor":28.0,"turns":6.0},{"damage":13.0,"enemies":"Nightmare","floor":29.0,"turns":7.0},{"damage":2.0,"enemies":"3 Cultists","floor":31.0,"turns":6.0},{"damage":0.0,"enemies":"Champ","floor":33.0,"turns":5.0},{"damage":30.0,"enemies":"3 Darklings","floor":35.0,"turns":7.0},{"damage":6.0,"enemies":"Orb Walker","floor":36.0,"turns":5.0},{"damage":7.0,"enemies":"Writhing Mass","floor":38.0,"turns":5.0},{"damage":0.0,"enemies":"Maw","floor":41.0,"turns":5.0},{"damage":0.0,"enemies":"Nemesis","floor":42.0,"turns":7.0},{"damage":24.0,"enemies":"Transient","floor":44.0,"turns":5.0},{"damage":17.0,"enemies":"Nightmare","floor":45.0,"turns":6.0},{"damage":7.0,"enemies":"Spire Growth","floor":48.0,"turns":4.0},{"damage":6.0,"enemies":"infinitespire:MassOfShapes","floor":50.0,"turns":6.0},{"damage":0.0,"enemies":"Cultist","floor":52.0,"turns":4.0},{"damage":0,"enemies":"Small Slimes","floor":53,"turns":3},{"damage":8,"enemies":"Jaw Worm","floor":54,"turns":3},{"damage":21,"enemies":"3 Louse","floor":55,"turns":4},{"damage":9,"enemies":"The Mushroom Lair","floor":56,"turns":4},{"damage":0,"enemies":"Lagavulin","floor":57,"turns":4},{"damage":3,"enemies":"Exordium Wildlife","floor":62,"turns":4},{"damage":61,"enemies":"Nightmare","floor":64,"turns":7}],"seed_played":"-7526299510180477907","potions_obtained":[{"floor":6.0,"key":"StancePotion"},{"floor":8.0,"key":"PowerPotion"},{"floor":13.0,"key":"Explosive Potion"},{"floor":18.0,"key":"LiquidBronze"},{"floor":24.0,"key":"SteroidPotion"},{"floor":31.0,"key":"Strength Potion"},{"floor":38.0,"key":"BottledMiracle"},{"floor":44.0,"key":"ColorlessPotion"},{"floor":55,"key":"LiquidMemories"},{"floor":57,"key":"Swift Potion"},{"floor":62,"key":"Dexterity Potion"}],"is_trial":false,"path_per_floor":["M","?","?","M","$","E","R","E","T","E","R","$","M","E","R","B",null,"M","AVR","?","?","M","R","E","R","T","?","M","NM","$","M","R","B",null,"M","M","AVR","M","?","R","M","E","T","M","NM","R","?","M","R","B",null,"M","M","M","M","?","E","AVR","?","T","?","M","$","NM"],"character_chosen":"WATCHER","items_purchased":["Prostrate","Bag of Preparation","infinitespire:WardingShard"],"campfire_rested":1,"item_purchase_floors":[5,30,63],"current_hp_per_floor":[71,71,71,66,66,62,68,45,45,44,50,50,50,31,53,37,54,43,43,30,30,36,45,26,35,35,35,32,25,25,29,41,47,54,25,25,25,24,64,64,64,64,64,43,32,47,47,46,61,61,64,64,64,57,42,39,47,47,47,47,47,52,52,0,0],"gold":281,"neow_bonus":"BOSS_RELIC","is_daily":false,"chose_seed":false,"campfire_upgraded":7,"win_rate":0.0,"timestamp":1609275321,"path_taken":["M","?","?","M","$","E","R","E","T","E","R","$","M","E","R","BOSS","M","AVR","?","?","?","R","E","R","T","?","M","NM","$","M","R","BOSS","M","M","AVR","M","?","R","M","E","T","?","NM","R","?","?","R","BOSS","M","M","M","M","?","E","AVR","?","T","?","M","?","NM"],"items_purchased_type":["Card","Relic","Relic"],"build_version":"2020-12-22","purchased_purges":7,"victory":false,"max_hp_per_floor":[72,72,72,72,72,72,72,72,72,72,72,72,72,54,54,54,54,54,54,54,54,54,54,54,54,54,54,54,54,54,54,54,54,54,54,54,54,54,64,64,64,64,64,64,64,64,64,64,64,64,64,64,64,64,64,64,66,63,63,63,63,65,65,65,65],"card_choices":[{"not_picked":["ClearTheMind","Nirvana","FlurryOfBlows"],"picked":"SKIP","floor":1.0},{"not_picked":["Evaluate","FlyingSleeves"],"picked":"DeusExMachina","floor":4.0},{"not_picked":["Fasting2","Perseverance"],"picked":"DevaForm","floor":6.0},{"not_picked":["CutThroughFate","BowlingBash"],"picked":"ConjureBlade","floor":8.0},{"not_picked":["SashWhip","EmptyFist"],"picked":"Prostrate","floor":10.0},{"not_picked":["Evaluate","ThirdEye","ClearTheMind"],"picked":"SKIP","floor":13.0},{"not_picked":["EmptyBody","WindmillStrike","Swivel"],"picked":"SKIP","floor":14.0},{"not_picked":["Judgement","Ragnarok"],"picked":"Devotion","floor":16.0},{"not_picked":["FollowUp","ReachHeaven"],"picked":"Fasting2","floor":18.0},{"not_picked":["infinitespire:FinalStrike","infinitespire:Execution"],"picked":"infinitespire:NeuralNetwork","floor":20.0},{"not_picked":["ClearTheMind","Wireheading","TalkToTheHand"],"picked":"SKIP","floor":22.0},{"not_picked":["Nirvana+1","Collect"],"picked":"Wish","floor":24.0},{"not_picked":["ClearTheMind+1","BattleHymn"],"picked":"Pray","floor":28.0},{"not_picked":["Crescendo+1","Conclude+1"],"picked":"ConjureBlade","floor":29.0},{"not_picked":["Halt","FollowUp+1","EmptyBody"],"picked":"SKIP","floor":31.0},{"not_picked":["ConjureBlade","Ragnarok"],"picked":"Establishment","floor":33.0},{"not_picked":["Evaluate+1","PathToVictory+1","EmptyFist+1"],"picked":"SKIP","floor":35.0},{"not_picked":["Evaluate","Judgement"],"picked":"CutThroughFate","floor":36.0},{"not_picked":["Crescendo","JustLucky+1"],"picked":"Study","floor":38.0},{"not_picked":["Conclude+1","Crescendo+1","Perseverance"],"picked":"SKIP","floor":41.0},{"not_picked":["Meditate","DeceiveReality+1"],"picked":"Prostrate","floor":42.0},{"not_picked":["CarveReality","ThirdEye","FlyingSleeves"],"picked":"SKIP","floor":44.0},{"not_picked":["PathToVictory+1","SandsOfTime+1"],"picked":"Alpha","floor":45.0},{"not_picked":["Prostrate+1","Crescendo","FollowUp+1"],"picked":"SKIP","floor":48.0},{"not_picked":["Prostrate+1","Crescendo","FollowUp+1"],"picked":"SKIP","floor":48.0},{"not_picked":["Ragnarok","DevaForm"],"picked":"Brilliance","floor":50.0},{"not_picked":["CrushJoints","FollowUp","FearNoEvil"],"picked":"SKIP","floor":52},{"not_picked":["Meditate","Protect","LikeWater"],"picked":"SKIP","floor":53},{"not_picked":["WaveOfTheHand","Halt","Collect"],"picked":"SKIP","floor":54},{"not_picked":["FlyingSleeves","ReachHeaven","Sanctity"],"picked":"SKIP","floor":55},{"not_picked":["LikeWater","SashWhip","EmptyFist"],"picked":"Singing Bowl","floor":57},{"not_picked":["Halt","EmptyFist","Establishment"],"picked":"Singing Bowl","floor":62}],"player_experience":664391,"relics_obtained":[{"floor":2.0,"key":"infinitespire:Satchel"},{"floor":6.0,"key":"Eternal Feather"},{"floor":8.0,"key":"infinitespire:CursedDice"},{"floor":9.0,"key":"infinitespire:CheckeredPen"},{"floor":10.0,"key":"CloakClasp"},{"floor":14.0,"key":"infinitespire:Lychee Nut"},{"floor":24.0,"key":"Sundial"},{"floor":29.0,"key":"Bag of Marbles"},{"floor":42.0,"key":"Vajra"},{"floor":43.0,"key":"Anchor"},{"floor":45.0,"key":"Kunai"},{"floor":56,"key":"Odd Mushroom"},{"floor":57,"key":"Singing Bowl"},{"floor":60,"key":"Thread and Needle"}],"event_choices":[{"cards_removed":["Strike_P"],"damage_healed":0.0,"max_hp_gain":0.0,"max_hp_loss":0.0,"gold_gain":0.0,"event_name":"Living Wall","player_choice":"Forget","floor":3.0,"gold_loss":0.0,"damage_taken":0.0},{"damage_healed":0.0,"max_hp_gain":0.0,"max_hp_loss":0.0,"gold_gain":0.0,"event_name":"Duplicator","player_choice":"Copied","floor":21.0,"gold_loss":0.0,"damage_taken":0.0,"cards_obtained":["Devotion"]},{"damage_healed":0.0,"max_hp_gain":0.0,"max_hp_loss":0.0,"gold_gain":0.0,"event_name":"The Mausoleum","player_choice":"Opened","floor":27.0,"gold_loss":0.0,"damage_taken":0.0,"relics_obtained":["InkBottle"],"cards_obtained":["Writhe"]},{"cards_removed":["Establishment"],"damage_healed":30.0,"max_hp_gain":10.0,"max_hp_loss":0.0,"gold_gain":0.0,"event_name":"Bonfire Elementals","player_choice":"Offered Rare","floor":39.0,"gold_loss":0.0,"damage_taken":0.0},{"cards_removed":["Pain"],"damage_healed":0.0,"max_hp_gain":0.0,"max_hp_loss":0.0,"gold_gain":0.0,"event_name":"Designer","player_choice":"Upgrade and Remove","floor":47.0,"gold_loss":90.0,"damage_taken":0.0,"cards_upgraded":["CutThroughFate"]},{"damage_healed":0,"gold_gain":0,"player_choice":"Fought Mushrooms","damage_taken":0,"max_hp_gain":0,"max_hp_loss":0,"event_name":"Mushrooms","floor":56,"gold_loss":0},{"damage_healed":0,"gold_gain":0,"player_choice":"Ignored","damage_taken":0,"max_hp_gain":0,"max_hp_loss":0,"event_name":"Liars Game","floor":59,"gold_loss":0},{"cards_removed":["Regret"],"damage_healed":0,"gold_gain":0,"player_choice":"Forget","damage_taken":0,"max_hp_gain":0,"max_hp_loss":0,"event_name":"Living Wall","floor":61,"gold_loss":0}],"is_beta":false,"boss_relics":[{"not_picked":["energizedSpire:EnergizedDie","energizedSpire:RedRose"],"picked":"Cursed Key"},{"not_picked":["SacredBark","energizedSpire:CrystalSphere"],"picked":"Coffee Dripper"},{"not_picked":["Runic Dome","Tiny House"],"picked":"infinitespire:Cupcake"}],"items_purged_floors":[5,12,19,30,37,58,63],"is_endless":true,"potions_floor_spawned":[6,8,13,18,24,31,33,36,38,44,45,48,50,55,57,62],"killed_by":"Nightmare","ascension_level":1}}