{"host":"Krakhan","time":1609255469,"event":{"mods":["AchievementEnabler","BaseMod","Colored Map","Colored Powertips","Faster Ascension Climbing","Highlight Path","Minty Spire (QoL Compilation)","Rare Cards Sparkle","Relic Stats","StSLib"],"gold_per_floor":[109,109,1,17,32,64,64,64,64],"floor_reached":8,"playtime":368,"items_purged":[],"score":112,"play_id":"96dd2f40-4a29-40ba-a56c-e3d8c160bd8d","local_time":"20201229102429","is_ascension_mode":true,"campfire_choices":[{"data":"Defragment","floor":7,"key":"SMITH"}],"circlet_count":0,"master_deck":["AscendersBane","Strike_B","Strike_B","Strike_B","Strike_B","Defend_B","Defend_B","Defend_B","Defend_B","Zap","Dualcast","Biased Cognition","Go for the Eyes","Ball Lightning","Coolheaded","Chaos","Genetic Algorithm","Defragment+1"],"relics":["Cracked Core","FaceOfCleric","Nunchaku"],"acts_visited":["Exordium"],"potions_floor_usage":[6],"damage_taken":[{"damage":0,"enemies":"Cultist","floor":1,"turns":3},{"damage":7,"enemies":"2 Louse","floor":4,"turns":2},{"damage":0,"enemies":"Jaw Worm","floor":5,"turns":3},{"damage":18,"enemies":"Lagavulin","floor":6,"turns":6},{"damage":45,"enemies":"3 Sentries","floor":8,"turns":7}],"seed_played":"-7761896035472494046","potions_obtained":[{"floor":1,"key":"Energy Potion"},{"floor":4,"key":"Block Potion"}],"is_trial":false,"path_per_floor":["M","?","$","M","M","E","R","E"],"character_chosen":"DEFECT","items_purchased":["Ball Lightning","Coolheaded"],"campfire_rested":0,"item_purchase_floors":[3,3],"current_hp_per_floor":[64,64,64,58,59,42,42,0,0],"gold":64,"neow_bonus":"THREE_RARE_CARDS","is_daily":false,"chose_seed":false,"campfire_upgraded":1,"win_rate":0.0,"timestamp":1609255469,"path_taken":["M","?","?","M","M","E","R","E"],"items_purchased_type":["Card","Card"],"build_version":"2020-12-18","purchased_purges":0,"victory":false,"max_hp_per_floor":[64,64,64,65,66,67,67,67,67],"relic_stats":{"Nunchaku":[0],"FaceOfCleric":3,"counters":[5,21],"obtain_stats":[{"Nunchaku":6,"FaceOfCleric":2,"Cracked Core":0},{"Nunchaku":4,"FaceOfCleric":1,"Cracked Core":0},{"Nunchaku":14,"FaceOfCleric":3,"Cracked Core":0}]},"card_choices":[{"not_picked":["All For One","Machine Learning"],"picked":"Biased Cognition","floor":0},{"not_picked":["Scrape","Coolheaded"],"picked":"Go for the Eyes","floor":1},{"not_picked":["Stack","Steam"],"picked":"Chaos","floor":4},{"not_picked":["Rebound","Coolheaded"],"picked":"Genetic Algorithm","floor":5},{"not_picked":["Rebound","Double Energy"],"picked":"Defragment","floor":6}],"player_experience":1260077,"relics_obtained":[{"floor":6,"key":"Nunchaku"}],"event_choices":[{"damage_healed":0,"gold_gain":0,"player_choice":"Trade","damage_taken":0,"relics_obtained":["FaceOfCleric"],"max_hp_gain":0,"max_hp_loss":0,"event_name":"FaceTrader","floor":2,"gold_loss":0}],"is_beta":true,"boss_relics":[],"items_purged_floors":[],"is_endless":false,"potions_floor_spawned":[1,4],"killed_by":"3 Sentries","ascension_level":20}}