{"host":"j29osl8nelwi4hyu","time":1609215672,"event":{"mods":["BaseMod","Colored Powertips","Hubris","Infinite Spire","Minty Spire (QoL Compilation)","Replay The Spire","StSLib"],"gold_per_floor":[115,133,133,151,170,205,220,220,220,249,267,279,292,302,302,403,403,417,430,447,447,464,464,464,464],"floor_reached":24,"playtime":896,"items_purged":[],"score":333,"play_id":"af1eae83-c07c-4eae-92cd-aab0876f3652","local_time":"20201228202112","is_ascension_mode":true,"campfire_choices":[{"floor":23,"key":"REST"}],"circlet_count":0,"master_deck":["Ball Lightning","Strike_B","Strike_B","Strike_B","Defend_B","Defend_B","Defend_B","Defend_B+1","Zap+1","Dualcast","Multi-Cast","Sweeping Beam+1","Barrage","Ball Lightning","Conserve Battery","Cold Snap","Sweeping Beam","Streamline","Capacitor","FTL","Leap","Seek","Double Energy","Beam Cell+1","Sunder","Hologram"],"relics":["Cracked Core","ReplayTheSpireMod:Shallot","War Paint","hubris:ScarierMask"],"acts_visited":["Exordium","TheCity"],"potions_floor_usage":[5,10,16,20,24,24],"damage_taken":[{"damage":1,"enemies":"Cultist","floor":1,"turns":3},{"damage":2,"enemies":"Jaw Worm","floor":2,"turns":3},{"damage":11,"enemies":"Small Slimes","floor":4,"turns":3},{"damage":7,"enemies":"3 Louse","floor":5,"turns":2},{"damage":23,"enemies":"Lagavulin","floor":6,"turns":5},{"damage":0,"enemies":"Exordium Wildlife","floor":7,"turns":3},{"damage":12,"enemies":"3 Sentries","floor":10,"turns":5},{"damage":2,"enemies":"Blue Slaver","floor":11,"turns":3},{"damage":0,"enemies":"3 Louse","floor":12,"turns":2},{"damage":0,"enemies":"Exordium Thugs","floor":13,"turns":3},{"damage":0,"enemies":"Looter","floor":14,"turns":2},{"damage":12,"enemies":"Slime Boss","floor":16,"turns":3},{"damage":0,"enemies":"Chosen","floor":18,"turns":4},{"damage":19,"enemies":"Spheric Guardian","floor":19,"turns":4},{"damage":12,"enemies":"Snake Plant","floor":20,"turns":1},{"damage":24,"enemies":"Snecko","floor":22,"turns":7},{"damage":33,"enemies":"Book of Stabbing","floor":24,"turns":5}],"seed_played":"-719935773792415022","potions_obtained":[{"floor":1,"key":"DuplicationPotion"},{"floor":6,"key":"Swift Potion"},{"floor":10,"key":"Death Potion"},{"floor":14,"key":"Energy Potion"},{"floor":16,"key":"Weak Potion"},{"floor":19,"key":"Death Potion"},{"floor":20,"key":"Block Potion"},{"floor":22,"key":"Death Potion"}],"is_trial":false,"path_per_floor":["M","M","?","M","M","E","M","?","T","E","M","M","M","M","R","B",null,"M","M","M","?","M","R","E"],"character_chosen":"DEFECT","items_purchased":[],"campfire_rested":1,"item_purchase_floors":[],"current_hp_per_floor":[74,72,72,61,54,31,31,31,31,19,17,17,17,17,39,27,63,63,44,32,32,8,30,0,0],"gold":464,"neow_bonus":"TRANSFORM_CARD","is_daily":false,"chose_seed":false,"campfire_upgraded":0,"win_rate":0.0,"timestamp":1609215672,"path_taken":["M","M","?","M","M","E","M","?","T","E","M","M","M","M","R","BOSS","M","M","M","?","M","R","E"],"items_purchased_type":[],"build_version":"2020-12-22","purchased_purges":0,"victory":false,"max_hp_per_floor":[75,75,75,75,75,75,75,75,75,75,75,75,75,75,75,75,75,75,75,75,75,75,75,75,75],"card_choices":[{"not_picked":["ReplaySolidLightProjector","Rebound"],"picked":"Sweeping Beam","floor":1},{"not_picked":["Gash","Stack"],"picked":"Barrage","floor":2},{"not_picked":["Stack","Undo"],"picked":"Ball Lightning","floor":4},{"not_picked":["Gash","Undo"],"picked":"Conserve Battery","floor":5},{"not_picked":["Stack","ReplayTheSpireMod:GoodbyeWorld"],"picked":"Cold Snap","floor":6},{"not_picked":["Turbo","Doom and Gloom"],"picked":"Sweeping Beam","floor":7},{"not_picked":["Barrage","Sweeping Beam","Heatsinks"],"picked":"SKIP","floor":10},{"not_picked":["Panic Button","Turbo"],"picked":"Streamline","floor":11},{"not_picked":["hubris:Prefetch","Sweeping Beam"],"picked":"Capacitor","floor":12},{"not_picked":["Stack","Cold Snap"],"picked":"FTL","floor":13},{"not_picked":["Gash","Compile Driver"],"picked":"Leap","floor":14},{"not_picked":["Machine Learning","hubris:SpecializedCircuitry"],"picked":"Seek","floor":16},{"not_picked":["Doom and Gloom","Turbo"],"picked":"Double Energy","floor":18},{"not_picked":["Gash","Aggregate"],"picked":"Beam Cell+1","floor":19},{"not_picked":["Ball Lightning+1","Compile Driver"],"picked":"Sunder","floor":20},{"not_picked":["Meteor Strike","Sweeping Beam"],"picked":"Hologram","floor":22}],"player_experience":267418,"relics_obtained":[{"floor":6,"key":"ReplayTheSpireMod:Shallot"},{"floor":10,"key":"War Paint"}],"event_choices":[{"damage_healed":0,"gold_gain":0,"player_choice":"Ignored","damage_taken":0,"max_hp_gain":0,"max_hp_loss":0,"event_name":"Liars Game","floor":3,"gold_loss":0}],"is_beta":false,"boss_relics":[{"not_picked":["Kintsugi","ReplayTheSpireMod:DimensionalGlitch"],"picked":"hubris:ScarierMask"}],"items_purged_floors":[],"is_endless":false,"potions_floor_spawned":[1,6,10,14,16,19,20,22],"killed_by":"Book of Stabbing","ascension_level":5}}