{"host":"ko0mgl3op33mqgxv","time":1609211463,"event":{"mods":["BaseMod","Filter the Spire","Minty Spire (QoL Compilation)"],"gold_per_floor":[115,132,146,160,179,209,219,219,219,203,203,203,28,56,56,161,211,231,250,262,172,53,53,72,85,85,112,112,112,60,74,74,186,186,214,243,262,283,305,346,346,346],"floor_reached":41,"playtime":3117,"items_purged":["Defend_G"],"score":535,"play_id":"c926ab45-e9ec-4de9-b70a-2098b44c678c","local_time":"20201228191103","is_ascension_mode":true,"campfire_choices":[{"floor":11,"key":"REST"},{"data":"Poisoned Stab","floor":15,"key":"SMITH"},{"data":"Accuracy","floor":23,"key":"SMITH"},{"floor":28,"key":"REST"},{"floor":32,"key":"REST"}],"circlet_count":0,"master_deck":["Strike_G","Strike_G","Strike_G+1","Strike_G","Defend_G+1","Defend_G","Defend_G","Defend_G+1","Survivor+1","Neutralize","Footwork+1","Prepared","Poisoned Stab+1","Footwork","Footwork","Dodge and Roll+1","Deflect+1","Backflip+1","Neutralize","Night Terror+1","Quick Slash","Blade Dance+1","Burst+1","Leg Sweep+1","Blade Dance+1","Envenom","Crippling Poison+1","Accuracy+1","Finisher","Backstab+1","Crippling Poison+1","Accuracy","Adrenaline+1","Poisoned Stab+1","Acrobatics+1","Sucker Punch","Calculated Gamble+1","Corpse Explosion+1"],"relics":["Black Star","Toxic Egg 2","CaptainsWheel","War Paint","Art of War","Darkstone Periapt","Tiny House","The Courier","Oddly Smooth Stone","Matryoshka","CeramicFish","White Beast Statue","WristBlade","Dream Catcher","Strawberry"],"acts_visited":["Exordium","TheCity","TheBeyond"],"potions_floor_usage":[14,16,19,27,27,27,33,40,40],"damage_taken":[{"damage":0.0,"enemies":"2 Louse","floor":1.0,"turns":4.0},{"damage":6.0,"enemies":"Cultist","floor":2.0,"turns":5.0},{"damage":5.0,"enemies":"Small Slimes","floor":3.0,"turns":5.0},{"damage":21.0,"enemies":"Exordium Thugs","floor":4.0,"turns":7.0},{"damage":1.0,"enemies":"Looter","floor":5.0,"turns":4.0},{"damage":27.0,"enemies":"3 Sentries","floor":6.0,"turns":17.0},{"damage":1.0,"enemies":"Red Slaver","floor":7.0,"turns":5.0},{"damage":1,"enemies":"Exordium Thugs","floor":10,"turns":4},{"damage":8,"enemies":"Gremlin Nob","floor":14,"turns":6},{"damage":12,"enemies":"Slime Boss","floor":16,"turns":13},{"damage":2,"enemies":"Chosen","floor":18,"turns":12},{"damage":0,"enemies":"3 Byrds","floor":19,"turns":6},{"damage":19,"enemies":"Centurion and Healer","floor":20,"turns":10},{"damage":0,"enemies":"Chosen and Byrds","floor":24,"turns":4},{"damage":11,"enemies":"Snake Plant","floor":25,"turns":7},{"damage":38,"enemies":"Gremlin Leader","floor":27,"turns":8},{"damage":9,"enemies":"Cultist and Chosen","floor":31,"turns":6},{"damage":33,"enemies":"Automaton","floor":33,"turns":12},{"damage":0,"enemies":"3 Darklings","floor":35,"turns":6},{"damage":0,"enemies":"Orb Walker","floor":36,"turns":2},{"damage":45,"enemies":"Spire Growth","floor":37,"turns":6},{"damage":0,"enemies":"Transient","floor":38,"turns":5},{"damage":28,"enemies":"Maw","floor":39,"turns":8},{"damage":0,"enemies":"Giant Head","floor":40,"turns":7},{"damage":10,"enemies":"Jaw Worm Horde","floor":41,"turns":2}],"seed_played":"-4340147257308645426","potions_obtained":[{"floor":1.0,"key":"GamblersBrew"},{"floor":4.0,"key":"LiquidBronze"},{"floor":5.0,"key":"Block Potion"},{"floor":14,"key":"Regen Potion"},{"floor":17,"key":"Fire Potion"},{"floor":18,"key":"SkillPotion"},{"floor":24,"key":"Weak Potion"},{"floor":25,"key":"Explosive Potion"},{"floor":31,"key":"AttackPotion"},{"floor":33,"key":"LiquidMemories"},{"floor":35,"key":"FearPotion"},{"floor":36,"key":"BlessingOfTheForge"},{"floor":39,"key":"SkillPotion"},{"floor":40,"key":"Poison Potion"}],"is_trial":false,"path_per_floor":["M","M","M","M","M","E","M","?","T","M","R","?","$","E","R","B",null,"M","M","M","?","$","R","M","M","T","E","R","T","$","M","R","B",null,"M","M","M","M","M","E","M"],"character_chosen":"THE_SILENT","items_purchased":["Quick Slash","Energy Potion","Crippling Poison+1","Accuracy","Accuracy"],"campfire_rested":3,"item_purchase_floors":[13,13,22,22,30],"current_hp_per_floor":[70,64,59,38,37,10,9,9,9,8,29,29,29,21,21,24,75,73,73,54,54,54,54,54,43,43,5,27,27,27,18,40,7,75,75,75,30,30,2,9,0,0],"gold":346,"neow_bonus":"BOSS_RELIC","is_daily":false,"chose_seed":false,"campfire_upgraded":2,"win_rate":0.0,"timestamp":1609211463,"path_taken":["M","M","M","M","M","E","M","?","T","?","R","?","?","E","R","BOSS","M","M","M","?","$","R","?","M","T","E","R","?","$","M","R","BOSS","M","M","M","M","M","E","M"],"items_purchased_type":["Card","Potion","Card","Card","Card"],"build_version":"2020-12-22","purchased_purges":1,"victory":false,"max_hp_per_floor":[70,70,70,70,70,70,70,70,70,70,70,70,70,70,70,70,75,75,75,75,75,75,75,75,75,75,75,75,75,75,75,75,75,75,75,75,75,75,75,82,82,82],"card_choices":[{"not_picked":["Quick Slash","Choke"],"picked":"Footwork","floor":1.0},{"not_picked":["Finisher","All Out Attack"],"picked":"Prepared","floor":2.0},{"not_picked":["Sucker Punch","Dagger Throw"],"picked":"Poisoned Stab","floor":3.0},{"not_picked":["Dagger Throw","Bouncing Flask"],"picked":"Footwork","floor":4.0},{"not_picked":["Quick Slash","Choke"],"picked":"Footwork","floor":5.0},{"not_picked":["Unload","A Thousand Cuts"],"picked":"Dodge and Roll+1","floor":6.0},{"not_picked":["Flying Knee","Prepared+1"],"picked":"Deflect+1","floor":7.0},{"not_picked":["Underhanded Strike","Catalyst+1"],"picked":"Backflip+1","floor":10},{"not_picked":["Acrobatics+1","Poisoned Stab"],"picked":"Blade Dance+1","floor":14},{"not_picked":["Corpse Explosion+1","Die Die Die"],"picked":"Burst+1","floor":16},{"not_picked":["Backflip+1","Flying Knee"],"picked":"Leg Sweep+1","floor":17},{"not_picked":["Poisoned Stab","Underhanded Strike","Bane"],"picked":"SKIP","floor":18},{"not_picked":["Acrobatics+1","Backflip+1"],"picked":"Blade Dance+1","floor":19},{"not_picked":["Dash","Underhanded Strike"],"picked":"Envenom","floor":20},{"not_picked":["Sucker Punch","Outmaneuver+1"],"picked":"Finisher","floor":24},{"not_picked":["Sucker Punch","Slice"],"picked":"Backstab+1","floor":25},{"not_picked":["Tactician+1","Poisoned Stab"],"picked":"Crippling Poison+1","floor":27},{"not_picked":["Bane","Quick Slash","Predator"],"picked":"SKIP","floor":31},{"not_picked":["Doppelganger+1","Burst+1"],"picked":"Adrenaline+1","floor":33},{"not_picked":["Riddle With Holes","Flying Knee"],"picked":"Poisoned Stab+1","floor":35},{"not_picked":["Deflect+1","Endless Agony"],"picked":"Acrobatics+1","floor":36},{"not_picked":["Eviscerate+1","Finisher","Bane"],"picked":"SKIP","floor":37},{"not_picked":["Expertise+1","PiercingWail+1"],"picked":"Sucker Punch","floor":38},{"not_picked":["Prepared+1","Outmaneuver+1"],"picked":"Calculated Gamble+1","floor":39},{"not_picked":["Prepared+1","Bullet Time+1"],"picked":"Corpse Explosion+1","floor":40}],"player_experience":711392,"relics_obtained":[{"floor":6.0,"key":"Toxic Egg 2"},{"floor":6.0,"key":"CaptainsWheel"},{"floor":9.0,"key":"War Paint"},{"floor":14,"key":"Art of War"},{"floor":14,"key":"Darkstone Periapt"},{"floor":26,"key":"The Courier"},{"floor":27,"key":"Oddly Smooth Stone"},{"floor":27,"key":"Matryoshka"},{"floor":29,"key":"CeramicFish"},{"floor":29,"key":"White Beast Statue"},{"floor":40,"key":"Dream Catcher"},{"floor":40,"key":"Strawberry"}],"event_choices":[{"damage_healed":0.0,"max_hp_gain":0.0,"max_hp_loss":0.0,"gold_gain":0.0,"event_name":"Accursed Blacksmith","player_choice":"Forge","floor":8.0,"gold_loss":0.0,"damage_taken":0.0,"cards_upgraded":["Footwork"]},{"damage_healed":0,"gold_gain":0,"player_choice":"2 cards matched","damage_taken":0,"max_hp_gain":0,"max_hp_loss":0,"event_name":"Match and Keep!","floor":12,"gold_loss":0,"cards_obtained":["Neutralize","Night Terror"]},{"cards_removed":["Strike_G"],"damage_healed":0,"gold_gain":0,"player_choice":"Upgrade and Remove","damage_taken":0,"max_hp_gain":0,"max_hp_loss":0,"event_name":"Designer","floor":21,"gold_loss":90,"cards_upgraded":["Defend_G"]}],"is_beta":false,"boss_relics":[{"not_picked":["Snecko Eye","HoveringKite"],"picked":"Tiny House"},{"not_picked":["Velvet Choker","Pandora\u0027s Box"],"picked":"WristBlade"}],"items_purged_floors":[13],"is_endless":false,"potions_floor_spawned":[1,4,5,14,18,24,25,31,33,35,36,37,38,39,40],"killed_by":"Jaw Worm Horde","ascension_level":1}}