{"host":"ix2a18c4ohfsrslv","time":1609220645,"event":{"mods":["BaseMod","Better Third Choice","Downfall","Minty Spire (QoL Compilation)","Replay The Spire","StSLib","The Disciple"],"gold_per_floor":[116,13,13,23,93,125,125,157,157,157,10,10,10,20,20,123,123,136,136,8,8,27,27,39,39,39,58,58,58,76,76,107,126,126,231,231,244,244,244,261,277,308,308,326,326,326,326,326,353,353,353,353,353,353,20,52,52,52],"floor_reached":57,"playtime":4227,"items_purged":[],"score":716,"play_id":"69d346f5-5606-4f93-880e-fbf10f5d38c3","local_time":"20201228214405","is_ascension_mode":false,"campfire_choices":[{"data":"ExoVibe","floor":7,"key":"SMITH"},{"floor":15,"key":"DIG"},{"data":"PrimeTime","floor":23,"key":"SMITH"},{"data":"Keepsakes","floor":31,"key":"SMITH"},{"data":"Accruing","floor":34,"key":"SMITH"},{"floor":43,"key":"RECALL"},{"floor":46,"key":"REST"},{"data":"LockedBlood","floor":51,"key":"SMITH"},{"data":"expansioncontent:CaCaw","floor":54,"key":"SMITH"}],"circlet_count":0,"master_deck":["Allegro+1","Strike_Br+1","Strike_Br+1","Strike_Br+1","Strike_Br+1","Defend_Br+1","Defend_Br+1","Defend_Br+1","SecondHand+1","PatternShift+1","LockedPlans+1","ReapSow+27","LockedAnchor+1","Echoward+1","LockedScales+1","ExoVibe+17","LockedAnchor+1","Regret","PrimeTime+1","LockedAstrolabe+1","LockedTornado+1","CrunchTime+1","FormalWear+1","PrimeTime+1","Keepsakes+1","ResonantCall+1","SlimeSpray+1","RageCommand+1","Accruing+1","OldTimer+1","AbeCurse","DaylightSavings+9","LockedScales+1","Facsimile+1","expansioncontent:CaCaw+1","LockedBlood+1","LockedThread","LockedMedicine"],"relics":["Chronometer","NeowsBlessing","Vajra","Replay:Bottled Snecko","Oddly Smooth Stone","Divine Protection","IceCream?","Lee\u0027s Waffle","Juzu Bracelet","ReplayFunnel","Replay:Grab Bag","Sozu","ReplayTheSpireMod:Onyx Gauntlets","Snecko Eye","Metronome","Shuriken","Red Mask","Abe\u0027s Treasure","Mark of the Bloom","Orichalcum","Mummified Hand","Kunai","Toy Ornithopter"],"acts_visited":["Exordium","TheCity","TheBeyond","TheEnding"],"potions_floor_usage":[16,52,52],"damage_taken":[{"damage":0,"enemies":"Small Slimes","floor":1,"turns":1},{"damage":0,"enemies":"2 Louse","floor":4,"turns":1},{"damage":0,"enemies":"Lagavulin","floor":6,"turns":1},{"damage":18,"enemies":"Gremlin Nob","floor":8,"turns":6},{"damage":0,"enemies":"Jaw Worm","floor":14,"turns":5},{"damage":17,"enemies":"Slime Boss","floor":16,"turns":13},{"damage":0,"enemies":"Chosen","floor":18,"turns":5},{"damage":2,"enemies":"3 Byrds","floor":22,"turns":5},{"damage":0,"enemies":"Centurion and Healer","floor":24,"turns":4},{"damage":6,"enemies":"Shelled Parasite and Fungi","floor":27,"turns":4},{"damage":0,"enemies":"Cultist and Chosen","floor":30,"turns":5},{"damage":0,"enemies":"Masked Bandits","floor":32,"turns":4},{"damage":0,"enemies":"Snake Plant","floor":33,"turns":3},{"damage":0,"enemies":"Automaton","floor":35,"turns":7},{"damage":0,"enemies":"Orb Walker","floor":37,"turns":3},{"damage":5,"enemies":"3 Darklings","floor":40,"turns":4},{"damage":0,"enemies":"Maw","floor":41,"turns":5},{"damage":0,"enemies":"Reptomancer","floor":42,"turns":4},{"damage":0,"enemies":"Jaw Worm Horde","floor":44,"turns":3},{"damage":0,"enemies":"Giant Head","floor":49,"turns":6},{"damage":0,"enemies":"Replay:Hell Engine","floor":52,"turns":9},{"damage":27,"enemies":"Shield and Spear","floor":56,"turns":5},{"damage":59,"enemies":"The Heart","floor":57,"turns":7}],"seed_played":"-4367109613479827244","potions_obtained":[{"floor":1,"key":"hexamod:EctoCoolerPotion"},{"floor":5,"key":"Regen Potion"},{"floor":5,"key":"Doom Potion"},{"floor":6,"key":"LiquidBronze"},{"floor":14,"key":"Regen Potion"}],"is_trial":false,"path_per_floor":["M","$","?","M","?","E","R","E","T","?","$","?","?","M","R","B",null,"M","?","$","?","M","R","M","PTL","PTL","M","T","?","M","R","?","M","R","B",null,"M","?","?","M","M","E","R","M","T","R","?","?","E","?","R","B",null,"R","$","E","B"],"character_chosen":"CHRONO_CLASS","items_purchased":["ReapSow","LockedAnchor","Lee\u0027s Waffle","CrunchTime","FormalWear","Kunai","LockedThread"],"campfire_rested":1,"item_purchase_floors":[2,2,11,20,20,55,55],"current_hp_per_floor":[65,65,65,65,65,65,65,47,47,47,72,72,72,72,72,55,72,72,72,72,72,70,70,70,70,70,64,64,64,64,64,64,64,64,64,72,72,68,68,63,63,63,63,63,63,63,63,63,63,63,63,63,63,63,63,36,0,0],"gold":52,"neow_bonus":"THREE_ENEMY_KILL","is_daily":false,"chose_seed":false,"campfire_upgraded":6,"win_rate":0.0,"timestamp":1609220645,"path_taken":["M","$","?","M","?","E","R","E","T","?","?","?","?","M","R","BOSS","M","?","$","?","M","R","M","PTL","PTL","M","T","?","M","R","?","M","R","BOSS","M","?","?","M","M","E","R","M","T","R","?","?","E","?","R","BOSS","R","$","E","BOSS"],"items_purchased_type":["Card","Card","Relic","Card","Card","Relic","Card"],"build_version":"2020-12-22","purchased_purges":0,"victory":false,"max_hp_per_floor":[65,65,65,65,65,65,65,65,65,65,72,72,72,72,72,72,72,72,72,72,72,72,72,72,72,72,72,72,72,72,72,72,72,72,72,72,72,68,68,68,68,68,68,68,68,68,68,68,68,68,68,68,68,68,68,68,68,68],"card_choices":[{"not_picked":["Facsimile","LockedMedicine"],"picked":"LockedPlans","floor":1},{"not_picked":["BlueShift","LockedPlans"],"picked":"Echoward","floor":4},{"not_picked":["AlternateTimeline","Engulf"],"picked":"LockedScales","floor":5},{"not_picked":["WatchCommand","ResonantCall"],"picked":"ExoVibe","floor":6},{"not_picked":["AlternateTimeline","Parity"],"picked":"LockedAnchor","floor":8},{"not_picked":["BlueShift","BiteCommand"],"picked":"PrimeTime","floor":14},{"not_picked":["Chronoelasticity","Echonomics"],"picked":"LockedAstrolabe","floor":16},{"not_picked":["ExoVibe+1","LockedTurtyl"],"picked":"LockedTornado","floor":18},{"not_picked":["Break","WatchCommand+1"],"picked":"PrimeTime","floor":22},{"not_picked":["BlueShift","Engulf+1"],"picked":"Keepsakes","floor":24},{"not_picked":["CrunchTime","Goo"],"picked":"ResonantCall","floor":27},{"not_picked":["Parity+1","ExoVibe"],"picked":"SlimeSpray+1","floor":30},{"not_picked":["CrunchTime","ResonantCall+1"],"picked":"RageCommand","floor":32},{"not_picked":["Parity","LockedAnchor+1"],"picked":"Accruing","floor":33},{"not_picked":["Chronoelasticity","OverTime"],"picked":"OldTimer","floor":35},{"not_picked":["HandsUpC","Tempo+1"],"picked":"DaylightSavings+1","floor":37},{"not_picked":["Break","Stagnate","TiringSlam"],"picked":"SKIP","floor":40},{"not_picked":["LockedMedicine","BeatsPerMinute+1"],"picked":"LockedScales+1","floor":41},{"not_picked":["RageCommand","LockedTornado+1"],"picked":"Facsimile+1","floor":42},{"not_picked":["ReapSow","Parity","HandsUpB+1"],"picked":"SKIP","floor":44},{"not_picked":["Survey Options","Mind Blast"],"picked":"expansioncontent:CaCaw","floor":47},{"not_picked":["LockedScales+1","FormalWear"],"picked":"LockedBlood","floor":49},{"not_picked":["WatchCommand","Keepsakes+1"],"picked":"LockedMedicine","floor":56}],"player_experience":157362,"relics_obtained":[{"floor":5,"key":"Vajra"},{"floor":6,"key":"Replay:Bottled Snecko"},{"floor":8,"key":"Oddly Smooth Stone"},{"floor":9,"key":"Divine Protection"},{"floor":15,"key":"ReplayFunnel"},{"floor":28,"key":"Shuriken"},{"floor":32,"key":"Red Mask"},{"floor":42,"key":"Orichalcum"},{"floor":49,"key":"Mummified Hand"},{"floor":56,"key":"Toy Ornithopter"}],"event_choices":[{"damage_healed":0,"gold_gain":0,"player_choice":"Grow","damage_taken":0,"max_hp_gain":0,"max_hp_loss":0,"event_name":"Living Wall","floor":3,"gold_loss":0,"cards_upgraded":["ReapSow"]},{"damage_healed":0,"gold_gain":0,"player_choice":"Box","damage_taken":0,"relics_obtained":["Juzu Bracelet"],"max_hp_gain":0,"max_hp_loss":0,"event_name":"Big Fish","floor":12,"gold_loss":0,"cards_obtained":["Regret"]},{"damage_healed":0,"gold_gain":0,"player_choice":"Upgraded","damage_taken":0,"max_hp_gain":0,"max_hp_loss":0,"event_name":"Upgrade Shrine","floor":21,"gold_loss":0,"cards_upgraded":["FormalWear"]},{"damage_healed":0,"gold_gain":0,"player_choice":"Fought Bandits","damage_taken":0,"max_hp_gain":0,"max_hp_loss":0,"event_name":"Masked Bandits","floor":32,"gold_loss":0},{"damage_healed":0,"gold_gain":0,"player_choice":"Max HP","damage_taken":0,"max_hp_gain":0,"max_hp_loss":4,"event_name":"Winding Halls","floor":38,"gold_loss":0},{"damage_healed":0,"gold_gain":0,"player_choice":"Upgrade","damage_taken":0,"relics_obtained":["Mark of the Bloom"],"max_hp_gain":0,"max_hp_loss":0,"event_name":"MindBloom","floor":39,"gold_loss":0,"cards_upgraded":["Strike_Br","Strike_Br","Strike_Br","Strike_Br","Defend_Br","Defend_Br","Defend_Br","SecondHand","PatternShift","LockedPlans","LockedAnchor","Echoward","LockedScales","LockedAnchor","PrimeTime","LockedAstrolabe","LockedTornado","CrunchTime","ResonantCall","RageCommand","OldTimer"]},{"damage_healed":0,"gold_gain":0,"player_choice":"Memory 1","damage_taken":0,"max_hp_gain":0,"max_hp_loss":0,"event_name":"SensoryStone","floor":47,"gold_loss":0},{"damage_healed":0,"gold_gain":0,"player_choice":"Got Potions","damage_taken":0,"max_hp_gain":0,"max_hp_loss":0,"event_name":"Lab","floor":48,"gold_loss":0},{"damage_healed":0,"gold_gain":0,"player_choice":"Ignored","damage_taken":0,"max_hp_gain":0,"max_hp_loss":0,"event_name":"Mysterious Sphere","floor":50,"gold_loss":0}],"is_beta":false,"boss_relics":[{"not_picked":["Runic Dome","Painkiller Herb"],"picked":"Replay:Grab Bag"},{"not_picked":["Velvet Choker","Ectoplasm"],"picked":"Sozu"},{"not_picked":["Replay:Bronze Core","Busted Crown"],"picked":"ReplayTheSpireMod:Onyx Gauntlets"},{"not_picked":["Empty Cage","SlaversCollar"],"picked":"Snecko Eye"},{"not_picked":["SacredBark","Pandora\u0027s Box"],"picked":"Metronome"},{"not_picked":["Tiny House","ReplayTheSpireMod:DimensionalGlitch"],"picked":"Abe\u0027s Treasure"}],"items_purged_floors":[],"is_endless":false,"potions_floor_spawned":[1,6,14,22,35,40,41,42],"killed_by":"The Heart","ascension_level":0}}