{"host":"sxnl403xm2xmiyj1","time":1609208006,"event":{"mods":["AchievementEnabler","BaseMod","Colored Map","Keyboard Shortcuts","Minty Spire (QoL Compilation)","Quick Restart","StSLib","SuperFastMode"],"gold_per_floor":[111,16,27,39,39,74,74,91,91,91,109,127,127,141,141,141,141],"floor_reached":16,"playtime":460,"items_purged":[],"score":150,"play_id":"9852aeac-4b4a-4fe2-a1aa-3871a344cf29","local_time":"20201229111326","is_ascension_mode":true,"campfire_choices":[{"data":"Feed","floor":7.0,"key":"SMITH"},{"data":"Searing Blow","floor":10,"key":"SMITH"},{"data":"Searing Blow+1","floor":13,"key":"SMITH"},{"data":"Searing Blow+2","floor":15,"key":"SMITH"}],"circlet_count":0,"master_deck":["Strike_R","Strike_R","Strike_R","Strike_R","Strike_R","Defend_R","Defend_R","Defend_R","Defend_R","Bash","Feed+1","Pommel Strike","Seeing Red","Shrug It Off","Feel No Pain","True Grit+1","Searing Blow+3","Disarm","Pommel Strike","Burning Pact","Metallicize"],"relics":["Burning Blood","Unceasing Top","Kunai"],"acts_visited":["Exordium"],"potions_floor_usage":[14,16,16],"damage_taken":[{"damage":7.0,"enemies":"2 Louse","floor":1.0,"turns":3.0},{"damage":2.0,"enemies":"Jaw Worm","floor":3.0,"turns":4.0},{"damage":0.0,"enemies":"Cultist","floor":4.0,"turns":2.0},{"damage":42.0,"enemies":"Lagavulin","floor":6.0,"turns":9.0},{"damage":3.0,"enemies":"Blue Slaver","floor":8.0,"turns":5.0},{"damage":2,"enemies":"Exordium Thugs","floor":11,"turns":5},{"damage":5,"enemies":"Red Slaver","floor":12,"turns":3},{"damage":15,"enemies":"Blue Slaver","floor":14,"turns":6},{"damage":56,"enemies":"Hexaghost","floor":16,"turns":16}],"seed_played":"4826790580611013415","potions_obtained":[{"floor":1.0,"key":"EntropicBrew"},{"floor":6.0,"key":"PowerPotion"},{"floor":8.0,"key":"Block Potion"},{"floor":12,"key":"AttackPotion"}],"is_trial":false,"path_per_floor":["M","$","M","M","?","E","R","M","T","R","M","M","R","M","R","B"],"character_chosen":"IRONCLAD","items_purchased":["Seeing Red","Shrug It Off"],"campfire_rested":0,"item_purchase_floors":[2,2],"current_hp_per_floor":[58,58,65,74,74,41,41,48,48,48,56,61,61,56,56,0,0],"gold":141,"neow_bonus":"THREE_RARE_CARDS","is_daily":false,"chose_seed":false,"campfire_upgraded":4,"win_rate":0.0,"timestamp":1609208006,"path_taken":["M","$","M","M","?","E","R","M","T","R","M","M","R","M","R","BOSS"],"items_purchased_type":["Card","Card"],"build_version":"2020-12-22","purchased_purges":0,"victory":false,"max_hp_per_floor":[83,83,86,89,89,92,92,96,96,96,100,104,104,108,108,108,108],"card_choices":[{"not_picked":["Offering","Exhume"],"picked":"Feed","floor":0.0},{"not_picked":["Reckless Charge","Anger"],"picked":"Pommel Strike","floor":1.0},{"not_picked":["Pummel","Perfected Strike"],"picked":"Feel No Pain","floor":3.0},{"not_picked":["Cleave","Shrug It Off"],"picked":"True Grit","floor":4.0},{"not_picked":["Twin Strike","Anger"],"picked":"Searing Blow","floor":6.0},{"not_picked":["Sword Boomerang","Clash"],"picked":"Disarm","floor":8.0},{"not_picked":["Clothesline","Dropkick"],"picked":"Pommel Strike","floor":11},{"not_picked":["Perfected Strike","Whirlwind"],"picked":"Burning Pact","floor":12},{"not_picked":["Carnage","Cleave"],"picked":"Metallicize","floor":14}],"player_experience":133632,"relics_obtained":[{"floor":6.0,"key":"Unceasing Top"},{"floor":9,"key":"Kunai"}],"event_choices":[{"damage_healed":0.0,"max_hp_gain":0.0,"max_hp_loss":0.0,"gold_gain":0.0,"event_name":"Living Wall","player_choice":"Grow","floor":5.0,"gold_loss":0.0,"damage_taken":0.0,"cards_upgraded":["True Grit"]}],"is_beta":false,"boss_relics":[],"items_purged_floors":[],"is_endless":false,"potions_floor_spawned":[1,6,8,12],"killed_by":"Hexaghost","ascension_level":4}}