{"host":"0ou67mf9sr8h1ec9","time":1609224401,"event":{"mods":["AchievementEnabler","BaseMod","Downfall","Hubris","Infinite Spire","Minty Spire (QoL Compilation)","Practice Mode","Quick Restart","StSLib","The Necromancer","Trackpad"],"gold_per_floor":[119,8,20,20,20,45,63,63,63,78,78,98,125,125,125,229,229,343,360,48,148,158,158,183,183,183,183,183,214,229,241,241,341,341,358,408,408,119,119,119,0,0,26,38,72,90,108,126,126,126],"floor_reached":51,"playtime":1536,"items_purged":["Defend_B","Strike_B","Strike_B"],"score":840,"play_id":"95f8a6bf-aa02-488a-91e8-908dacf1adf3","local_time":"20201228234641","is_ascension_mode":false,"campfire_choices":[{"data":"Storm","floor":11.0,"key":"SMITH"},{"data":"Zap","floor":15.0,"key":"SMITH"},{"data":"Zap","floor":23.0,"key":"SMITH"},{"data":"Biased Cognition","floor":25.0,"key":"SMITH"},{"data":"infinitespire:UltimateForm","floor":28.0,"key":"SMITH"},{"data":"hubris:PowerSurge","floor":32.0,"key":"SMITH"},{"data":"hubris:PowerSurge","floor":40.0,"key":"SMITH"},{"floor":49.0,"key":"REST"}],"circlet_count":0,"master_deck":["Strike_B","Strike_B","Defend_B","Zap+1","Dualcast","Sweeping Beam","hubris:PowerSurge+1","FTL","Biased Cognition+1","Ball Lightning","Zap+1","Ball Lightning","hubris:PowerSurge+1","Electrodynamics","Anger","Capacitor+1","Static Discharge","Gash+1","Hello World+1","infinitespire:Collect","Anger+1","Anger","Creative AI","Anger+1","Anger+1","infinitespire:UltimateForm+1","expansioncontent:Collect","Streamline+1","Creative AI","Capacitor+1","Anger+1","Anger+1","Anger+1","hubris:DuctTapeCard"],"relics":["Cracked Core","NeowsBlessing","Orichalcum","PreservedInsect","Potion Belt","trackpad:SappingStone","hubris:Icosahedron","hubris:Backtick","trackpad:BottledAnger","Strawberry","White Beast Statue","hubris:PeanutButter","Empty Cage","trackpad:WondrousWand","infinitespire:Beetle Shell","hubris:BlackHole","Pocketwatch","DollysMirror","Bag of Marbles","Red Mask","Dream Catcher","hubris:DuctTape"],"acts_visited":["Exordium","TheCity","TheBeyond"],"potions_floor_usage":[50,50,50],"damage_taken":[{"damage":0.0,"enemies":"Cultist","floor":1.0,"turns":1.0},{"damage":0.0,"enemies":"Small Slimes","floor":3.0,"turns":1.0},{"damage":0.0,"enemies":"Lagavulin","floor":6.0,"turns":1.0},{"damage":6.0,"enemies":"Jaw Worm","floor":7.0,"turns":2.0},{"damage":6.0,"enemies":"Blue Slaver","floor":10.0,"turns":2.0},{"damage":4.0,"enemies":"Looter","floor":12.0,"turns":2.0},{"damage":28.0,"enemies":"Hexaghost","floor":16.0,"turns":5.0},{"damage":8.0,"enemies":"2 Thieves","floor":18.0,"turns":2.0},{"damage":0.0,"enemies":"Spheric Guardian","floor":19.0,"turns":2.0},{"damage":2.0,"enemies":"Shelled Parasite and Fungi","floor":22.0,"turns":2.0},{"damage":0.0,"enemies":"Gremlin Leader","floor":24.0,"turns":3.0},{"damage":0.0,"enemies":"Book of Stabbing","floor":29.0,"turns":2.0},{"damage":0.0,"enemies":"Cultist and Chosen","floor":30.0,"turns":2.0},{"damage":0.0,"enemies":"Sentry and Sphere","floor":31.0,"turns":1.0},{"damage":16.0,"enemies":"Collector","floor":33.0,"turns":4.0},{"damage":0.0,"enemies":"3 Shapes","floor":35.0,"turns":1.0},{"damage":0.0,"enemies":"Mind Bloom Boss Battle","floor":36.0,"turns":2.0},{"damage":0.0,"enemies":"Orb Walker","floor":44.0,"turns":1.0},{"damage":0.0,"enemies":"Nemesis","floor":45.0,"turns":2.0},{"damage":0.0,"enemies":"Sphere and 2 Shapes","floor":46.0,"turns":2.0},{"damage":0.0,"enemies":"3 Darklings","floor":47.0,"turns":2.0},{"damage":0.0,"enemies":"Spire Growth","floor":48.0,"turns":2.0},{"damage":17,"enemies":"Awakened One","floor":50,"turns":3}],"seed_played":"-256199205745605019","potions_obtained":[{"floor":6.0,"key":"SneckoOil"},{"floor":7.0,"key":"Swift Potion"},{"floor":10.0,"key":"ColorlessPotion"},{"floor":12.0,"key":"SpeedPotion"},{"floor":18.0,"key":"SteroidPotion"},{"floor":19.0,"key":"SteroidPotion"},{"floor":22.0,"key":"Energy Potion"},{"floor":33.0,"key":"Dexterity Potion"},{"floor":35.0,"key":"Fruit Juice"},{"floor":36.0,"key":"BlessingOfTheForge"},{"floor":47.0,"key":"Energy Potion"}],"is_trial":false,"path_per_floor":["M","$","M","?","?","E","M","?","T","M","R","M","T","?","R","B",null,"M","M","$","?","M","R","E","R","T","AVR","R","E","M","M","R","B",null,"M","?","?","$","?","R","?","AVR","T","M","E","M","M","M","R","B",null],"character_chosen":"DEFECT","items_purchased":["hubris:PowerSurge","Strawberry","Static Discharge","DollysMirror","Bag of Marbles"],"campfire_rested":1,"item_purchase_floors":[2,20,20,38,38],"current_hp_per_floor":[75,75,75,75,75,75,69,69,69,63,63,59,59,59,59,31,75,67,67,74,74,72,72,72,72,72,72,72,72,72,72,72,56,82,82,87,87,87,87,87,87,87,87,87,87,87,87,87,87,70],"gold":126,"neow_bonus":"THREE_ENEMY_KILL","is_daily":false,"chose_seed":false,"campfire_upgraded":7,"win_rate":0.0,"timestamp":1609224401,"path_taken":["M","$","M","?","?","E","?","?","T","M","R","M","?","?","R","BOSS","M","M","$","?","M","R","E","R","T","AVR","R","E","M","?","R","BOSS","M","?","?","$","?","R","?","AVR","T","M","E","M","M","M","R","BOSS"],"items_purchased_type":["Card","Relic","Card","Relic","Relic"],"build_version":"2020-12-22","purchased_purges":3,"victory":true,"max_hp_per_floor":[75,75,75,75,75,75,75,75,75,75,75,75,75,75,75,75,75,75,75,82,82,82,82,82,82,82,82,82,82,82,82,82,82,82,82,87,87,87,87,87,87,87,87,87,87,87,87,87,87,87],"card_choices":[{"not_picked":["Conserve Battery","Compile Driver"],"picked":"Sweeping Beam","floor":1.0},{"not_picked":["Compile Driver","Hologram"],"picked":"FTL","floor":3.0},{"not_picked":["Coolheaded","Glacier","Redo"],"picked":"SKIP","floor":6.0},{"not_picked":["Darkness","Streamline"],"picked":"Storm","floor":7.0},{"not_picked":["Barrage","Aggregate","Cold Snap"],"picked":"SKIP","floor":10.0},{"not_picked":["Sweeping Beam","Steam"],"picked":"hubris:PowerSurge","floor":12.0},{"not_picked":["Rainbow","Fission"],"picked":"Electrodynamics","floor":16.0},{"not_picked":["Steam","Conserve Battery","Cold Snap"],"picked":"Anger","floor":18.0},{"not_picked":["Rip and Tear","Go for the Eyes","Anger"],"picked":"Capacitor+1","floor":19.0},{"not_picked":["Streamline","Double Energy","Anger"],"picked":"Gash+1","floor":22.0},{"not_picked":["Darkness","Amplify","Anger+1"],"picked":"Hello World+1","floor":24.0},{"not_picked":["Stack","Compile Driver","Barrage"],"picked":"Anger+1","floor":29.0},{"not_picked":["Steam","Compile Driver","Coolheaded+1"],"picked":"Anger","floor":30.0},{"not_picked":["Doom and Gloom+1","Chill","Melter","Anger"],"picked":"SKIP","floor":31.0},{"not_picked":["Buffer","Multi-Cast","Anger+1"],"picked":"Creative AI","floor":33.0},{"not_picked":["Cold Snap","Coolheaded+1","Go for the Eyes+1"],"picked":"Anger+1","floor":35.0},{"not_picked":["Fusion","Barrage+1","Compile Driver"],"picked":"Anger+1","floor":36.0},{"not_picked":["expansioncontent:YouAreMine","expansioncontent:DarkVoid","expansioncontent:GoopSpray"],"picked":"expansioncontent:Collect","floor":39.0},{"not_picked":["Compile Driver","Hologram","Anger"],"picked":"Streamline+1","floor":44.0},{"not_picked":["Redo","Lockon+1","Anger"],"picked":"Creative AI","floor":45.0},{"not_picked":["Sweeping Beam","Cold Snap","Anger+1"],"picked":"Capacitor+1","floor":46.0},{"not_picked":["Aggregate","Go for the Eyes+1","Compile Driver+1"],"picked":"Anger+1","floor":47.0},{"not_picked":["Aggregate","Beam Cell","Stack+1"],"picked":"Anger+1","floor":48.0},{"not_picked":["Tempest","Stack+1","Beam Cell"],"picked":"Anger+1","floor":49.0}],"player_experience":11847,"relics_obtained":[{"floor":4.0,"key":"Orichalcum"},{"floor":6.0,"key":"PreservedInsect"},{"floor":9.0,"key":"Potion Belt"},{"floor":13.0,"key":"trackpad:SappingStone"},{"floor":24.0,"key":"White Beast Statue"},{"floor":26.0,"key":"hubris:PeanutButter"},{"floor":29.0,"key":"infinitespire:Beetle Shell"},{"floor":36.0,"key":"Pocketwatch"},{"floor":43.0,"key":"Dream Catcher"},{"floor":45.0,"key":"hubris:DuctTape"}],"event_choices":[{"damage_healed":0.0,"max_hp_gain":0.0,"max_hp_loss":0.0,"gold_gain":0.0,"event_name":"Match and Keep!","player_choice":"3 cards matched","floor":5.0,"gold_loss":0.0,"damage_taken":0.0,"cards_obtained":["Biased Cognition","Ball Lightning","Zap"]},{"damage_healed":0.0,"max_hp_gain":0.0,"max_hp_loss":0.0,"gold_gain":100.0,"event_name":"Golden Shrine","player_choice":"Pray","floor":21.0,"gold_loss":0.0,"damage_taken":0.0},{"damage_healed":0.0,"max_hp_gain":0.0,"max_hp_loss":0.0,"gold_gain":0.0,"event_name":"MindBloom","player_choice":"Fight","floor":36.0,"gold_loss":0.0,"damage_taken":0.0},{"damage_healed":0.0,"max_hp_gain":0.0,"max_hp_loss":0.0,"gold_gain":0.0,"event_name":"SensoryStone","player_choice":"Memory 1","floor":39.0,"gold_loss":0.0,"damage_taken":0.0},{"damage_healed":0.0,"max_hp_gain":0.0,"max_hp_loss":0.0,"gold_gain":0.0,"event_name":"Tomb of Lord Red Mask","player_choice":"Paid","floor":41.0,"gold_loss":119.0,"damage_taken":0.0,"relics_obtained":["Red Mask"]}],"is_beta":false,"boss_relics":[{"not_picked":["Philosopher\u0027s Stone","Astrolabe"],"picked":"hubris:Backtick"},{"not_picked":["Runic Dome","Snecko Eye"],"picked":"hubris:BlackHole"}],"items_purged_floors":[2,20,27],"is_endless":false,"potions_floor_spawned":[6,7,10,12,18,19,22,29,30,31,33,35,36,44,45,46,47,48],"ascension_level":0}}