{"host":"lk85u298wfxhyupu","time":1609205065,"event":{"mods":["Act Like it!","BaseMod","Decade(???)","Hallownest","Minty Spire (QoL Compilation)","Small Relic Pack","Spicy Shops","StSLib","Td1madao Mod","The Servant 0.9.4","The Wild Card"],"gold_per_floor":[118,132,60,60,77,107,107,118,196,209,43,63,82,82,82,82,82],"floor_reached":16,"playtime":1722,"items_purged":[],"score":104,"play_id":"e6380088-6eb7-414e-9cab-52b76e144188","local_time":"20201228202425","is_ascension_mode":false,"campfire_choices":[{"floor":7,"key":"REST"},{"floor":15,"key":"REST"}],"circlet_count":0,"master_deck":["theWildCard:BasicStrike","theWildCard:BasicStrike","theWildCard:BasicStrike","theWildCard:BasicStrike","theWildCard:BasicDefend","theWildCard:BasicDefend","theWildCard:BasicDefend","theWildCard:BasicDefend","theWildCard:CallToAdventure+1","theWildCard:Arsene","theWildCard:ArcaneArts","theWildCard:SeveringSlash","theWildCard:StingingStrike","theWildCard:SeveringSlash","theWildCard:Loki","theWildCard:StingingStrike","theWildCard:Lucifer","theWildCard:StingingStrike","theWildCard:MagicMettle","theWildCard:ArchaicAssault+1","theWildCard:PowerOfTheArcana"],"relics":["theWildCard:VelvetContract","Hallownest:DreamNailRelic","TungstenRod","Frozen Eye"],"acts_visited":["Hallownest:Greenpath"],"potions_floor_usage":[],"damage_taken":[{"damage":7,"enemies":"Hallownest:monsterHuskWarrior","floor":1,"turns":3},{"damage":1,"enemies":"Hallownest:monsterHuskGuard","floor":2,"turns":3},{"damage":3,"enemies":"2_ Uuma","floor":5,"turns":3},{"damage":28,"enemies":"Hallownest:eliteCrystalGuardian","floor":6,"turns":8},{"damage":16,"enemies":"Hallownest:Guard_and_Warrior","floor":8,"turns":4},{"damage":26,"enemies":"Hallownest:1_Ooma_and_2_Uuma","floor":10,"turns":3},{"damage":0,"enemies":"Hallownest:monsterAspidMother","floor":12,"turns":2},{"damage":0,"enemies":"Hallownest:Wandering_and_Horned","floor":13,"turns":3},{"damage":39,"enemies":"Hallownest:BossFalseKnight","floor":16,"turns":3}],"seed_played":"7504772424028827815","potions_obtained":[{"floor":8,"key":"SpeedPotion"},{"floor":12,"key":"Fire Potion"}],"is_trial":false,"path_per_floor":["M","M","$","?","M","E","R","M","T","M","$","M","M","?","R","B"],"character_chosen":"THE_WILD_CARD","items_purchased":["theWildCard:StingingStrike","theWildCard:SeveringSlash","Frozen Eye","theWildCard:MagicMettle"],"campfire_rested":2,"item_purchase_floors":[3,3,11,11],"current_hp_per_floor":[59,58,58,58,55,27,46,30,30,4,4,4,4,4,23,0,0],"gold":82,"neow_bonus":"TEN_PERCENT_HP_BONUS","is_daily":false,"chose_seed":false,"campfire_upgraded":0,"win_rate":0.0,"timestamp":1609205065,"path_taken":["M","M","$","?","M","E","R","M","T","?","?","M","M","?","R","BOSS"],"items_purchased_type":["Card","Card","Relic","Card"],"build_version":"2020-12-22","purchased_purges":0,"victory":false,"max_hp_per_floor":[66,66,66,66,66,66,66,66,66,66,66,66,66,66,66,66,66],"card_choices":[{"not_picked":["theWildCard:Unburden","theWildCard:MasterPlan"],"picked":"theWildCard:ArcaneArts","floor":1},{"not_picked":["theWildCard:StingingStrike","theWildCard:SacrificialStroke"],"picked":"theWildCard:SeveringSlash","floor":2},{"not_picked":["theWildCard:Polydeuces","theWildCard:Unburden"],"picked":"theWildCard:Loki","floor":5},{"not_picked":["theWildCard:Attunement","theWildCard:MagicMettle"],"picked":"theWildCard:StingingStrike","floor":6},{"not_picked":["theWildCard:SeveringSlash","theWildCard:ArcaneArts"],"picked":"theWildCard:Lucifer","floor":8},{"not_picked":["theWildCard:Loki","theWildCard:Polydeuces"],"picked":"theWildCard:StingingStrike","floor":10},{"not_picked":["theWildCard:Abstinence","theWildCard:StingingStrike"],"picked":"theWildCard:ArchaicAssault","floor":12},{"not_picked":["theWildCard:PaleRider","theWildCard:MagicalMight"],"picked":"theWildCard:PowerOfTheArcana","floor":13}],"player_experience":16455,"relics_obtained":[{"floor":6,"key":"TungstenRod"}],"event_choices":[],"is_beta":false,"boss_relics":[],"items_purged_floors":[],"is_endless":false,"potions_floor_spawned":[8,12],"killed_by":"Hallownest:BossFalseKnight","ascension_level":0}}