{"host":"6qo42zgaknezulyg","time":1609207958,"event":{"mods":["2.2 Compatiblity","BaseMod","Colored Map","Downfall","Highlight Path","Keyboard Shortcuts","Minty Spire (QoL Compilation)","Permanent Neow","Quick Restart","StSLib","SuperFastMode"],"gold_per_floor":[0,17,29,29,48,58,58,43,43,43,60,86,86,86,104,181,181,181,91,111,111,123,223,223,258,278,278,84,102,114,114,124,196,196,196,214,228,247,247,247,247,74,126,351,376,396,415,76,94,94],"floor_reached":51,"playtime":2058,"items_purged":["champ:Strike","champ:Strike"],"score":1335,"play_id":"d10e9a32-7fa8-4997-bce3-7b15781e22af","local_time":"20201229111238","is_ascension_mode":true,"campfire_choices":[{"data":"champ:SwordThrow","floor":1.0,"key":"SMITH"},{"data":"champ:Control","floor":10.0,"key":"SMITH"},{"floor":13.0,"key":"REST"},{"data":"champ:Control","floor":18.0,"key":"SMITH"},{"data":"champ:Devastate","floor":27.0,"key":"SMITH"},{"floor":35.0,"key":"RECALL"},{"data":"expansioncontent:QuickStudy","floor":44.0,"key":"SMITH"}],"circlet_count":0,"master_deck":["AscendersBane","champ:Defend","champ:Defend","champ:Defend+1","champ:Defend","champ:Execute","champ:Taunt","champ:SwordThrow+1","champ:GutPunch","champ:Control+1","champ:AdrenalArmor","champ:Control+1","champ:AdrenalArmor","champ:VampiricStrike","champ:FaceSlap","champ:FocusedBerserking+1","champ:Devastate+1","champ:Balance","expansioncontent:QuickStudy+1","champ:Encircle+1","champ:RecklessLeap","champ:ArenaPreparation","champ:AdrenalArmor+1","champ:BerserkerStyle+1"],"relics":["champ:ChampionCrown","champ:LiftRelic","champ:SpectersHand","Frozen Egg 2","Letter Opener","champ:PowerArmor","downfall:GremlinWheel","Dead Branch","Juzu Bracelet","Happy Flower","Oddly Smooth Stone","Coffee Dripper","Lizard Tail","Bottled Flame","Anchor","Prayer Wheel","downfall:HeartBlessingRed","FossilizedHelix","Guardian:PocketSentry"],"acts_visited":["Exordium","TheCity","TheBeyond"],"potions_floor_usage":[50,50],"damage_taken":[{"damage":6.0,"enemies":"Cultist","floor":2.0,"turns":3.0},{"damage":9.0,"enemies":"Small Slimes","floor":3.0,"turns":3.0},{"damage":1.0,"enemies":"2 Louse","floor":5.0,"turns":2.0},{"damage":13.0,"enemies":"2 Fungi Beasts","floor":6.0,"turns":2.0},{"damage":17.0,"enemies":"downfall:FleeingMerchant","floor":8.0,"turns":4.0},{"damage":19.0,"enemies":"Lots of Slimes","floor":11.0,"turns":5.0},{"damage":23.0,"enemies":"3 Sentries","floor":12.0,"turns":4.0},{"damage":17.0,"enemies":"Red Slaver","floor":15.0,"turns":2.0},{"damage":51.0,"enemies":"downfall:Ironclad","floor":16.0,"turns":5.0},{"damage":24.0,"enemies":"downfall:FleeingMerchant","floor":19.0,"turns":4.0},{"damage":13.0,"enemies":"Spheric Guardian","floor":20.0,"turns":3.0},{"damage":25.0,"enemies":"Centurion and Healer","floor":22.0,"turns":3.0},{"damage":12.0,"enemies":"Centurion and Healer","floor":23.0,"turns":2.0},{"damage":46.0,"enemies":"Book of Stabbing","floor":25.0,"turns":4.0},{"damage":15.0,"enemies":"Snecko","floor":26.0,"turns":4.0},{"damage":27.0,"enemies":"downfall:FleeingMerchant","floor":28.0,"turns":4.0},{"damage":26.0,"enemies":"Cultist and Chosen","floor":29.0,"turns":4.0},{"damage":6.0,"enemies":"Snake Plant","floor":30.0,"turns":2.0},{"damage":12.0,"enemies":"Centurion and Healer","floor":32.0,"turns":3.0},{"damage":51.0,"enemies":"downfall:Silent","floor":33.0,"turns":6.0},{"damage":52.0,"enemies":"3 Darklings","floor":36.0,"turns":3.0},{"damage":45.0,"enemies":"Orb Walker","floor":37.0,"turns":3.0},{"damage":26.0,"enemies":"Spire Growth","floor":38.0,"turns":3.0},{"damage":31.0,"enemies":"2 Orb Walkers","floor":43.0,"turns":4.0},{"damage":55,"enemies":"Mind Bloom Boss Battle","floor":45,"turns":5},{"damage":40,"enemies":"Transient","floor":46,"turns":6},{"damage":37,"enemies":"4 Shapes","floor":47,"turns":4},{"damage":31,"enemies":"Spire Growth","floor":49,"turns":2},{"damage":35,"enemies":"downfall:Defect","floor":50,"turns":5}],"seed_played":"-3453708988288906505","potions_obtained":[{"floor":2.0,"key":"SteroidPotion"},{"floor":12.0,"key":"GamblersBrew"},{"floor":16.0,"key":"Block Potion"},{"floor":23.0,"key":"champ:CounterPotion"},{"floor":25.0,"key":"LiquidBronze"},{"floor":32.0,"key":"FearPotion"},{"floor":36.0,"key":"Block Potion"},{"floor":45,"key":"Strength Potion"}],"is_trial":false,"path_per_floor":["R","M","M","?","M","M","T","$","?","R","M","E","R","?","M","B",null,"R","$","M","?","M","?","T","E","M","R","$","M","M","?","M","B",null,"R","M","M","M","?","?","T","$","?","R","?","M","M","$","M","B",null],"character_chosen":"THE_CHAMP","items_purchased":["Happy Flower","expansioncontent:QuickStudy","Oddly Smooth Stone","Anchor","champ:BerserkerStyle+1","Guardian:PocketSentry"],"campfire_rested":1,"item_purchase_floors":[28,28,28,42,48,48],"current_hp_per_floor":[73,72,68,68,67,63,63,63,52,52,43,33,57,57,55,24,67,67,67,67,55,69,69,69,76,73,73,81,79,79,79,79,60,76,76,59,68,68,68,68,68,68,68,68,81,81,81,81,81,80],"gold":94,"neow_bonus":"THREE_RARE_CARDS","is_daily":false,"chose_seed":false,"campfire_upgraded":5,"win_rate":0.0,"timestamp":1609207958,"path_taken":["R","M","M","?","M","M","T","$","?","R","M","E","R","?","M","BOSS","R","$","M","?","?","?","T","E","M","R","$","M","M","?","M","BOSS","R","M","M","M","?","?","T","$","?","R","?","M","M","$","M","BOSS"],"items_purchased_type":["Relic","Card","Relic","Relic","Card","Relic"],"build_version":"2020-12-22","purchased_purges":2,"victory":true,"max_hp_per_floor":[81,81,81,81,81,81,81,81,81,81,81,81,81,81,81,81,81,81,81,81,81,81,81,81,81,81,81,81,81,81,81,81,81,81,81,81,81,81,81,81,81,81,81,81,81,81,81,81,81,81],"card_choices":[{"not_picked":["champ:ShieldSlam","champ:EnchantCrown"],"picked":"champ:SwordThrow","floor":0.0},{"not_picked":["champ:CrookedStrike","champ:DefensiveShout"],"picked":"champ:GutPunch","floor":2.0},{"not_picked":["champ:BladeFlurry","champ:DefensiveShout"],"picked":"champ:Control","floor":3.0},{"not_picked":["champ:Circumvent","champ:IronFortress","champ:Lariat"],"picked":"SKIP","floor":5.0},{"not_picked":["champ:Circumvent","champ:SwordSigil"],"picked":"champ:AdrenalArmor","floor":6.0},{"not_picked":["champ:Circumvent","champ:Riposte","champ:StanceDance"],"picked":"SKIP","floor":8.0},{"not_picked":["champ:Haymaker","champ:DefensiveShout"],"picked":"champ:Control","floor":11.0},{"not_picked":["champ:SwordThrow","champ:Haymaker"],"picked":"champ:AdrenalArmor","floor":12.0},{"not_picked":["champ:EnGarde","champ:BerserkersShout","champ:RageSigil"],"picked":"SKIP","floor":15.0},{"not_picked":["champ:CheapShot","champ:PerfectForm+1"],"picked":"champ:VampiricStrike","floor":16.0},{"not_picked":["champ:Haymaker","champ:SkillfulDodge+1"],"picked":"champ:FaceSlap","floor":19.0},{"not_picked":["champ:Haymaker","champ:GutPunch"],"picked":"champ:FocusedBerserking+1","floor":20.0},{"not_picked":["champ:Backstep","champ:FanOfKnives","champ:FlashCut"],"picked":"SKIP","floor":22.0},{"not_picked":["champ:CrookedStrike","champ:BringItOn"],"picked":"champ:Devastate","floor":25.0},{"not_picked":["champ:IronFortress+1","champ:GutPunch"],"picked":"champ:Balance","floor":26.0},{"not_picked":["champ:ViciousMockery","champ:FocusedDefense","champ:DefensiveShout"],"picked":"SKIP","floor":28.0},{"not_picked":["champ:ShieldSigil","champ:FocusedGladiator"],"picked":"champ:Encircle+1","floor":29.0},{"not_picked":["champ:BringItOn","champ:FlashCut","champ:FaceSlap"],"picked":"SKIP","floor":30.0},{"not_picked":["champ:FlashCut","champ:SwordSigil"],"picked":"champ:RecklessLeap","floor":32.0},{"not_picked":["champ:Backstep","champ:TornadoPunch+1","champ:FocusedGladiator+1"],"picked":"SKIP","floor":36.0},{"not_picked":["champ:RisingSlash","champ:Backstep","champ:Haymaker"],"picked":"SKIP","floor":37.0},{"not_picked":["champ:DefensiveStyle+1","champ:Haymaker","champ:ShieldSigil"],"picked":"SKIP","floor":38.0},{"not_picked":["champ:SkillfulDodge+1","champ:BerserkersShout"],"picked":"champ:ArenaPreparation","floor":43.0},{"not_picked":["champ:DeathBlow+1","champ:StanceDance"],"picked":"champ:AdrenalArmor+1","floor":46},{"not_picked":["champ:FalseCounter","champ:FlashCut","champ:Encircle"],"picked":"SKIP","floor":46},{"not_picked":["champ:RageSigil","champ:StanceDance","champ:DeathBlow+1"],"picked":"SKIP","floor":47},{"not_picked":["champ:ShieldWall+1","champ:ShieldSigil","champ:GladiatorStyle+1"],"picked":"SKIP","floor":47},{"not_picked":["champ:EndlessRage+1","champ:BladeFlurry","champ:RageSigil"],"picked":"SKIP","floor":49},{"not_picked":["champ:ArenaPreparation","champ:EnGarde","champ:Devastate"],"picked":"SKIP","floor":49}],"player_experience":1084124,"relics_obtained":[{"floor":7.0,"key":"champ:SpectersHand"},{"floor":12.0,"key":"Letter Opener"},{"floor":23.0,"key":"downfall:GremlinWheel"},{"floor":24.0,"key":"Dead Branch"},{"floor":25.0,"key":"Juzu Bracelet"},{"floor":39.0,"key":"Lizard Tail"},{"floor":41.0,"key":"Bottled Flame"},{"floor":43.0,"key":"Prayer Wheel"},{"floor":45,"key":"FossilizedHelix"}],"event_choices":[{"damage_healed":0.0,"max_hp_gain":0.0,"max_hp_loss":0.0,"gold_gain":0.0,"event_name":"Scrap Ooze","player_choice":"Success","floor":9.0,"gold_loss":0.0,"damage_taken":11.0,"relics_obtained":["Frozen Egg 2"]},{"cards_removed":["champ:Strike"],"damage_healed":0.0,"max_hp_gain":0.0,"max_hp_loss":0.0,"gold_gain":0.0,"event_name":"The Cleric","player_choice":"Card Removal","floor":14.0,"gold_loss":0.0,"damage_taken":0.0},{"damage_healed":0.0,"max_hp_gain":0.0,"max_hp_loss":0.0,"gold_gain":0.0,"event_name":"Mysterious Sphere","player_choice":"Fight","floor":43.0,"gold_loss":0.0,"damage_taken":0.0},{"damage_healed":0.0,"max_hp_gain":0.0,"max_hp_loss":0.0,"gold_gain":300.0,"event_name":"Wheel of Change","player_choice":"Gold","floor":44.0,"gold_loss":0.0,"damage_taken":0.0}],"is_beta":false,"boss_relics":[{"not_picked":["Pandora\u0027s Box","Calling Bell"],"picked":"champ:PowerArmor"},{"not_picked":["Runic Dome","Fusion Hammer"],"picked":"Coffee Dripper"}],"items_purged_floors":[19,48],"is_endless":false,"potions_floor_spawned":[2,12,16,23,25,29,30,32,36,38,45],"ascension_level":19}}