{"host":"4lebci84u2l5u89t","time":1609234255,"event":{"mods":["AchievementEnabler","Aspiration","Bard","BaseMod","Beaked The Cultist","Better Altar","Better Match","Better Note","Better Sensory Stone","Better Skull","Better Third Choice","BetterRewards","CCEM","Colored Map","Conspire","GifTheSpireLib","Googly Eyes","Halation","Hermit","Highlight Path","Hubris","Jedi Mod","Jorbs\u0027s Wanderer Trilogy","Lobotomy","LobotomyExtend","Mad Scientist","Marisa????????","Mimic Mod","Minty Spire (QoL Compilation)","Permanent Neow","Replay The Spire","Shade Mod","Spicy Shops","StSLib","Stuff the Spire","The Administrix","The Mystic","Unceasing Turn Reminder"],"gold_per_floor":[112,130,130,149,149,149,182,182,221,246,258,276,276,301,301,398,398,398,412,412,412,412],"floor_reached":21,"playtime":894,"items_purged":[],"score":247,"play_id":"f7273869-b429-4542-b5ce-5433c6d6d0b0","local_time":"20201229103055","is_ascension_mode":false,"campfire_choices":[],"circlet_count":0,"master_deck":["SpecialBullet","SpecialBullet","SpecialBullet","SpecialBullet","SpecialBullet","SpecialBullet","SpecialBullet","SpecialBullet","SecurityCode","RecordCode","FourthMatchFlame","CherryBlossom","WristCuter","Regret_ego","DisciplinaryCode","FourthMatchFlame","GoldRush+1","HeroicMonk","Adoration+1","NakedNest"],"relics":["CogitoBucket","LetterFromLob","HornCleat","aspiration:EmptySkull","hubris:CuriousFeather","Lantern","conspire:Flyswatter","SkinProphecy","Blue Candle","hubris:RunicObelisk","Moonlight_r"],"acts_visited":["Exordium","TheCity"],"potions_floor_usage":[19,21],"damage_taken":[{"damage":13,"enemies":"2 Louse","floor":1,"turns":2},{"damage":11,"enemies":"Jaw Worm","floor":2,"turns":2},{"damage":10,"enemies":"conspire:RoseBush","floor":4,"turns":2},{"damage":25,"enemies":"Lagavulin","floor":7,"turns":5},{"damage":13,"enemies":"Looter","floor":9,"turns":5},{"damage":0,"enemies":"Gremlin Nob","floor":10,"turns":3},{"damage":0,"enemies":"Looter","floor":11,"turns":1},{"damage":5,"enemies":"Lots of Slimes","floor":12,"turns":3},{"damage":13,"enemies":"3 Sentries","floor":14,"turns":3},{"damage":36,"enemies":"Hexaghost","floor":16,"turns":6},{"damage":5,"enemies":"3 Byrds","floor":19,"turns":3},{"damage":68,"enemies":"Chosen","floor":21,"turns":2}],"seed_played":"8455873135145821829","potions_obtained":[{"floor":4,"key":"Dexterity Potion"},{"floor":12,"key":"Swift Potion"},{"floor":16,"key":"DuplicationPotion"}],"is_trial":false,"path_per_floor":["M","M","?","M","?","R","E","R","MIM","E","M","M","R","E","R","B",null,"M","M","?","M"],"character_chosen":"Angela","items_purchased":[],"campfire_rested":0,"item_purchase_floors":[],"current_hp_per_floor":[65,62,62,60,60,60,47,47,46,58,70,72,72,67,67,58,80,48,61,61,0,0],"gold":412,"neow_bonus":"RANDOM_EVENT","is_daily":false,"chose_seed":false,"campfire_upgraded":0,"win_rate":0.0,"timestamp":1609234255,"path_taken":["M","M","?","M","?","R","E","R","MIM","E","M","M","R","E","R","BOSS","M","M","?","?"],"items_purchased_type":[],"build_version":"2020-12-22","purchased_purges":0,"victory":false,"max_hp_per_floor":[70,70,70,70,70,70,70,70,70,70,70,72,72,74,74,80,80,80,86,86,90,90],"card_choices":[{"not_picked":["Loneliness"],"picked":"FourthMatchFlame","floor":1},{"not_picked":["Galaxy"],"picked":"CherryBlossom","floor":2},{"not_picked":["BloodyDesire"],"picked":"WristCuter","floor":4},{"not_picked":["Adoration"],"picked":"Regret_ego","floor":7},{"not_picked":["Christmas"],"picked":"FourthMatchFlame","floor":9},{"not_picked":["CUTE"],"picked":"GoldRush","floor":10},{"not_picked":["Pleasure","Penitence"],"picked":"SKIP","floor":11},{"not_picked":["RapturousDream","Penitence"],"picked":"SKIP","floor":12},{"not_picked":["TodaysExpression","Spore"],"picked":"SKIP","floor":14},{"not_picked":["PunishingBird","BeautyBeast"],"picked":"HeroicMonk","floor":16},{"not_picked":["Pinks"],"picked":"Adoration","floor":16},{"not_picked":["PunishingBird","SingingMachine"],"picked":"NakedNest","floor":19},{"not_picked":["Diffraction","Discord"],"picked":"SKIP","floor":19}],"player_experience":272120,"relics_obtained":[{"floor":1,"key":"LetterFromLob"},{"floor":7,"key":"hubris:CuriousFeather"},{"floor":9,"key":"Lantern"},{"floor":10,"key":"conspire:Flyswatter"},{"floor":14,"key":"Blue Candle"}],"event_choices":[{"damage_healed":0,"gold_gain":0,"player_choice":"Box","damage_taken":0,"relics_obtained":["aspiration:EmptySkull"],"max_hp_gain":0,"max_hp_loss":0,"event_name":"Big Fish","floor":5,"gold_loss":0,"cards_obtained":["Regret"]},{"damage_healed":0,"gold_gain":0,"player_choice":"Ignored","damage_taken":0,"max_hp_gain":0,"max_hp_loss":0,"event_name":"betterNote:BetterNote","floor":20,"gold_loss":0,"cards_obtained":["beaked:VolatileMisfortune"]}],"is_beta":false,"boss_relics":[{"not_picked":["SacredBark","aspiration:RunicSpoon"],"picked":"hubris:RunicObelisk"}],"items_purged_floors":[],"is_endless":false,"potions_floor_spawned":[1,4,12,16],"killed_by":"Chosen","ascension_level":0}}