{"host":"3t6uby4o5waaq95r","time":1609221168,"event":{"mods":["AchievementEnabler","BaseMod","Bestiary","Colored Map","Highlight Path","Minty Spire (QoL Compilation)","Permanent Neow","Quick Restart","Random Character Button","SuperFastMode"],"gold_per_floor":[109,129,149,202,214,214,232,232,232,232,254,254,284,313,313,443,443,465,465,494,503,60,69,69,78,103,130,55,80,80,80,80,191,191,213,213,240,240,240,240,284,58,111,111,150,123,123,123,123],"floor_reached":48,"playtime":1179,"items_purged":[],"score":503,"play_id":"052b8c4c-9c19-40b5-bb81-72c33b95d241","local_time":"20201228235248","is_ascension_mode":false,"campfire_choices":[{"data":"Beam Cell","floor":6,"key":"SMITH"},{"floor":8,"key":"REST"},{"data":"Zap","floor":10,"key":"SMITH"},{"data":"Auto Shields","floor":15,"key":"SMITH"},{"data":"Writhe","floor":30,"key":"PURGE"},{"data":"Strike_B","floor":32,"key":"PURGE"},{"data":"Defend_B","floor":40,"key":"PURGE"},{"data":"Strike_B","floor":44,"key":"PURGE"},{"floor":47,"key":"REST"}],"circlet_count":0,"master_deck":["Defend_B","Defend_B","Defend_B","Zap+1","Dualcast","Steam","Defragment","Beam Cell+1","Self Repair","Gash","Go for the Eyes","Auto Shields+1","Doom and Gloom","Electrodynamics","Scrape","Rebound","Consume","Go for the Eyes+1","Defragment","Seek","Rebound+1","Hello World+1","Barrage+1","Defragment","Fusion","Hello World"],"relics":["Cracked Core","NeowsBlessing","Toy Ornithopter","CeramicFish","Bloody Idol","Fusion Hammer","Peace Pipe","Happy Flower","Blood Vial","Shuriken","MealTicket","Inserter","Nunchaku","Strawberry","DataDisk","Smiling Mask"],"acts_visited":["Exordium","TheCity","TheBeyond"],"potions_floor_usage":[45],"damage_taken":[{"damage":0,"enemies":"Cultist","floor":1,"turns":1},{"damage":0,"enemies":"2 Louse","floor":2,"turns":1},{"damage":0,"enemies":"Jaw Worm","floor":3,"turns":1},{"damage":9,"enemies":"3 Louse","floor":5,"turns":3},{"damage":26,"enemies":"Large Slime","floor":7,"turns":4},{"damage":9,"enemies":"Exordium Thugs","floor":11,"turns":4},{"damage":10,"enemies":"2 Fungi Beasts","floor":13,"turns":3},{"damage":8,"enemies":"Blue Slaver","floor":14,"turns":3},{"damage":23,"enemies":"The Guardian","floor":16,"turns":11},{"damage":0,"enemies":"3 Byrds","floor":18,"turns":2},{"damage":0,"enemies":"Chosen","floor":20,"turns":4},{"damage":20,"enemies":"Centurion and Healer","floor":27,"turns":6},{"damage":22,"enemies":"Cultist and Chosen","floor":29,"turns":5},{"damage":52,"enemies":"Collector","floor":33,"turns":8},{"damage":10,"enemies":"3 Shapes","floor":35,"turns":4},{"damage":11,"enemies":"3 Darklings","floor":37,"turns":4},{"damage":41,"enemies":"Reptomancer","floor":41,"turns":6},{"damage":91,"enemies":"Nemesis","floor":45,"turns":5},{"damage":68,"enemies":"Jaw Worm Horde","floor":48,"turns":4}],"seed_played":"-404318184579250407","potions_obtained":[{"floor":3,"key":"Regen Potion"},{"floor":5,"key":"GamblersBrew"},{"floor":11,"key":"Weak Potion"},{"floor":14,"key":"LiquidBronze"},{"floor":29,"key":"DuplicationPotion"},{"floor":45,"key":"FearPotion"}],"is_trial":false,"path_per_floor":["M","M","M","T","M","R","M","R","T","R","M","?","M","M","R","B",null,"M","?","M","?","$","?","?","?","T","M","?","M","R","$","R","B",null,"M","?","M","?","?","R","E","$","T","R","E","$","R","M"],"character_chosen":"DEFECT","items_purchased":["Peace Pipe","Happy Flower","Strawberry","Defragment","Hello World"],"campfire_rested":2,"item_purchase_floors":[22,22,42,42,46],"current_hp_per_floor":[75,75,75,75,66,66,40,62,62,62,60,42,39,38,38,22,75,75,75,75,75,75,75,75,75,75,72,72,69,69,75,75,40,75,75,75,75,75,75,75,44,71,76,76,21,41,65,0,0],"gold":123,"neow_bonus":"THREE_ENEMY_KILL","is_daily":false,"chose_seed":false,"campfire_upgraded":3,"win_rate":0.0,"timestamp":1609221168,"path_taken":["M","?","?","?","M","R","M","R","T","R","M","?","M","M","R","BOSS","M","?","M","?","$","?","?","?","T","?","?","M","R","$","R","BOSS","M","?","?","?","?","R","E","$","T","R","E","$","R","M"],"items_purchased_type":["Relic","Relic","Relic","Card","Card"],"build_version":"2020-12-22","purchased_purges":0,"victory":false,"max_hp_per_floor":[75,75,75,75,75,75,75,75,75,75,75,75,75,75,75,75,75,75,75,75,75,75,75,75,75,75,75,75,75,75,75,75,75,75,75,75,75,75,75,75,75,82,82,82,82,82,82,82,82],"card_choices":[{"not_picked":["Coolheaded","Darkness"],"picked":"Steam","floor":1},{"not_picked":["Stack","Compile Driver"],"picked":"Defragment","floor":2},{"not_picked":["Conserve Battery","Compile Driver"],"picked":"Beam Cell","floor":3},{"not_picked":["Sweeping Beam","Reprogram"],"picked":"Self Repair","floor":5},{"not_picked":["Leap","Blizzard"],"picked":"Gash","floor":7},{"not_picked":["Self Repair","Compile Driver"],"picked":"Go for the Eyes","floor":11},{"not_picked":["Fusion","Storm"],"picked":"Auto Shields","floor":13},{"not_picked":["Leap","Stack"],"picked":"Doom and Gloom","floor":14},{"not_picked":["Meteor Strike","All For One"],"picked":"Electrodynamics","floor":16},{"not_picked":["Auto Shields","Beam Cell+1"],"picked":"Scrape","floor":18},{"not_picked":["Steam Power","Self Repair"],"picked":"Rebound","floor":20},{"not_picked":["Turbo","Gash"],"picked":"Go for the Eyes+1","floor":27},{"not_picked":["Heatsinks","Force Field+1"],"picked":"Defragment","floor":29},{"not_picked":["Electrodynamics","Fission"],"picked":"Seek","floor":33},{"not_picked":["Coolheaded+1","Turbo+1"],"picked":"Rebound+1","floor":35},{"not_picked":["Coolheaded","Go for the Eyes+1"],"picked":"Hello World+1","floor":37},{"not_picked":["Go for the Eyes","Force Field"],"picked":"Barrage+1","floor":41},{"not_picked":["Genetic Algorithm","Hyperbeam"],"picked":"Fusion","floor":45}],"player_experience":805248,"relics_obtained":[{"floor":4,"key":"Toy Ornithopter"},{"floor":9,"key":"CeramicFish"},{"floor":26,"key":"MealTicket"},{"floor":41,"key":"Nunchaku"},{"floor":43,"key":"DataDisk"},{"floor":45,"key":"Smiling Mask"}],"event_choices":[{"damage_healed":0,"gold_gain":0,"player_choice":"Take Damage","damage_taken":18,"relics_obtained":["Golden Idol"],"max_hp_gain":0,"max_hp_loss":0,"event_name":"Golden Idol","floor":12,"gold_loss":0},{"damage_healed":0,"gold_gain":0,"player_choice":"Gave Idol","damage_taken":0,"relics_obtained":["Bloody Idol"],"max_hp_gain":0,"max_hp_loss":0,"event_name":"Forgotten Altar","floor":19,"relics_lost":["Golden Idol"],"gold_loss":0},{"damage_healed":0,"gold_gain":0,"player_choice":"Read","damage_taken":0,"max_hp_gain":0,"max_hp_loss":0,"event_name":"The Library","floor":21,"gold_loss":0,"cards_obtained":["Consume"]},{"damage_healed":0,"gold_gain":0,"player_choice":"Stole Relic","damage_taken":0,"relics_obtained":["Blood Vial"],"max_hp_gain":0,"max_hp_loss":0,"event_name":"Addict","floor":23,"gold_loss":0,"cards_obtained":["Shame"]},{"cards_removed":["Strike_B"],"damage_healed":0,"gold_gain":0,"player_choice":"Elegance","damage_taken":0,"max_hp_gain":0,"max_hp_loss":0,"event_name":"Back to Basics","floor":24,"gold_loss":0},{"damage_healed":0,"gold_gain":0,"player_choice":"Opened","damage_taken":0,"relics_obtained":["Shuriken"],"max_hp_gain":0,"max_hp_loss":0,"event_name":"The Mausoleum","floor":25,"gold_loss":0,"cards_obtained":["Writhe"]},{"cards_removed":["Shame"],"damage_healed":0,"gold_gain":0,"player_choice":"Gave Gold","damage_taken":0,"max_hp_gain":0,"max_hp_loss":0,"event_name":"Beggar","floor":28,"gold_loss":75},{"damage_healed":0,"gold_gain":0,"player_choice":"0 cards matched","damage_taken":0,"max_hp_gain":0,"max_hp_loss":0,"event_name":"Match and Keep!","floor":36,"gold_loss":0,"cards_obtained":[]},{"cards_removed":["Strike_B"],"damage_healed":0,"gold_gain":0,"player_choice":"Removed Attack","damage_taken":0,"max_hp_gain":0,"max_hp_loss":0,"event_name":"Falling","floor":38,"gold_loss":0},{"damage_healed":0,"gold_gain":0,"player_choice":"Bought 0 Potions","damage_taken":0,"max_hp_gain":0,"max_hp_loss":0,"event_name":"The Woman in Blue","floor":39,"gold_loss":0}],"is_beta":false,"boss_relics":[{"not_picked":["Black Star","Snecko Eye"],"picked":"Fusion Hammer"},{"not_picked":["Pandora\u0027s Box","Philosopher\u0027s Stone"],"picked":"Inserter"}],"items_purged_floors":[],"is_endless":false,"potions_floor_spawned":[3,5,11,14,18,20,29,35,41,45],"killed_by":"Jaw Worm Horde","ascension_level":0}}