{"host":"2e3z4r48quhw80cc","time":1609257308,"event":{"mods":["BaseMod","Minty Spire (QoL Compilation)","Quick Restart","StSLib","SuperFastMode"],"gold_per_floor":[109,109,31,31,31,58,74,74,98,118,150,161,13,37,37,37,37],"floor_reached":16,"playtime":440,"items_purged":["Strike_B"],"score":124,"play_id":"2d0d977c-f799-4b47-8e42-816906d611f2","local_time":"20201230005508","is_ascension_mode":true,"campfire_choices":[{"data":"Zap","floor":8.0,"key":"SMITH"},{"data":"Storm","floor":15.0,"key":"SMITH"}],"circlet_count":0,"master_deck":["Strike_B","Strike_B","Strike_B+1","Defend_B","Defend_B","Defend_B+1","Defend_B","Zap+1","Dualcast","Finesse","Tempest","Defragment","Self Repair","Heatsinks","Glacier","Storm+1"],"relics":["Cracked Core","Tiny Chest","PreservedInsect","Ancient Tea Set","Orichalcum","Juzu Bracelet","Boot"],"acts_visited":["Exordium"],"potions_floor_usage":[],"damage_taken":[{"damage":2.0,"enemies":"Jaw Worm","floor":1.0,"turns":4.0},{"damage":12.0,"enemies":"Lagavulin","floor":6.0,"turns":6.0},{"damage":0.0,"enemies":"2 Louse","floor":7.0,"turns":3.0},{"damage":0.0,"enemies":"Cultist","floor":10.0,"turns":3.0},{"damage":24.0,"enemies":"3 Sentries","floor":11.0,"turns":6.0},{"damage":16.0,"enemies":"Exordium Wildlife","floor":12.0,"turns":4.0},{"damage":11,"enemies":"Hexaghost","floor":16,"turns":14}],"seed_played":"-802955481750575690","potions_obtained":[{"floor":7.0,"key":"SkillPotion"}],"is_trial":false,"path_per_floor":["M","?","$","?","T","E","M","R","T","M","E","M","$","T","R","B"],"character_chosen":"DEFECT","items_purchased":["Defragment","Storm"],"campfire_rested":0,"item_purchase_floors":[3,13],"current_hp_per_floor":[73,55,55,40,40,28,35,35,35,42,25,16,16,16,16,5,5],"gold":37,"neow_bonus":"RANDOM_COLORLESS","is_daily":false,"chose_seed":false,"campfire_upgraded":2,"win_rate":0.0,"timestamp":1609257308,"path_taken":["M","?","$","?","?","E","M","R","T","M","E","M","?","?","R","BOSS"],"items_purchased_type":["Card","Card"],"build_version":"2020-12-22","purchased_purges":1,"victory":false,"max_hp_per_floor":[75,75,75,75,75,75,75,75,75,75,75,75,75,75,75,75,75],"card_choices":[{"not_picked":["Discovery","Purity"],"picked":"Finesse","floor":0.0},{"not_picked":["Compile Driver","Undo"],"picked":"Tempest","floor":1.0},{"not_picked":["Leap","Turbo"],"picked":"Self Repair","floor":6.0},{"not_picked":["Reprogram","Streamline"],"picked":"Heatsinks","floor":7.0},{"not_picked":["Rebound","Cold Snap","Beam Cell"],"picked":"SKIP","floor":10.0},{"not_picked":["FTL","Steam Power"],"picked":"Glacier","floor":11.0},{"not_picked":["Darkness","Gash","Cold Snap"],"picked":"SKIP","floor":12.0}],"player_experience":44130,"relics_obtained":[{"floor":5.0,"key":"PreservedInsect"},{"floor":6.0,"key":"Ancient Tea Set"},{"floor":9.0,"key":"Orichalcum"},{"floor":11.0,"key":"Juzu Bracelet"},{"floor":14.0,"key":"Boot"}],"event_choices":[{"damage_healed":0.0,"max_hp_gain":0.0,"max_hp_loss":0.0,"gold_gain":0.0,"event_name":"Scrap Ooze","player_choice":"Success","floor":2.0,"gold_loss":0.0,"damage_taken":18.0,"relics_obtained":["Tiny Chest"]},{"damage_healed":0.0,"max_hp_gain":0.0,"max_hp_loss":0.0,"gold_gain":0.0,"event_name":"Shining Light","player_choice":"Entered Light","floor":4.0,"gold_loss":0.0,"damage_taken":15.0,"cards_upgraded":["Defend_B","Strike_B"]}],"is_beta":false,"boss_relics":[],"items_purged_floors":[13],"is_endless":false,"potions_floor_spawned":[7],"killed_by":"Hexaghost","ascension_level":3}}