{"host":"y89x8uui45kcjy42","time":1609239373,"event":{"mods":["2.2 Compatiblity","BaseMod","CapriCore","Colored Map","Colored Powertips","Custom Start","Friendly Minions","Highlight Path","Keyboard Shortcuts","Minty Spire (QoL Compilation)","Relic Stats","Slay the Relics Exporter","StSLib","SuperFastMode","Waifu the Spire"],"gold_per_floor":[117,117,117,133,83,115,65,65,65,65,65],"floor_reached":10,"playtime":129,"items_purged":["Doubt","Strike_R"],"score":128,"play_id":"1a9d980e-1a5d-46c2-9f32-1c9fd6d7e272","local_time":"20201229195613","is_ascension_mode":true,"campfire_choices":[{"data":"Clothesline","floor":8,"key":"SMITH"}],"circlet_count":0,"master_deck":["AscendersBane","Strike_R","Strike_R","Defend_R","Defend_R","Defend_R","Defend_R","Bash","Intimidate","Clothesline+1","Metallicize"],"relics":["Burning Blood","Smiling Mask","Torii","Ornamental Fan"],"acts_visited":["Exordium"],"potions_floor_usage":[6],"damage_taken":[{"damage":12,"enemies":"2 Louse","floor":1,"turns":2},{"damage":6,"enemies":"Jaw Worm","floor":4,"turns":4},{"damage":42,"enemies":"Gremlin Nob","floor":6,"turns":5},{"damage":19,"enemies":"3 Sentries","floor":10,"turns":2}],"seed_played":"4942751165057753897","potions_obtained":[{"floor":4,"key":"DuplicationPotion"}],"is_trial":false,"path_per_floor":["M","?","?","M","$","E","$","R","T","E"],"character_chosen":"IRONCLAD","items_purchased":[],"campfire_rested":0,"item_purchase_floors":[],"current_hp_per_floor":[62,44,49,49,49,13,13,13,13,0,0],"gold":65,"neow_bonus":"TRANSFORM_TWO_CARDS","is_daily":false,"chose_seed":false,"campfire_upgraded":1,"win_rate":0.0,"timestamp":1609239373,"path_taken":["M","?","?","M","$","E","$","R","T","E"],"items_purchased_type":[],"build_version":"2020-12-22","purchased_purges":2,"victory":false,"max_hp_per_floor":[75,75,80,80,80,80,80,80,80,80,80],"relic_stats":{"Torii":0,"counters":[4,13],"Ornamental Fan":[0],"Smiling Mask":75,"obtain_stats":[{"Torii":6,"Ornamental Fan":9,"Smiling Mask":2,"Burning Blood":0},{"Torii":3,"Ornamental Fan":3,"Smiling Mask":1,"Burning Blood":0},{"Torii":11,"Ornamental Fan":11,"Smiling Mask":2,"Burning Blood":0}],"Burning Blood":18},"card_choices":[{"not_picked":["Uppercut","Warcry"],"picked":"Metallicize","floor":1},{"not_picked":["Warcry","Flame Barrier","Heavy Blade"],"picked":"SKIP","floor":4},{"not_picked":["Iron Wave","Warcry","Perfected Strike"],"picked":"SKIP","floor":6}],"player_experience":525389,"relics_obtained":[{"floor":6,"key":"Torii"},{"floor":9,"key":"Ornamental Fan"}],"event_choices":[{"damage_healed":0,"gold_gain":0,"player_choice":"Success","damage_taken":18,"relics_obtained":["Smiling Mask"],"max_hp_gain":0,"max_hp_loss":0,"event_name":"Scrap Ooze","floor":2,"gold_loss":0},{"damage_healed":0,"gold_gain":0,"player_choice":"Donut","damage_taken":0,"max_hp_gain":5,"max_hp_loss":0,"event_name":"Big Fish","floor":3,"gold_loss":0}],"is_beta":false,"boss_relics":[],"items_purged_floors":[5,7],"is_endless":false,"potions_floor_spawned":[4],"killed_by":"3 Sentries","ascension_level":20}}