{"host":"15dd7v8o90xso62x","time":1609221072,"event":{"mods":["BaseMod","Minty Spire (QoL Compilation)","Quick Restart","StSLib","SuperFastMode"],"gold_per_floor":[110,110,27,27,27,27,56,56,81,110,110,126,146,164,164,239,239,256,227,227,227],"floor_reached":20,"playtime":631,"items_purged":[],"score":464,"play_id":"5d12e7b1-74d8-4cd9-b5d6-39b969467282","local_time":"20201229145112","is_ascension_mode":true,"campfire_choices":[{"data":"Combust","floor":6,"key":"SMITH"},{"data":"Bloodletting","floor":8,"key":"SMITH"},{"data":"Body Slam","floor":15,"key":"SMITH"}],"circlet_count":0,"master_deck":["AscendersBane","Strike_R","Strike_R","Strike_R","Strike_R","Strike_R","Defend_R","Defend_R","Defend_R","Defend_R","Bash+1","Shrug It Off","Combust+1","Bloodletting+1","Double Tap","Pommel Strike","Second Wind","Body Slam+1","Reaper","Dark Embrace"],"relics":["Burning Blood","NeowsBlessing","InkBottle","Orichalcum","Happy Flower","SlaversCollar"],"acts_visited":["TheCity"],"potions_floor_usage":[16],"damage_taken":[{"damage":0.0,"enemies":"Cultist","floor":1.0,"turns":1.0},{"damage":0,"enemies":"3 Sentries","floor":7,"turns":2},{"damage":0,"enemies":"Lagavulin","floor":10,"turns":1},{"damage":7,"enemies":"Jaw Worm","floor":12,"turns":4},{"damage":6,"enemies":"2 Louse","floor":13,"turns":2},{"damage":8,"enemies":"Looter","floor":14,"turns":3},{"damage":62,"enemies":"Hexaghost","floor":16,"turns":9},{"damage":36,"enemies":"Spheric Guardian","floor":18,"turns":5},{"damage":30,"enemies":"2 Thieves","floor":19,"turns":4},{"damage":36,"enemies":"Centurion and Healer","floor":20,"turns":7}],"seed_played":"-1280294772025589341","potions_obtained":[{"floor":7,"key":"CultistPotion"},{"floor":10,"key":"LiquidBronze"}],"is_trial":false,"path_per_floor":["M","?","$","?","$","R","E","R","T","E","?","M","M","M","R","B",null,"M","M","M"],"character_chosen":"IRONCLAD","items_purchased":["Combust"],"campfire_rested":0,"item_purchase_floors":[3],"current_hp_per_floor":[74,74,74,74,74,74,75,75,75,75,80,79,79,77,77,21,65,37,29,0,0],"gold":227,"neow_bonus":"THREE_ENEMY_KILL","is_daily":false,"chose_seed":false,"campfire_upgraded":3,"win_rate":0.0,"timestamp":1609221072,"path_taken":["M","?","?","?","$","R","E","R","T","E","?","M","M","M","R","BOSS","M","M","M"],"items_purchased_type":["Card"],"build_version":"2020-12-22","purchased_purges":0,"victory":false,"max_hp_per_floor":[75,75,75,75,75,75,75,75,75,75,80,80,80,80,80,80,80,80,80,80,80],"card_choices":[{"not_picked":["Searing Blow","Anger"],"picked":"Shrug It Off","floor":1.0},{"not_picked":["Twin Strike","Cleave"],"picked":"Bloodletting","floor":7},{"not_picked":["Reckless Charge","Perfected Strike"],"picked":"Double Tap","floor":10},{"not_picked":["Wild Strike","Perfected Strike"],"picked":"Pommel Strike","floor":12},{"not_picked":["Wild Strike","Rage"],"picked":"Second Wind","floor":13},{"not_picked":["Burning Pact","Havoc"],"picked":"Body Slam","floor":14},{"not_picked":["Exhume","Immolate"],"picked":"Reaper","floor":16},{"not_picked":["Wild Strike+1","Shrug It Off"],"picked":"Dark Embrace","floor":18},{"not_picked":["Dark Embrace","Infernal Blade","Armaments"],"picked":"SKIP","floor":19}],"player_experience":959297,"relics_obtained":[{"floor":7,"key":"InkBottle"},{"floor":9,"key":"Orichalcum"},{"floor":10,"key":"Happy Flower"}],"event_choices":[{"damage_healed":0.0,"max_hp_gain":0.0,"max_hp_loss":0.0,"gold_gain":0.0,"event_name":"Upgrade Shrine","player_choice":"Upgraded","floor":2.0,"gold_loss":0.0,"damage_taken":0.0,"cards_upgraded":["Bash"]},{"damage_healed":0,"gold_gain":0,"player_choice":"Ignored","damage_taken":0,"max_hp_gain":0,"max_hp_loss":0,"event_name":"Shining Light","floor":4,"gold_loss":0},{"damage_healed":0,"gold_gain":0,"player_choice":"Donut","damage_taken":0,"max_hp_gain":5,"max_hp_loss":0,"event_name":"Big Fish","floor":11,"gold_loss":0}],"is_beta":false,"boss_relics":[{"not_picked":["Fusion Hammer","Busted Crown"],"picked":"SlaversCollar"}],"items_purged_floors":[],"is_endless":false,"potions_floor_spawned":[7,10,12,14],"killed_by":"Centurion and Healer","ascension_level":20}}