{"host":"eqvoimh73njwfgdh","time":1609272828,"event":{"mods":["AchievementEnabler","BaseMod","Better Altar","Better Match","Better Note","Better Sensory Stone","Better Skull","Better Third Choice","BetterRewards","Colored Powertips","Conspire","Downfall","Energized Spire","Halation","Hubris","Infinite Spire","Lobotomy","Minty Spire (QoL Compilation)","Permanent Neow","Rare Cards Sparkle","Relic Stats","Replay The Spire","Spicy Shops","StSLib","The Animator","The Blue Laboratory","The Poker Player","vexMod"],"gold_per_floor":[116,42,42,55,55,55,81,81,108,150,150,250,268,281,281,381,381,394,394,394],"floor_reached":19,"playtime":1409,"items_purged":[],"score":200,"play_id":"aa0173cf-3013-4bb9-888e-6beb0a34804d","local_time":"20201229211348","is_ascension_mode":true,"campfire_choices":[{"floor":6,"key":"RECALL"},{"floor":8,"key":"REST"},{"floor":11,"key":"REST"},{"data":"animator:Kuroyukihime","floor":15,"key":"SMITH"}],"circlet_count":0,"master_deck":["animator:Strike_AccelWorld","animator:Defend_AccelWorld","animator:Strike","animator:Strike","animator:Strike","animator:Defend","animator:Defend","animator:Defend","animator:Kuroyukihime+1","animator:LimeBell","SingingMachine","animator:Emonzaemon","SnowQueen","animator:Konayuki","BeautyBeast","animator:Shuna","animator:Mitsurugi","Wellcheers","BlackArmy","animator:Priestess","animator:Benimaru","OSAHOGD","VoidDream","animator:Envy","Freischutz","animator:Viivi"],"relics":["animator:LivingPicture","animator:TheMissingPiece","animator:PurgingStone","CogitoBucket","halation:Sosunser","hubris:Towel","infinitespire:Beetle Shell","halation:PromiseList","BackwardClock","vexMod:CursedCompass"],"acts_visited":["Exordium","TheCity"],"potions_floor_usage":[10,16,16],"damage_taken":[{"damage":7,"enemies":"2 Louse","floor":1,"turns":3},{"damage":0,"enemies":"Small Slimes","floor":4,"turns":3},{"damage":4,"enemies":"Cultist","floor":7,"turns":4},{"damage":19,"enemies":"3 Sentries","floor":10,"turns":11},{"damage":7,"enemies":"3 Louse","floor":13,"turns":3},{"damage":8,"enemies":"Gremlin Gang","floor":14,"turns":6},{"damage":72,"enemies":"Fading Forest","floor":16,"turns":11},{"damage":24,"enemies":"Shell Parasite","floor":18,"turns":3},{"damage":50,"enemies":"Chosen","floor":19,"turns":7}],"seed_played":"-4177418978669644446","potions_obtained":[{"floor":1,"key":"AttackPotion"},{"floor":5,"key":"FairyPotion"},{"floor":5,"key":"Ancient Potion"},{"floor":13,"key":"DistilledChaos"},{"floor":18,"key":"FearPotion"}],"is_trial":false,"path_per_floor":["M","$","?","M","?","R","M","R","T","E","R","?","M","M","R","B",null,"M","M"],"character_chosen":"THE_ANIMATOR","items_purchased":["halation:Sosunser"],"campfire_rested":2,"item_purchase_floors":[2],"current_hp_per_floor":[59,59,59,59,59,59,55,66,66,47,66,66,62,60,60,21,67,45,0,0],"gold":394,"neow_bonus":"","is_daily":false,"chose_seed":false,"campfire_upgraded":1,"win_rate":0.0,"timestamp":1609272828,"path_taken":["M","$","?","M","?","R","?","R","T","E","R","?","M","?","R","BOSS","M","M"],"items_purchased_type":["Relic"],"build_version":"2020-12-22","purchased_purges":0,"victory":false,"max_hp_per_floor":[66,66,66,66,66,66,66,66,66,66,66,66,66,67,67,67,67,67,67,67],"relic_stats":{"counters":[10,52],"obtain_stats":[{"BackwardClock":14,"CogitoBucket":0,"animator:PurgingStone":0,"halation:Sosunser":2,"animator:TheMissingPiece":0,"animator:LivingPicture":0,"infinitespire:Beetle Shell":9,"halation:PromiseList":10,"vexMod:CursedCompass":17,"hubris:Towel":3},{"BackwardClock":7,"CogitoBucket":0,"animator:PurgingStone":0,"halation:Sosunser":1,"animator:TheMissingPiece":0,"animator:LivingPicture":0,"infinitespire:Beetle Shell":3,"halation:PromiseList":4,"vexMod:CursedCompass":8,"hubris:Towel":1},{"BackwardClock":31,"CogitoBucket":0,"animator:PurgingStone":0,"halation:Sosunser":3,"animator:TheMissingPiece":0,"animator:LivingPicture":0,"infinitespire:Beetle Shell":10,"halation:PromiseList":21,"vexMod:CursedCompass":42,"hubris:Towel":3}]},"card_choices":[{"not_picked":["Variant","MeatLantern"],"picked":"SingingMachine","floor":1},{"not_picked":["animator:Priestess","animator:YaoHaDucy"],"picked":"animator:Emonzaemon","floor":1},{"not_picked":["UniverseFragment","OldLady"],"picked":"SnowQueen","floor":4},{"not_picked":["animator:ElricAlphonse","animator:SilverFang"],"picked":"animator:Konayuki","floor":4},{"not_picked":["QueenOfHatred","Yin"],"picked":"BeautyBeast","floor":7},{"not_picked":["animator:OrikoMikuni","animator:Mitsuba"],"picked":"animator:Shuna","floor":7},{"not_picked":["animator:YaoHaDucy","animator:Aqua"],"picked":"animator:Mitsurugi","floor":10},{"not_picked":["SpiderBud","BigBadWolf"],"picked":"Wellcheers","floor":10},{"not_picked":["GalaxyChild","BodiesMountain"],"picked":"BlackArmy","floor":13},{"not_picked":["animator:Hakurou","animator:Ara"],"picked":"animator:Priestess","floor":13},{"not_picked":["animator:ShinjiMatou","animator:YuiTsuruno"],"picked":"animator:Benimaru","floor":14},{"not_picked":["WallGazer","MHz"],"picked":"OSAHOGD","floor":14},{"not_picked":["QueenOfHatred","Yin"],"picked":"VoidDream","floor":16},{"not_picked":["animator:Eve","animator:Biyorigo"],"picked":"animator:Envy","floor":16},{"not_picked":["PunishingBird","MHz"],"picked":"Freischutz","floor":18},{"not_picked":["animator:Tyuule+1","animator:YuiTsuruno"],"picked":"animator:Viivi","floor":18}],"player_experience":127665,"relics_obtained":[{"floor":9,"key":"infinitespire:Beetle Shell"},{"floor":10,"key":"halation:PromiseList"}],"event_choices":[{"damage_healed":0,"gold_gain":0,"player_choice":"Got Potions","damage_taken":0,"max_hp_gain":0,"max_hp_loss":0,"event_name":"Lab","floor":5,"gold_loss":0},{"damage_healed":0,"gold_gain":100,"player_choice":"Pray","damage_taken":0,"max_hp_gain":0,"max_hp_loss":0,"event_name":"Golden Shrine","floor":12,"gold_loss":0}],"is_beta":false,"boss_relics":[{"not_picked":["vexMod:MysteryBossChallenge","halation:CatFaceCupcake"],"picked":"vexMod:CursedCompass"}],"items_purged_floors":[],"is_endless":false,"potions_floor_spawned":[1,13,14,18],"killed_by":"Chosen","ascension_level":4}}