{"host":"w5wm7ibv4mob2r08","time":1609250029,"event":{"mods":["AchievementEnabler","BaseMod","Hermit","Minty Spire (QoL Compilation)","Quick Restart","StSLib","SuperFastMode"],"gold_per_floor":[116,134,148,167,182,182,193,222,246,246,264,264,264,46,46,144,144,158,183,183,34,67,67,93,93,119,144,193,27,27,38,38,141,141,151,162,162,0,12,12,12,12,37,37,87,119,19,19,19,19],"floor_reached":51,"playtime":6651,"items_purged":["hermit:Strike_Hermit","hermit:Strike_Hermit"],"score":945,"play_id":"203ca329-ebba-4dab-a3f2-0bfb220f764e","local_time":"20201229225349","is_ascension_mode":true,"campfire_choices":[{"data":"hermit:Gestalt","floor":6.0,"key":"SMITH"},{"data":"hermit:BlackWind","floor":10.0,"key":"SMITH"},{"floor":13.0,"key":"REST"},{"data":"hermit:Combo","floor":15.0,"key":"SMITH"},{"data":"hermit:Maintenance","floor":23.0,"key":"SMITH"},{"floor":25.0,"key":"REST"},{"data":"hermit:Glare","floor":32.0,"key":"SMITH"},{"data":"hermit:EyeOfTheStorm","floor":40,"key":"SMITH"},{"floor":42,"key":"REST"},{"data":"Secret Weapon","floor":49,"key":"SMITH"}],"circlet_count":0,"master_deck":["hermit:Defend_Hermit","hermit:Defend_Hermit","hermit:Defend_Hermit","hermit:Snapshot","hermit:Covet","hermit:BlackWind+1","hermit:Glare+1","hermit:Virtue","hermit:GoldenBullet","hermit:Vantage","hermit:Gestalt+1","hermit:Combo+1","hermit:Gestalt+1","hermit:Maintenance+1","hermit:Enervate+1","Flash of Steel","hermit:BodyArmor+1","hermit:TakeAim+1","hermit:DeadMansHand+1","hermit:EyeOfTheStorm+1","hermit:Coalescence+1","Master of Strategy","Secret Weapon+1","Finesse","hermit:Glare+1"],"relics":["hermit:Momento","Incense Burner","Pen Nib","OrangePellets","SlaversCollar","Blue Candle","DollysMirror","MealTicket","Vajra","Astrolabe","Red Mask","Akabeko","Pocketwatch","Anchor","Pantograph"],"acts_visited":["TheCity","TheBeyond"],"potions_floor_usage":[50,50,50],"damage_taken":[{"damage":8.0,"enemies":"Small Slimes","floor":1.0,"turns":2.0},{"damage":0.0,"enemies":"2 Louse","floor":2.0,"turns":2.0},{"damage":0.0,"enemies":"Jaw Worm","floor":3.0,"turns":1.0},{"damage":0.0,"enemies":"Exordium Wildlife","floor":4.0,"turns":1.0},{"damage":4.0,"enemies":"Looter","floor":5.0,"turns":2.0},{"damage":13.0,"enemies":"3 Louse","floor":7.0,"turns":4.0},{"damage":4.0,"enemies":"3 Sentries","floor":8.0,"turns":10.0},{"damage":3.0,"enemies":"Blue Slaver","floor":11.0,"turns":2.0},{"damage":2.0,"enemies":"Hexaghost","floor":16.0,"turns":8.0},{"damage":17.0,"enemies":"Spheric Guardian","floor":18.0,"turns":6.0},{"damage":13.0,"enemies":"Shell Parasite","floor":19.0,"turns":4.0},{"damage":2.0,"enemies":"Shelled Parasite and Fungi","floor":22.0,"turns":5.0},{"damage":15.0,"enemies":"3 Cultists","floor":24.0,"turns":6.0},{"damage":2.0,"enemies":"Centurion and Healer","floor":27.0,"turns":5.0},{"damage":3.0,"enemies":"Snecko","floor":31.0,"turns":4.0},{"damage":2.0,"enemies":"Collector","floor":33.0,"turns":6.0},{"damage":15.0,"enemies":"3 Darklings","floor":35.0,"turns":6.0},{"damage":4.0,"enemies":"3 Shapes","floor":36.0,"turns":7.0},{"damage":14,"enemies":"Sphere and 2 Shapes","floor":39,"turns":5},{"damage":1,"enemies":"Mind Bloom Boss Battle","floor":45,"turns":6},{"damage":2,"enemies":"Giant Head","floor":46,"turns":4},{"damage":19,"enemies":"Donu and Deca","floor":50,"turns":13}],"seed_played":"1377876736072227115","potions_obtained":[{"floor":2.0,"key":"hermit:Tonic"},{"floor":3.0,"key":"SneckoOil"},{"floor":7.0,"key":"SmokeBomb"},{"floor":8.0,"key":"Block Potion"},{"floor":18.0,"key":"DuplicationPotion"},{"floor":24.0,"key":"Dexterity Potion"},{"floor":33.0,"key":"Energy Potion"}],"is_trial":false,"path_per_floor":["M","M","M","M","M","R","M","E","T","R","M","?","R","$","R","B",null,"M","M","?","$","M","R","M","R","T","M","T","$","?","M","R","B",null,"M","M","?","?","M","R","?","R","T","$","?","E","$","T","R","B",null],"character_chosen":"HERMIT","items_purchased":["OrangePellets","hermit:Combo","DollysMirror","Flash of Steel"],"campfire_rested":3,"item_purchase_floors":[14,14,21,29],"current_hp_per_floor":[42,42,42,42,38,38,25,21,21,21,18,11,33,33,33,31,64,47,34,34,34,32,32,17,39,39,37,37,52,52,49,49,47,68,53,49,49,49,35,35,25,47,47,62,61,59,74,74,74,56],"gold":19,"neow_bonus":"THREE_RARE_CARDS","is_daily":false,"chose_seed":false,"campfire_upgraded":7,"win_rate":0.0,"timestamp":1609250029,"path_taken":["M","M","M","M","M","R","M","E","T","R","M","?","R","$","R","BOSS","M","M","?","$","M","R","M","R","T","M","?","?","?","M","R","BOSS","M","M","?","?","?","R","?","R","T","$","?","E","?","?","R","BOSS"],"items_purchased_type":["Relic","Card","Relic","Card"],"build_version":"2020-12-22","purchased_purges":2,"victory":true,"max_hp_per_floor":[75,75,75,75,75,75,75,75,75,75,75,75,75,75,75,75,75,75,75,75,75,75,75,75,75,75,75,75,75,75,75,75,75,75,75,75,75,75,75,75,75,75,75,75,75,75,75,75,75,75],"card_choices":[{"not_picked":["hermit:Adapt","hermit:Gambit"],"picked":"hermit:BlackWind","floor":0.0},{"not_picked":["hermit:Snipe","hermit:Shortfuse"],"picked":"hermit:Glare","floor":1.0},{"not_picked":["hermit:Glare","hermit:Feint"],"picked":"hermit:Virtue","floor":2.0},{"not_picked":["hermit:TakeAim","hermit:Manifest"],"picked":"hermit:GoldenBullet","floor":3.0},{"not_picked":["hermit:Roulette","hermit:Grudge"],"picked":"hermit:Vantage","floor":4.0},{"not_picked":["hermit:Roulette","hermit:Horror"],"picked":"hermit:Gestalt","floor":5.0},{"not_picked":["hermit:TakeAim","hermit:LuckOfTheDraw","hermit:Magnum"],"picked":"SKIP","floor":7.0},{"not_picked":["hermit:Glare","hermit:BodyArmor"],"picked":"hermit:DeadOrAlive","floor":8.0},{"not_picked":["hermit:Misfire","hermit:BodyArmor","hermit:Determination"],"picked":"SKIP","floor":11.0},{"not_picked":["hermit:DeadMansHand","hermit:Feint","hermit:CalledShot"],"picked":"SKIP","floor":18.0},{"not_picked":["hermit:TakeCover","hermit:SprayPray","hermit:Grudge"],"picked":"SKIP","floor":19.0},{"not_picked":["hermit:Feint","hermit:TakeAim"],"picked":"hermit:Maintenance","floor":22.0},{"not_picked":["hermit:Ricochet","hermit:Midnight","hermit:Vantage"],"picked":"SKIP","floor":24.0},{"not_picked":["hermit:Ricochet","hermit:GhostlyPresence"],"picked":"hermit:Enervate+1","floor":27.0},{"not_picked":["hermit:DeadMansHand","hermit:HighCaliber","hermit:Maintenance"],"picked":"SKIP","floor":31.0},{"not_picked":["hermit:SprayPray+1","hermit:LuckOfTheDraw","hermit:Cheat+1"],"picked":"SKIP","floor":35.0},{"not_picked":["hermit:CalledShot+1","hermit:DeadMansHand"],"picked":"hermit:EyeOfTheStorm","floor":36.0},{"not_picked":["hermit:ItchyTrigger+1","hermit:Misfire"],"picked":"hermit:Coalescence+1","floor":39},{"not_picked":["Swift Strike","Purity"],"picked":"Master of Strategy","floor":41},{"not_picked":["Violence","Transmutation"],"picked":"Secret Weapon","floor":41},{"not_picked":["Blind","Discovery"],"picked":"Finesse","floor":41},{"not_picked":["hermit:GoldenBullet","hermit:BodyArmor+1"],"picked":"hermit:Glare+1","floor":45},{"not_picked":["hermit:Vantage+1","hermit:Shortfuse","hermit:Enervate"],"picked":"SKIP","floor":46}],"player_experience":573909,"relics_obtained":[{"floor":8.0,"key":"Incense Burner"},{"floor":9.0,"key":"Pen Nib"},{"floor":26.0,"key":"MealTicket"},{"floor":28.0,"key":"Vajra"},{"floor":43,"key":"Akabeko"},{"floor":45,"key":"Pocketwatch"},{"floor":46,"key":"Anchor"},{"floor":48,"key":"Pantograph"}],"event_choices":[{"cards_removed":["hermit:Strike_Hermit"],"damage_healed":0.0,"max_hp_gain":0.0,"max_hp_loss":0.0,"gold_gain":0.0,"event_name":"Golden Wing","player_choice":"Card Removal","floor":12.0,"gold_loss":0.0,"damage_taken":7.0},{"damage_healed":0.0,"max_hp_gain":0.0,"max_hp_loss":0.0,"gold_gain":0.0,"event_name":"The Mausoleum","player_choice":"Opened","floor":20.0,"gold_loss":0.0,"damage_taken":0.0,"relics_obtained":["Blue Candle"]},{"damage_healed":0.0,"max_hp_gain":0.0,"max_hp_loss":0.0,"gold_gain":0.0,"cards_transformed":["hermit:Strike_Hermit","hermit:Defend_Hermit"],"event_name":"Drug Dealer","player_choice":"Became Test Subject","floor":30.0,"gold_loss":0.0,"damage_taken":0.0,"cards_obtained":["hermit:GoldenBullet","hermit:Adapt"]},{"damage_healed":0.0,"max_hp_gain":0.0,"max_hp_loss":0.0,"gold_gain":0.0,"event_name":"Mysterious Sphere","player_choice":"Ignored","floor":37.0,"gold_loss":0.0,"damage_taken":0.0},{"damage_healed":0.0,"max_hp_gain":0.0,"max_hp_loss":0.0,"gold_gain":0.0,"event_name":"Tomb of Lord Red Mask","player_choice":"Paid","floor":38.0,"gold_loss":162.0,"damage_taken":0.0,"relics_obtained":["Red Mask"]},{"damage_healed":0,"gold_gain":0,"player_choice":"Memory 3","damage_taken":10,"max_hp_gain":0,"max_hp_loss":0,"event_name":"SensoryStone","floor":41,"gold_loss":0},{"damage_healed":0,"gold_gain":0,"player_choice":"Fight","damage_taken":0,"max_hp_gain":0,"max_hp_loss":0,"event_name":"MindBloom","floor":45,"gold_loss":0}],"is_beta":false,"boss_relics":[{"not_picked":["hermit:ClaspedLocket","Snecko Eye"],"picked":"SlaversCollar"},{"not_picked":["hermit:DentedPlate","Empty Cage"],"picked":"Astrolabe"}],"items_purged_floors":[29,47],"is_endless":false,"potions_floor_spawned":[2,3,7,8,18,19,24,33,36,46],"ascension_level":9}}