{"host":"oy4pyvr762z5n0bb","time":1609280454,"event":{"mods":["AchievementEnabler","BaseMod","Colored Map","Colored Powertips","Googly Eyes","Key Reminder","Minty Spire (QoL Compilation)","Quick Restart","Relic Sorter","StSLib","SuperFastMode","Unceasing Turn Reminder","slay the spire mod where everything is the same but ironclad has a cowboy hat"],"gold_per_floor":[116,1,1,13,88,88,122,122,122,122,138,168,168,184,184,287,287,298,5,0,0,0,0,32,32,32,32,32,43,43,61,61,166,166,179,199,213,225,97,97,97,97],"floor_reached":41,"playtime":957,"items_purged":["Decay"],"score":592,"play_id":"33cff645-d146-4cae-8597-2442cdf28f56","local_time":"20201229142054","is_ascension_mode":true,"campfire_choices":[{"data":"Deadly Poison","floor":6.0,"key":"SMITH"},{"floor":10.0,"key":"REST"},{"floor":13.0,"key":"REST"},{"data":"Glass Knife","floor":15.0,"key":"SMITH"},{"floor":23,"key":"REST"},{"data":"Glass Knife","floor":27,"key":"SMITH"},{"data":"Well Laid Plans","floor":32,"key":"SMITH"},{"floor":40,"key":"REST"}],"circlet_count":0,"master_deck":["Strike_G+1","Strike_G+1","Strike_G+1","Strike_G+1","Strike_G+1","Defend_G+1","Defend_G+1","Defend_G+1","Defend_G+1","Defend_G+1","Survivor","Neutralize+1","Dagger Throw","Well Laid Plans+1","Deadly Poison+1","Glass Knife+1","Sucker Punch","Backflip","Dagger Throw+1","Glass Knife+1","CurseOfTheBell","Dagger Throw+1","Glass Knife+1","Dagger Throw","Flying Knee","Prepared+1","After Image","Underhanded Strike","Underhanded Strike+1","Parasite","Prepared","Dash","Prepared"],"relics":["Ring of the Snake","Toy Ornithopter","keyreminder:keyreminder","NlothsMask","Tingsha","Calling Bell","Lantern","Ornamental Fan","Pocketwatch","Regal Pillow","DollysMirror","Whetstone","Mummified Hand","HoveringKite"],"acts_visited":["Exordium","TheCity","TheBeyond"],"potions_floor_usage":[29,33,33,33,36],"damage_taken":[{"damage":7.0,"enemies":"2 Louse","floor":1.0,"turns":3.0},{"damage":7.0,"enemies":"Small Slimes","floor":4.0,"turns":4.0},{"damage":23.0,"enemies":"Lagavulin","floor":7.0,"turns":8.0},{"damage":0.0,"enemies":"Cultist","floor":11.0,"turns":3.0},{"damage":22.0,"enemies":"3 Sentries","floor":12.0,"turns":7.0},{"damage":0.0,"enemies":"2 Fungi Beasts","floor":14.0,"turns":3.0},{"damage":50.0,"enemies":"Slime Boss","floor":16.0,"turns":11.0},{"damage":0.0,"enemies":"Chosen","floor":18.0,"turns":3.0},{"damage":18,"enemies":"Slavers","floor":24,"turns":6},{"damage":0,"enemies":"Spheric Guardian","floor":29,"turns":2},{"damage":5,"enemies":"3 Cultists","floor":31,"turns":4},{"damage":65,"enemies":"Champ","floor":33,"turns":9},{"damage":0,"enemies":"Orb Walker","floor":35,"turns":2},{"damage":5,"enemies":"3 Darklings","floor":36,"turns":6},{"damage":44,"enemies":"Spire Growth","floor":37,"turns":4},{"damage":26,"enemies":"Writhing Mass","floor":38,"turns":5},{"damage":57,"enemies":"Giant Head","floor":41,"turns":7}],"seed_played":"-369755600810147793","potions_obtained":[{"floor":4.0,"key":"Energy Potion"},{"floor":12.0,"key":"Energy Potion"},{"floor":18.0,"key":"Energy Potion"},{"floor":29,"key":"CultistPotion"},{"floor":33,"key":"AttackPotion"},{"floor":38,"key":"SneckoOil"}],"is_trial":false,"path_per_floor":["M","$","?","M","?","R","E","?","T","R","M","E","R","M","R","B",null,"M","$","?","?","?","R","E","$","T","R","$","M","?","M","R","B",null,"M","M","M","M","$","R","E"],"character_chosen":"THE_SILENT","items_purchased":["Well Laid Plans","Regal Pillow","DollysMirror","Dash","Prepared"],"campfire_rested":4,"item_purchase_floors":[2,19,19,39,39],"current_hp_per_floor":[70,70,70,63,52,52,29,29,29,54,54,32,57,57,57,7,65,65,65,65,65,49,89,71,71,71,71,71,76,76,71,71,21,72,72,72,28,2,2,43,0,0],"gold":97,"neow_bonus":"TWENTY_PERCENT_HP_BONUS","is_daily":false,"chose_seed":false,"campfire_upgraded":4,"win_rate":0.0,"timestamp":1609280454,"path_taken":["M","$","?","M","?","R","E","?","T","R","M","E","R","M","R","BOSS","M","$","?","?","?","R","E","$","T","R","?","M","?","M","R","BOSS","M","M","?","M","$","R","E"],"items_purchased_type":["Card","Relic","Relic","Card","Card"],"build_version":"2020-12-22","purchased_purges":1,"victory":false,"max_hp_per_floor":[84,84,84,84,84,84,84,84,84,84,84,84,84,84,84,84,84,84,84,84,84,89,89,89,89,89,89,89,89,89,89,89,89,89,89,89,89,89,89,89,89,89],"card_choices":[{"not_picked":["PiercingWail","Masterful Stab"],"picked":"Dagger Throw","floor":1.0},{"not_picked":["Underhanded Strike","Choke"],"picked":"Deadly Poison","floor":4.0},{"not_picked":["Poisoned Stab","Finisher"],"picked":"Glass Knife","floor":7.0},{"not_picked":["Acrobatics","Outmaneuver"],"picked":"Sucker Punch","floor":11.0},{"not_picked":["Concentrate","Skewer"],"picked":"Backflip","floor":12.0},{"not_picked":["Bane","Blade Dance"],"picked":"Dagger Throw","floor":14.0},{"not_picked":["Night Terror","Storm of Steel"],"picked":"Glass Knife","floor":16.0},{"not_picked":["Bane","Sucker Punch"],"picked":"Dagger Throw+1","floor":18.0},{"not_picked":["Heel Hook","Setup"],"picked":"Dagger Throw","floor":24},{"not_picked":["Deadly Poison","PiercingWail"],"picked":"Flying Knee","floor":29},{"not_picked":["Dagger Throw","Backflip"],"picked":"Prepared+1","floor":31},{"not_picked":["Phantasmal Killer","Die Die Die"],"picked":"After Image","floor":33},{"not_picked":["Skewer","Blade Dance+1"],"picked":"Underhanded Strike","floor":35},{"not_picked":["Backflip+1","Dodge and Roll"],"picked":"Underhanded Strike+1","floor":36},{"not_picked":["Quick Slash+1","Well Laid Plans","Sucker Punch+1"],"picked":"SKIP","floor":37},{"not_picked":["Cloak And Dagger+1","Bane"],"picked":"Prepared","floor":38}],"player_experience":597500,"relics_obtained":[{"floor":7.0,"key":"Toy Ornithopter"},{"floor":12.0,"key":"Tingsha"},{"floor":17.0,"key":"Lantern"},{"floor":17.0,"key":"Ornamental Fan"},{"floor":17.0,"key":"Pocketwatch"},{"floor":24,"key":"Whetstone"},{"floor":26,"key":"Mummified Hand"}],"event_choices":[{"damage_healed":0.0,"max_hp_gain":0.0,"max_hp_loss":0.0,"gold_gain":0.0,"event_name":"Golden Wing","player_choice":"Ignored","floor":3.0,"gold_loss":0.0,"damage_taken":0.0},{"damage_healed":0.0,"max_hp_gain":0.0,"max_hp_loss":0.0,"gold_gain":75.0,"event_name":"World of Goop","player_choice":"Gather Gold","floor":5.0,"gold_loss":0.0,"damage_taken":11.0},{"damage_healed":0.0,"max_hp_gain":0.0,"max_hp_loss":0.0,"gold_gain":0.0,"event_name":"FaceTrader","player_choice":"Trade","floor":8.0,"gold_loss":0.0,"damage_taken":0.0,"relics_obtained":["NlothsMask"]},{"damage_healed":0,"gold_gain":0,"player_choice":"Paid Fearfully","damage_taken":0,"max_hp_gain":0,"max_hp_loss":0,"event_name":"Masked Bandits","floor":20,"gold_loss":5},{"damage_healed":0,"gold_gain":0,"player_choice":"Simplicity","damage_taken":0,"max_hp_gain":0,"max_hp_loss":0,"event_name":"Back to Basics","floor":21,"gold_loss":0,"cards_upgraded":["Strike_G","Strike_G","Strike_G","Strike_G","Strike_G","Defend_G","Defend_G","Defend_G","Defend_G","Defend_G"]},{"damage_healed":0,"gold_gain":0,"player_choice":"Shed Blood","damage_taken":21,"max_hp_gain":5,"max_hp_loss":0,"event_name":"Forgotten Altar","floor":22,"gold_loss":0},{"damage_healed":0,"gold_gain":0,"player_choice":"Ignored","damage_taken":0,"max_hp_gain":0,"max_hp_loss":0,"event_name":"N\u0027loth","floor":30,"gold_loss":0}],"is_beta":false,"boss_relics":[{"not_picked":["Black Star","Snecko Eye"],"picked":"Calling Bell"},{"not_picked":["Pandora\u0027s Box","Cursed Key"],"picked":"HoveringKite"}],"items_purged_floors":[2],"is_endless":false,"potions_floor_spawned":[4,12,18,29,33,38],"killed_by":"Giant Head","ascension_level":6}}