{"host":"4sgoj70bvr8ov3jh","time":1609207382,"event":{"mods":["2.2 Compatiblity","AchievementEnabler","BaseMod","Chen","GifTheSpireLib","Hero for Fun","Marisa????????","Minty Spire (QoL Compilation)","Permanent Neow","Remilia_Scarlet Moed?????·?????3.3.5","StSLib","The Alterego","The Servant 0.9.4"],"gold_per_floor":[4111,4076,4086,4086,4086,4120,4139,4139,4139,466,466,466,484,21,21,117,117,135,30,30,30,41,76,76,96,96,4280,4280,4280,1737,1749,1749,1847,1847,1857,1877,1877,1897,1915,1948,1948,1958,1958,1970,1970,1982,1982,2009,2009,2009],"floor_reached":51,"playtime":2897,"items_purged":[],"score":1350,"play_id":"8089819a-d6de-42a8-910c-1a82d599d1eb","local_time":"20201228180302","is_ascension_mode":false,"campfire_choices":[{"data":"Dualcast","floor":8,"key":"SMITH"},{"data":"Zap","floor":12,"key":"SMITH"},{"data":"Defend_B","floor":15,"key":"SMITH"},{"floor":24,"key":"REST"},{"floor":32,"key":"DIG"},{"floor":41,"key":"DIG"},{"data":"Defend_B","floor":45,"key":"SMITH"},{"floor":49,"key":"DIG"}],"circlet_count":8,"master_deck":["Defend_B+1","Defend_B+1","Defend_B+1","Defend_B+1","Zap+1","Dualcast+1","Fission+1","Hello World+1","Rebound+1","Echo Form+1","Echo Form+1","Defragment+1","Defragment+1","Defragment+1","Defragment+1","Defragment+1","Turbo+1","Sweeping Beam+1","Double Energy+1","Go for the Eyes+1","Jack Of All Trades+1","Rip and Tear+1","Panache+1","Loop+1","Fusion+1","BootSequence+1","Gash+1","Seek+1","Gash+1","Seek+1","Beam Cell+1","Blind+1","PanicButton+1","Jack Of All Trades+1","Dark Shackles+1","Metamorphosis+1","Master of Strategy+1","Magnetism+1","Deep Breath+1","Secret Technique+1","Forethought+1","Finesse+1","Enlightenment+1","Metamorphosis+1","Impatience+1","Enlightenment+1","Chill+1","Gash+1","Reboot+1","Thinking Ahead+1","Madness+1","Discovery+1","Fission+1","Creative AI+1","Coolheaded+1","Multi-Cast+1","Lockon+1","Impatience+1","Swift Strike+1","Swift Strike+1","Chaos+1","Go for the Eyes+1","FTL+1","Self Repair+1","Cold Snap+1","Machine Learning+1","Deep Breath+1","Forethought+1","Deep Breath+1","Madness+1","Good Instincts+1","Enlightenment+1","Apotheosis+1","Trip+1","Tempest+1","Rip and Tear+1","Melter+1","Gash+1","Defragment+1","Heatsinks+1","Leap+1","Storm+1","Chill+1","Steam+1","Defragment+1","Redo+1","Swift Strike+1","Apotheosis+1","Beam Cell+1","Steam Power+1","Loop+1","Steam+1","Redo+1","Capacitor+1","Consume+1","Master of Strategy+1","Forethought+1","Bandage Up+1","Forethought+1","Double Energy+1","Creative AI+1","Fission+1","Lockon+1","Scrape+1","Static Discharge+1","Self Repair+1","Beam Cell+1","Self Repair+1","Chill+1","Tempest+1","Rebound+1","Creative AI+1","Redo+1"],"relics":["Cracked Core","FossilizedHelix","Akabeko","Akabeko","Art of War","VioletLotus","StoneCalendar","Astrolabe","FrozenCore","Frozen Egg 2","Circlet","Toxic Egg 2","Torii","TungstenRod","Ancient Tea Set","Black Blood","Black Star","Black Star","Membership Card","The Courier","Molten Egg 2","TheAbacus","Ice Cream","Gambling Chip","HornCleat","Sling","Art of War","Bottled Tornado","Tiny Chest","Anchor","Dream Catcher","Happy Flower","Strawberry","Symbiotic Virus","Toy Ornithopter","Shuriken","Toxic Egg 2","Whetstone","Blue Candle","Ornamental Fan","Mercury Hourglass","TungstenRod","Lantern","Calipers","Cables","Centennial Puzzle","War Paint","Vajra","Orichalcum","White Beast Statue","Pen Nib","InkBottle","Prayer Wheel","Frozen Egg 2","DataDisk","Kunai","Boot","Runic Capacitor","Nunchaku","MealTicket","Astrolabe","Meat on the Bone","Oddly Smooth Stone","Peace Pipe","PreservedInsect","Lizard Tail","Enchiridion","Bottled Lightning","Eternal Feather","Bronze Scales","Molten Egg 2","Pear","Chemical X","Bag of Marbles","Pantograph","Regal Pillow","Singing Bowl","Gremlin Horn","Thread and Needle","Mummified Hand","Emotion Chip","Ginger","CaptainsWheel","Mango","Pocketwatch","Incense Burner","Bird Faced Urn","Omamori","Unceasing Top","Shovel","Du-Vu Doll","SacredBark","StoneCalendar"],"acts_visited":["Exordium","TheCity","TheBeyond"],"potions_floor_usage":[23,38,38,38,50],"damage_taken":[{"damage":0,"enemies":"2 Louse","floor":1,"turns":2},{"damage":0,"enemies":"Jaw Worm","floor":3,"turns":3},{"damage":0,"enemies":"Gremlin Nob","floor":6,"turns":4},{"damage":0,"enemies":"Small Slimes","floor":7,"turns":3},{"damage":0,"enemies":"3 Louse","floor":13,"turns":2},{"damage":0,"enemies":"Hexaghost","floor":16,"turns":4},{"damage":0,"enemies":"3 Byrds","floor":18,"turns":3},{"damage":0,"enemies":"Chosen","floor":22,"turns":1},{"damage":0,"enemies":"Slavers","floor":23,"turns":4},{"damage":0,"enemies":"Snecko","floor":25,"turns":2},{"damage":0,"enemies":"Snake Plant","floor":31,"turns":1},{"damage":0,"enemies":"Champ","floor":33,"turns":2},{"damage":0,"enemies":"3 Shapes","floor":35,"turns":2},{"damage":0,"enemies":"Orb Walker","floor":36,"turns":1},{"damage":0,"enemies":"Transient","floor":38,"turns":3},{"damage":0,"enemies":"Spire Growth","floor":39,"turns":3},{"damage":0,"enemies":"Nemesis","floor":40,"turns":2},{"damage":0,"enemies":"3 Darklings","floor":42,"turns":2},{"damage":0,"enemies":"Sphere and 2 Shapes","floor":44,"turns":2},{"damage":0,"enemies":"Writhing Mass","floor":46,"turns":3},{"damage":0,"enemies":"Giant Head","floor":48,"turns":1},{"damage":0,"enemies":"Time Eater","floor":50,"turns":6}],"seed_played":"-3743603764388787985","potions_obtained":[{"floor":3,"key":"PowerPotion"},{"floor":13,"key":"SkillPotion"},{"floor":23,"key":"ColorlessPotion"},{"floor":38,"key":"Swift Potion"},{"floor":39,"key":"Dexterity Potion"},{"floor":40,"key":"AttackPotion"}],"is_trial":false,"path_per_floor":["M","?","M","T","?","E","M","R","T","$","?","R","M","$","R","B",null,"M","$","T","?","M","E","R","M","T","$","?","T","$","M","R","B",null,"M","M","?","M","M","E","R","M","T","M","R","M","T","E","R","B",null],"character_chosen":"DEFECT","items_purchased":["Jack Of All Trades+1","Rip and Tear+1","Panache+1","EssenceOfDarkness","EssenceOfDarkness","Sling","Loop+1","Fusion+1","BootSequence+1","Gash+1","Seek+1","Gash+1","Seek+1","Beam Cell+1","Blind+1","PanicButton+1","Jack Of All Trades+1","Dark Shackles+1","Metamorphosis+1","Master of Strategy+1","Magnetism+1","Deep Breath+1","Art of War","Bottled Tornado","Tiny Chest","Anchor","Dream Catcher","Happy Flower","Strawberry","Symbiotic Virus","Toy Ornithopter","Shuriken","Toxic Egg 2","Whetstone","Secret Technique+1","Blue Candle","Ornamental Fan","Mercury Hourglass","TungstenRod","Lantern","Calipers","Cables","Forethought+1","Finesse+1","Enlightenment+1","Metamorphosis+1","Impatience+1","Enlightenment+1","Core Surge+1","Centennial Puzzle","War Paint","Vajra","Orichalcum","White Beast Statue","Pen Nib","InkBottle","Prayer Wheel","Frozen Egg 2","DataDisk","Gash+1","Reboot+1","Thinking Ahead+1","Madness+1","Discovery+1","Boot","Runic Capacitor","Nunchaku","MealTicket","Impatience+1","Swift Strike+1","Swift Strike+1","Apotheosis+1","Deep Breath+1","Forethought+1","Deep Breath+1","Madness+1","Good Instincts+1","Enlightenment+1","Apotheosis+1","Trip+1","Tempest+1","Rip and Tear+1","Melter+1","Gash+1","Defragment+1","Heatsinks+1","Leap+1","Storm+1","Chill+1","Steam+1","Defragment+1","Redo+1","Swift Strike+1","Apotheosis+1","Beam Cell+1","Steam Power+1","Loop+1","Steam+1","Redo+1","Capacitor+1","Consume+1","Master of Strategy+1","Forethought+1","Bandage Up+1","Forethought+1","Eternal Feather","Bronze Scales","Molten Egg 2","Pear","Chemical X","Bag of Marbles","Pantograph","Regal Pillow","Singing Bowl","Gremlin Horn","Thread and Needle","Mummified Hand","Emotion Chip","Ginger","CaptainsWheel","Mango","Pocketwatch","Incense Burner","Bird Faced Urn","Omamori","Unceasing Top","Shovel"],"campfire_rested":1,"item_purchase_floors":[10,10,10,10,10,10,10,10,10,10,10,10,10,10,10,10,10,10,10,10,10,10,10,10,10,10,10,10,10,10,10,10,10,10,10,10,10,10,10,10,10,10,10,10,10,10,10,10,10,10,10,10,10,10,10,10,10,10,10,14,14,14,14,14,14,14,14,14,19,19,19,27,27,27,27,27,27,27,27,27,27,27,27,27,27,27,27,27,27,27,27,27,27,27,30,30,30,30,30,30,30,30,30,30,30,30,30,30,30,30,30,30,30,30,30,30,30,30,30,30,30,30,30,30,30,30,30],"current_hp_per_floor":[68,68,68,68,68,68,68,68,68,75,75,75,75,75,75,75,75,75,75,75,75,75,75,75,75,75,75,66,66,99,99,99,99,99,101,103,103,103,105,105,105,105,105,105,105,107,107,109,109,109],"gold":2009,"neow_bonus":"ONE_RARE_RELIC","is_daily":false,"chose_seed":false,"campfire_upgraded":4,"win_rate":0.0,"timestamp":1609207382,"path_taken":["M","?","M","?","?","E","M","R","T","$","?","R","?","?","R","BOSS","M","$","?","?","?","E","R","M","T","$","?","?","?","M","R","BOSS","M","M","?","M","?","E","R","M","T","M","R","M","?","E","R","BOSS"],"items_purchased_type":["Card","Card","Card","Potion","Potion","Relic","Card","Card","Card","Card","Card","Card","Card","Card","Card","Card","Card","Card","Card","Card","Card","Card","Relic","Relic","Relic","Relic","Relic","Relic","Relic","Relic","Relic","Relic","Relic","Relic","Card","Relic","Relic","Relic","Relic","Relic","Relic","Relic","Card","Card","Card","Card","Card","Card","Card","Relic","Relic","Relic","Relic","Relic","Relic","Relic","Relic","Relic","Relic","Card","Card","Card","Card","Card","Relic","Relic","Relic","Relic","Card","Card","Card","Card","Card","Card","Card","Card","Card","Card","Card","Card","Card","Card","Card","Card","Card","Card","Card","Card","Card","Card","Card","Card","Card","Card","Card","Card","Card","Card","Card","Card","Card","Card","Card","Card","Card","Relic","Relic","Relic","Relic","Relic","Relic","Relic","Relic","Relic","Relic","Relic","Relic","Relic","Relic","Relic","Relic","Relic","Relic","Relic","Relic","Relic","Relic"],"build_version":"2020-12-22","purchased_purges":0,"victory":true,"max_hp_per_floor":[68,68,68,68,68,68,68,68,68,75,75,75,75,75,75,75,75,75,75,75,75,75,75,75,75,75,75,75,75,99,99,99,99,99,101,103,103,103,105,105,105,105,105,105,105,107,107,109,109,109],"card_choices":[{"not_picked":["Self Repair+1","Streamline"],"picked":"Turbo+1","floor":1},{"not_picked":["Cold Snap","Stack+1"],"picked":"Sweeping Beam","floor":3},{"not_picked":["Streamline+1","Coolheaded+1"],"picked":"Double Energy+1","floor":6},{"not_picked":["Lockon+1","Self Repair+1"],"picked":"Go for the Eyes+1","floor":7},{"not_picked":["Steam+1","Hologram+1"],"picked":"Chill+1","floor":13},{"not_picked":["Ball Lightning+1","Streamline+1","Conserve Battery+1"],"picked":"SKIP","floor":13},{"not_picked":["Seek+1","Multi-Cast+1"],"picked":"Fission+1","floor":16},{"not_picked":["Ball Lightning+1","Skim+1"],"picked":"Lockon+1","floor":18},{"not_picked":["Compile Driver+1","Stack+1","Doom and Gloom+1"],"picked":"SKIP","floor":18},{"not_picked":["Barrage+1","Stack+1"],"picked":"Chaos+1","floor":22},{"not_picked":["Beam Cell+1","Barrage+1"],"picked":"Go for the Eyes+1","floor":22},{"not_picked":["Steam Power+1","Blizzard+1"],"picked":"FTL+1","floor":23},{"not_picked":["Conserve Battery+1","Coolheaded+1"],"picked":"Self Repair+1","floor":24},{"not_picked":["Ball Lightning+1","Barrage+1"],"picked":"Cold Snap+1","floor":25},{"not_picked":["Static Discharge+1","Blizzard+1"],"picked":"Machine Learning+1","floor":25},{"not_picked":["Rebound+1","Go for the Eyes+1"],"picked":"Double Energy+1","floor":31},{"not_picked":["Conserve Battery+1","Ball Lightning+1"],"picked":"Creative AI+1","floor":31},{"not_picked":["Meteor Strike+1","Echo Form+1"],"picked":"Fission+1","floor":33},{"not_picked":["Rebound+1","Barrage+1"],"picked":"Lockon+1","floor":35},{"not_picked":["Barrage+1","Conserve Battery+1","Sunder+1"],"picked":"Singing Bowl","floor":35},{"not_picked":["Skim+1","Gash+1"],"picked":"Scrape+1","floor":36},{"not_picked":["Compile Driver+1","Barrage+1","Sweeping Beam+1"],"picked":"Singing Bowl","floor":36},{"not_picked":["Cold Snap+1","Undo+1"],"picked":"Static Discharge+1","floor":38},{"not_picked":["Compile Driver+1","Skim+1"],"picked":"Self Repair+1","floor":38},{"not_picked":["Rip and Tear+1","Tempest+1","Ball Lightning+1"],"picked":"Singing Bowl","floor":39},{"not_picked":["Leap+1","Recycle+1"],"picked":"Beam Cell+1","floor":39},{"not_picked":["Reinforced Body+1","Stack+1"],"picked":"Self Repair+1","floor":40},{"not_picked":["Redo+1","Stack+1"],"picked":"Chill+1","floor":42},{"not_picked":["Leap+1","Ball Lightning+1"],"picked":"Tempest+1","floor":42},{"not_picked":["Barrage+1","Tempest+1"],"picked":"Rebound+1","floor":44},{"not_picked":["Capacitor+1","FTL+1"],"picked":"Creative AI+1","floor":44},{"not_picked":["Streamline+1","Tempest+1","Stack+1"],"picked":"Singing Bowl","floor":46},{"not_picked":["Force Field+1","Steam+1"],"picked":"Redo+1","floor":46},{"not_picked":["Doom and Gloom+1","Stack+1","Echo Form+1"],"picked":"Singing Bowl","floor":48}],"player_experience":173882,"relics_obtained":[{"floor":4,"key":"Ancient Tea Set"},{"floor":6,"key":"Ice Cream"},{"floor":6,"key":"Gambling Chip"},{"floor":9,"key":"HornCleat"},{"floor":20,"key":"Meat on the Bone"},{"floor":21,"key":"Oddly Smooth Stone"},{"floor":23,"key":"Peace Pipe"},{"floor":23,"key":"PreservedInsect"},{"floor":26,"key":"Lizard Tail"},{"floor":28,"key":"Enchiridion"},{"floor":29,"key":"Bottled Lightning"},{"floor":32,"key":"Du-Vu Doll"},{"floor":40,"key":"StoneCalendar"},{"floor":40,"key":"Circlet"},{"floor":41,"key":"Circlet"},{"floor":43,"key":"Circlet"},{"floor":47,"key":"Circlet"},{"floor":48,"key":"Circlet"},{"floor":48,"key":"Circlet"},{"floor":49,"key":"Circlet"}],"event_choices":[{"damage_healed":17,"gold_gain":0,"player_choice":"Healed","damage_taken":0,"max_hp_gain":0,"max_hp_loss":0,"event_name":"The Cleric","floor":2,"gold_loss":35},{"damage_healed":0,"gold_gain":0,"player_choice":"Ignored","damage_taken":0,"max_hp_gain":0,"max_hp_loss":0,"event_name":"Liars Game","floor":5,"gold_loss":0},{"damage_healed":0,"gold_gain":0,"player_choice":"Gave Potion","damage_taken":0,"relics_obtained":["Kunai"],"max_hp_gain":0,"max_hp_loss":0,"event_name":"WeMeetAgain","floor":11,"gold_loss":0},{"damage_healed":0,"gold_gain":0,"player_choice":"Relic","damage_taken":0,"max_hp_gain":0,"max_hp_loss":0,"event_name":"Wheel of Change","floor":21,"gold_loss":0},{"damage_healed":0,"gold_gain":0,"player_choice":"Obtained Book","damage_taken":16,"max_hp_gain":0,"max_hp_loss":0,"event_name":"Cursed Tome","floor":28,"gold_loss":0},{"cards_removed":["Apotheosis"],"damage_healed":0,"gold_gain":0,"player_choice":"Purged","damage_taken":0,"max_hp_gain":0,"max_hp_loss":0,"event_name":"Purifier","floor":37,"gold_loss":0}],"is_beta":false,"boss_relics":[{"not_picked":["FrozenCore","Empty Cage"],"picked":"Astrolabe"},{"not_picked":["SlaversCollar","Nuclear Battery"],"picked":"SacredBark"}],"items_purged_floors":[],"is_endless":false,"potions_floor_spawned":[3,13,16,18,22,23,25,31,33,35,36,38,39,40,42,44,46,48],"ascension_level":0}}