{"host":"2se5dq1do2gp0x9k","time":1609227568,"event":{"mods":["AchievementEnabler","BaseMod","Block Reminder","Colored Map","Colored Powertips","Minty Spire (QoL Compilation)","Relic Stats","StSLib","SuperFastMode"],"gold_per_floor":[10,20,20,37,37,37,64,75,102,102,102],"floor_reached":10,"playtime":241,"items_purged":[],"score":136,"play_id":"5cd4a6c1-0249-42bb-941f-db10cf8dbeca","local_time":"20201228233928","is_ascension_mode":true,"campfire_choices":[{"data":"Metamorphosis","floor":6,"key":"SMITH"}],"circlet_count":0,"master_deck":["AscendersBane","Strike_R","Strike_R","Strike_R","Strike_R","Defend_R","Defend_R","Defend_R","Defend_R","Bash","Metamorphosis+1","Hemokinesis","Pommel Strike","Warcry","Disarm"],"relics":["Burning Blood","Blood Vial","Tiny Chest"],"acts_visited":["Exordium"],"potions_floor_usage":[7,10],"damage_taken":[{"damage":7,"enemies":"Jaw Worm","floor":1,"turns":5},{"damage":8,"enemies":"Cultist","floor":2,"turns":3},{"damage":12,"enemies":"2 Louse","floor":4,"turns":3},{"damage":43,"enemies":"Gremlin Nob","floor":7,"turns":4},{"damage":13,"enemies":"Blue Slaver","floor":8,"turns":2},{"damage":26,"enemies":"Lagavulin","floor":10,"turns":5}],"seed_played":"-2729962128767228668","potions_obtained":[{"floor":2,"key":"DuplicationPotion"},{"floor":7,"key":"FearPotion"}],"is_trial":false,"path_per_floor":["M","M","$","M","?","R","E","M","T","E"],"character_chosen":"IRONCLAD","items_purchased":[],"campfire_rested":0,"item_purchase_floors":[],"current_hp_per_floor":[67,65,65,59,59,59,22,17,17,0,0],"gold":102,"neow_bonus":"RANDOM_COLORLESS_2","is_daily":false,"chose_seed":false,"campfire_upgraded":1,"win_rate":0.0,"timestamp":1609227568,"path_taken":["M","M","$","M","?","R","E","M","T","E"],"items_purchased_type":[],"build_version":"2020-12-22","purchased_purges":0,"victory":false,"max_hp_per_floor":[75,75,75,75,75,75,75,75,75,75,75],"relic_stats":{"Blood Vial":4,"counters":[6,22],"Tiny Chest":0,"obtain_stats":[{"Blood Vial":7,"Tiny Chest":9,"Burning Blood":0},{"Blood Vial":4,"Tiny Chest":5,"Burning Blood":0},{"Blood Vial":15,"Tiny Chest":17,"Burning Blood":0}],"Burning Blood":30},"card_choices":[{"not_picked":["Master of Strategy","Secret Technique"],"picked":"Metamorphosis","floor":0},{"not_picked":["Sword Boomerang","Dropkick"],"picked":"Hemokinesis","floor":1},{"not_picked":["Sentinel","Clothesline","Iron Wave"],"picked":"SKIP","floor":2},{"not_picked":["Thunderclap","Flex"],"picked":"Pommel Strike","floor":4},{"not_picked":["Havoc","Power Through"],"picked":"Warcry","floor":7},{"not_picked":["Inflame","Searing Blow"],"picked":"Disarm","floor":8}],"player_experience":3651704,"relics_obtained":[{"floor":7,"key":"Blood Vial"},{"floor":9,"key":"Tiny Chest"}],"event_choices":[{"cards_removed":["Strike_R"],"damage_healed":0,"gold_gain":0,"player_choice":"Offered Basic","damage_taken":0,"max_hp_gain":0,"max_hp_loss":0,"event_name":"Bonfire Elementals","floor":5,"gold_loss":0}],"is_beta":false,"boss_relics":[],"items_purged_floors":[],"is_endless":false,"potions_floor_spawned":[2,7],"killed_by":"Lagavulin","ascension_level":20}}