{"host":"78zdngn0u28jm0pp","time":1609210467,"event":{"mods":["BaseMod","Jorbs\u0027s Wanderer Trilogy","Minty Spire (QoL Compilation)","Permanent Neow","Quick Restart","Relic Stats","StSLib","Unceasing Turn Reminder"],"gold_per_floor":[113,188,20,20,36,61,81,106,187,187,187,222,147,160,160,259,259,278,278,278,328,36,36,56,86,139,172,186,213,213,231,231,303,303,314,367,377,377,302,302,302,332,332,18,32,32,32,45,45,45,45],"floor_reached":50,"playtime":2385,"items_purged":["Strike_G","Decay"],"score":1113,"play_id":"59fe7e9d-9c53-4cd4-9f83-d7c8a694e7c9","local_time":"20201228195427","is_ascension_mode":true,"campfire_choices":[{"floor":10,"key":"REST"},{"data":"Calculated Gamble","floor":15,"key":"SMITH"},{"data":"Noxious Fumes","floor":23,"key":"SMITH"},{"data":"Tactician","floor":32,"key":"SMITH"},{"data":"Burst","floor":40,"key":"SMITH"},{"floor":46,"key":"REST"},{"floor":49,"key":"RECALL"}],"circlet_count":0,"master_deck":["AscendersBane","Strike_G","Strike_G","Defend_G","Defend_G","Defend_G","Defend_G","Survivor","Neutralize","Dagger Spray+1","Leg Sweep","Blade Dance","Dagger Throw","Tactician+1","Calculated Gamble+1","Flying Knee","After Image","Cloak And Dagger+1","Finisher","Noxious Fumes+1","Backflip","Slice","Acrobatics","Burst+1","PiercingWail","Deflect+1","Dash","Cloak And Dagger+1"],"relics":["Ring of the Snake","Tingsha","Sling","Bird Faced Urn","Toy Ornithopter","Shuriken","Bloody Idol","Meat on the Bone","WristBlade","Enchiridion","Medical Kit","Torii","Regal Pillow","Bag of Preparation","Cursed Key","The Specimen","Toxic Egg 2","Singing Bowl","ClockworkSouvenir"],"acts_visited":["Exordium","TheCity","TheBeyond"],"potions_floor_usage":[12,16,24,25,27,33,33,36,50,50],"damage_taken":[{"damage":2,"enemies":"2 Louse","floor":1,"turns":4},{"damage":4,"enemies":"Small Slimes","floor":5,"turns":3},{"damage":17,"enemies":"Lagavulin","floor":6,"turns":6},{"damage":0,"enemies":"Jaw Worm","floor":7,"turns":4},{"damage":13,"enemies":"Gremlin Nob","floor":8,"turns":4},{"damage":8,"enemies":"Lagavulin","floor":12,"turns":6},{"damage":0,"enemies":"3 Louse","floor":14,"turns":1},{"damage":23,"enemies":"Slime Boss","floor":16,"turns":8},{"damage":1,"enemies":"Chosen","floor":18,"turns":5},{"damage":6,"enemies":"3 Byrds","floor":24,"turns":2},{"damage":12,"enemies":"Gremlin Leader","floor":25,"turns":5},{"damage":32,"enemies":"Book of Stabbing","floor":27,"turns":4},{"damage":13,"enemies":"Snake Plant","floor":28,"turns":4},{"damage":34,"enemies":"Slavers","floor":29,"turns":5},{"damage":0,"enemies":"Centurion and Healer","floor":31,"turns":3},{"damage":26,"enemies":"Collector","floor":33,"turns":8},{"damage":0,"enemies":"3 Shapes","floor":35,"turns":6},{"damage":41,"enemies":"2 Orb Walkers","floor":36,"turns":6},{"damage":6,"enemies":"Orb Walker","floor":37,"turns":3},{"damage":24,"enemies":"Reptomancer","floor":42,"turns":4},{"damage":12,"enemies":"Writhing Mass","floor":45,"turns":6},{"damage":0,"enemies":"Spire Growth","floor":48,"turns":4},{"damage":70,"enemies":"Time Eater","floor":50,"turns":12}],"seed_played":"6339133991408754023","potions_obtained":[{"floor":7,"key":"LiquidBronze"},{"floor":12,"key":"CultistPotion"},{"floor":16,"key":"LiquidBronze"},{"floor":24,"key":"Block Potion"},{"floor":25,"key":"SpeedPotion"},{"floor":30,"key":"Dexterity Potion"},{"floor":30,"key":"SneckoOil"},{"floor":33,"key":"Fire Potion"},{"floor":37,"key":"BlessingOfTheForge"},{"floor":45,"key":"ColorlessPotion"}],"is_trial":false,"path_per_floor":["M","?","$","?","M","E","M","E","T","R","?","E","?","M","R","B",null,"M","?","?","?","$","R","M","E","T","E","M","E","?","M","R","B",null,"M","?","M","?","$","R","?","E","T","$","M","R","?","M","R","B"],"character_chosen":"THE_SILENT","items_purchased":["Sling","Medical Kit","Finisher","Noxious Fumes","ClockworkSouvenir","Dexterity Potion"],"campfire_rested":2,"item_purchase_floors":[3,22,22,22,44,44],"current_hp_per_floor":[57,46,46,46,42,25,25,12,12,30,30,27,27,39,39,33,49,50,50,29,34,34,34,42,46,51,41,39,26,26,37,37,44,52,54,35,38,38,38,38,38,35,35,35,34,54,56,58,58,0,0],"gold":45,"neow_bonus":"ONE_RARE_RELIC","is_daily":false,"chose_seed":false,"campfire_upgraded":4,"win_rate":0.0,"timestamp":1609210467,"path_taken":["M","?","$","?","M","E","M","E","T","R","?","E","?","?","R","BOSS","M","?","?","?","$","R","M","E","T","E","?","E","?","?","R","BOSS","M","?","M","?","$","R","?","E","T","$","?","R","?","M","R","BOSS"],"items_purchased_type":["Relic","Relic","Card","Card","Relic","Potion"],"build_version":"2020-12-22","purchased_purges":2,"victory":false,"max_hp_per_floor":[60,60,60,60,60,60,60,60,60,60,54,54,54,54,54,54,54,54,54,54,54,54,54,54,54,54,54,54,54,54,54,54,54,54,54,54,54,54,54,54,54,54,54,54,54,54,56,58,58,58,58],"relic_stats":{"Regal Pillow":4,"Torii":12,"Singing Bowl":4,"counters":[23,113],"Tingsha":[366],"Bag of Preparation":[18],"Medical Kit":[9],"Cursed Key":1,"Shuriken":[57],"Bird Faced Urn":[56],"Bloody Idol":65,"obtain_stats":[{"Regal Pillow":27,"Torii":25,"The Specimen":36,"Singing Bowl":43,"Golden Idol":11,"Enchiridion":20,"Tingsha":0,"Bag of Preparation":29,"Sling":3,"Medical Kit":22,"Cursed Key":34,"ClockworkSouvenir":44,"WristBlade":17,"Shuriken":9,"Bird Faced Urn":6,"Bloody Idol":19,"Toxic Egg 2":42,"Toy Ornithopter":8,"Ring of the Snake":0,"Meat on the Bone":12},{"Regal Pillow":12,"Torii":11,"The Specimen":18,"Singing Bowl":20,"Golden Idol":5,"Enchiridion":9,"Tingsha":0,"Bag of Preparation":14,"Sling":1,"Medical Kit":9,"Cursed Key":16,"ClockworkSouvenir":20,"WristBlade":8,"Shuriken":5,"Bird Faced Urn":3,"Bloody Idol":9,"Toxic Egg 2":20,"Toy Ornithopter":5,"Ring of the Snake":0,"Meat on the Bone":6},{"Regal Pillow":52,"Torii":48,"The Specimen":84,"Singing Bowl":91,"Golden Idol":21,"Enchiridion":41,"Tingsha":0,"Bag of Preparation":61,"Sling":4,"Medical Kit":41,"Cursed Key":72,"ClockworkSouvenir":91,"WristBlade":36,"Shuriken":21,"Bird Faced Urn":13,"Bloody Idol":41,"Toxic Egg 2":91,"Toy Ornithopter":21,"Ring of the Snake":0,"Meat on the Bone":27}],"Toy Ornithopter":46,"Ring of the Snake":[46],"Meat on the Bone":84},"card_choices":[{"not_picked":["Quick Slash","Slice"],"picked":"Dagger Spray","floor":1},{"not_picked":["Escape Plan","Acrobatics"],"picked":"Leg Sweep","floor":5},{"not_picked":["Riddle With Holes","Sucker Punch"],"picked":"Blade Dance","floor":6},{"not_picked":["Acrobatics","Choke"],"picked":"Dagger Throw","floor":7},{"not_picked":["A Thousand Cuts","Dagger Throw"],"picked":"Tactician","floor":8},{"not_picked":["Slice","Blade Dance"],"picked":"Calculated Gamble","floor":12},{"not_picked":["Quick Slash","Infinite Blades"],"picked":"Flying Knee","floor":14},{"not_picked":["Malaise","Phantasmal Killer"],"picked":"After Image","floor":16},{"not_picked":["Acrobatics","Outmaneuver"],"picked":"Cloak And Dagger+1","floor":18},{"not_picked":["Dagger Spray","Masterful Stab"],"picked":"Backflip","floor":24},{"not_picked":["Outmaneuver","Dagger Spray","Quick Slash"],"picked":"SKIP","floor":25},{"not_picked":["Grand Finale","Flying Knee+1","Dodge and Roll"],"picked":"SKIP","floor":27},{"not_picked":["Bane","Masterful Stab","Blade Dance"],"picked":"SKIP","floor":28},{"not_picked":["Heel Hook","Underhanded Strike"],"picked":"Slice","floor":29},{"not_picked":["Cloak And Dagger","Grand Finale"],"picked":"Acrobatics","floor":31},{"not_picked":["Wraith Form v2","Bullet Time"],"picked":"Burst","floor":33},{"not_picked":["Prepared","Dodge and Roll"],"picked":"PiercingWail","floor":35},{"not_picked":["Tactician","Riddle With Holes+1"],"picked":"Deflect+1","floor":36},{"not_picked":["Eviscerate","Underhanded Strike","Sucker Punch"],"picked":"SKIP","floor":37},{"not_picked":["Riddle With Holes","Poisoned Stab"],"picked":"Dash","floor":42},{"not_picked":["Blade Dance+1","Flying Knee"],"picked":"Cloak And Dagger+1","floor":45},{"not_picked":["Flash of Steel","Purity+1","Violence+1"],"picked":"Singing Bowl","floor":47},{"not_picked":["Noxious Fumes","Riddle With Holes","Quick Slash"],"picked":"Singing Bowl","floor":48}],"player_experience":704217,"relics_obtained":[{"floor":6,"key":"Bird Faced Urn"},{"floor":8,"key":"Toy Ornithopter"},{"floor":9,"key":"Shuriken"},{"floor":12,"key":"Meat on the Bone"},{"floor":20,"key":"Enchiridion"},{"floor":25,"key":"Torii"},{"floor":27,"key":"Regal Pillow"},{"floor":29,"key":"Bag of Preparation"},{"floor":36,"key":"The Specimen"},{"floor":42,"key":"Toxic Egg 2"},{"floor":43,"key":"Singing Bowl"}],"event_choices":[{"damage_healed":0,"gold_gain":75,"player_choice":"Gather Gold","damage_taken":11,"max_hp_gain":0,"max_hp_loss":0,"event_name":"World of Goop","floor":2,"gold_loss":0},{"damage_healed":0,"gold_gain":0,"player_choice":"Grow","damage_taken":0,"max_hp_gain":0,"max_hp_loss":0,"event_name":"Living Wall","floor":4,"gold_loss":0,"cards_upgraded":["Dagger Spray"]},{"damage_healed":0,"gold_gain":0,"player_choice":"Lose Max HP","damage_taken":0,"relics_obtained":["Golden Idol"],"max_hp_gain":0,"max_hp_loss":6,"event_name":"Golden Idol","floor":11,"gold_loss":0},{"cards_removed":["Strike_G"],"damage_healed":0,"gold_gain":0,"player_choice":"Card Removal","damage_taken":0,"max_hp_gain":0,"max_hp_loss":0,"event_name":"The Cleric","floor":13,"gold_loss":75},{"damage_healed":0,"gold_gain":0,"player_choice":"Gave Idol","damage_taken":0,"relics_obtained":["Bloody Idol"],"max_hp_gain":0,"max_hp_loss":0,"event_name":"Forgotten Altar","floor":19,"relics_lost":["Golden Idol"],"gold_loss":0},{"damage_healed":0,"gold_gain":0,"player_choice":"Obtained Book","damage_taken":21,"max_hp_gain":0,"max_hp_loss":0,"event_name":"Cursed Tome","floor":20,"gold_loss":0},{"damage_healed":0,"gold_gain":50,"player_choice":"Stole From Cult","damage_taken":0,"max_hp_gain":0,"max_hp_loss":0,"event_name":"Nest","floor":21,"gold_loss":0},{"damage_healed":0,"gold_gain":0,"player_choice":"Got Potions","damage_taken":0,"max_hp_gain":0,"max_hp_loss":0,"event_name":"Lab","floor":30,"gold_loss":0},{"damage_healed":0,"gold_gain":0,"player_choice":"Fight","damage_taken":0,"max_hp_gain":0,"max_hp_loss":0,"event_name":"Mysterious Sphere","floor":36,"gold_loss":0},{"cards_removed":["Defend_G"],"damage_healed":0,"gold_gain":0,"player_choice":"Removed Skill","damage_taken":0,"max_hp_gain":0,"max_hp_loss":0,"event_name":"Falling","floor":38,"gold_loss":0},{"cards_removed":["Strike_G"],"damage_healed":0,"gold_gain":0,"player_choice":"Purged","damage_taken":0,"max_hp_gain":0,"max_hp_loss":0,"event_name":"Purifier","floor":41,"gold_loss":0},{"damage_healed":0,"gold_gain":0,"player_choice":"Memory 1","damage_taken":0,"max_hp_gain":0,"max_hp_loss":0,"event_name":"SensoryStone","floor":47,"gold_loss":0}],"is_beta":false,"boss_relics":[{"not_picked":["SlaversCollar","Empty Cage"],"picked":"WristBlade"},{"not_picked":["Fusion Hammer","Snecko Eye"],"picked":"Cursed Key"}],"items_purged_floors":[39,44],"is_endless":false,"potions_floor_spawned":[7,12,16,24,25,33,37,45],"killed_by":"Time Eater","ascension_level":20}}