{"host":"j29osl8nelwi4hyu","time":1609200628,"event":{"mods":["BaseMod","Colored Powertips","Hubris","Infinite Spire","Minty Spire (QoL Compilation)","Replay The Spire","StSLib"],"gold_per_floor":[118,118,118,118,118,149,6,20,20,20,20,49,68,93,93,191,191,210,210,210,210,150,150],"floor_reached":22,"playtime":635,"items_purged":[],"score":279,"play_id":"55251abb-25f7-4386-8664-ba38e2efa9d5","local_time":"20201228161028","is_ascension_mode":true,"campfire_choices":[{"data":"Zap","floor":10,"key":"SMITH"},{"floor":15,"key":"REST"}],"circlet_count":0,"master_deck":["Strike_B","Strike_B","Strike_B+1","Defend_B","Defend_B","Defend_B","Defend_B","Zap+1","Dualcast","Ball Lightning+1","Gash","Streamline","Self Repair","Defragment","hubris:SpecializedCircuitry","Hyperbeam","Force Field"],"relics":["Cracked Core","NeowsBlessing","hubris:Towel","hubris:CuriousFeather","Question Card","Gremlin Food","The Courier","Calipers","Replay:Baseball","Replay:Bronze Core"],"acts_visited":["Exordium","TheCity"],"potions_floor_usage":[14,18,22],"damage_taken":[{"damage":0,"enemies":"Small Slimes","floor":1,"turns":1},{"damage":0,"enemies":"Gremlin Nob","floor":6,"turns":1},{"damage":0,"enemies":"2 Louse","floor":8,"turns":1},{"damage":35,"enemies":"3 Sentries","floor":12,"turns":6},{"damage":2,"enemies":"Jaw Worm","floor":13,"turns":3},{"damage":25,"enemies":"Lagavulin","floor":14,"turns":5},{"damage":58,"enemies":"Fading Forest","floor":16,"turns":11},{"damage":36,"enemies":"Spheric Guardian","floor":18,"turns":6},{"damage":32,"enemies":"2 Thieves","floor":22,"turns":2}],"seed_played":"-158702102553602949","potions_obtained":[{"floor":12,"key":"PowerPotion"},{"floor":16,"key":"Block Potion"},{"floor":18,"key":"Venom Potion"}],"is_trial":false,"path_per_floor":["M","?","?","?","T","E","$","M","T","R","?","E","M","E","R","B",null,"M","?","?","?","M"],"character_chosen":"DEFECT","items_purchased":["Gremlin Food"],"campfire_rested":1,"item_purchase_floors":[7],"current_hp_per_floor":[75,75,75,75,75,75,75,75,75,75,75,40,45,27,49,12,59,30,30,30,30,0,0],"gold":150,"neow_bonus":"THREE_ENEMY_KILL","is_daily":false,"chose_seed":false,"campfire_upgraded":1,"win_rate":0.0,"timestamp":1609200628,"path_taken":["M","?","?","?","?","E","$","?","T","R","?","E","M","E","R","BOSS","M","?","?","?","M"],"items_purchased_type":["Relic"],"build_version":"2020-12-22","purchased_purges":0,"victory":false,"max_hp_per_floor":[75,75,75,75,75,75,75,75,75,75,75,75,75,75,75,75,75,75,75,75,75,75,75],"card_choices":[{"not_picked":["Cold Snap","Darkness"],"picked":"Ball Lightning","floor":1},{"not_picked":["White Noise","Reboot","hubris:DoWhile"],"picked":"SKIP","floor":6},{"not_picked":["Barrage","Redo","Turbo"],"picked":"Gash","floor":8},{"not_picked":["Steam","Doom and Gloom","Storm"],"picked":"Self Repair","floor":12},{"not_picked":["Time Bomb","Blizzard","Chaos"],"picked":"Defragment","floor":13},{"not_picked":["Time Bomb","Turbo","Cold Snap"],"picked":"hubris:SpecializedCircuitry","floor":14},{"not_picked":["Seek","Reboot","Meteor Strike"],"picked":"Hyperbeam","floor":16},{"not_picked":["Hologram+1","Rebound+1","Recycle+1"],"picked":"Force Field","floor":18}],"player_experience":262542,"relics_obtained":[{"floor":5,"key":"hubris:CuriousFeather"},{"floor":6,"key":"Question Card"},{"floor":9,"key":"The Courier"},{"floor":12,"key":"Calipers"},{"floor":14,"key":"Replay:Baseball"}],"event_choices":[{"damage_healed":0,"gold_gain":0,"player_choice":"Grow","damage_taken":0,"max_hp_gain":0,"max_hp_loss":0,"event_name":"Living Wall","floor":3,"gold_loss":0,"cards_upgraded":["Ball Lightning"]},{"damage_healed":0,"gold_gain":0,"player_choice":"Ignored","damage_taken":0,"max_hp_gain":0,"max_hp_loss":0,"event_name":"Vampires","floor":20,"gold_loss":0},{"cards_removed":["Strike_B"],"damage_healed":0,"gold_gain":0,"player_choice":"Offered Basic","damage_taken":0,"max_hp_gain":0,"max_hp_loss":0,"event_name":"Bonfire Elementals","floor":21,"gold_loss":0}],"is_beta":false,"boss_relics":[{"not_picked":["Snecko Eye","Tiny House"],"picked":"Replay:Bronze Core"}],"items_purged_floors":[],"is_endless":false,"potions_floor_spawned":[12,16,18],"killed_by":"2 Thieves","ascension_level":5}}