{"host":"s9znsjs818tlhh47","time":1609214225,"event":{"mods":["2.2 Compatiblity","AchievementEnabler","Act Like it!","BaseMod","Bestiary","Better Note","Better Skull","Better Third Choice","Better Vampires","Card Forge","Colored Powertips","Force Act Four","Gensokyo","Marked Mod","Minty Spire (QoL Compilation)","Permanent Neow","Quick Restart","RumiaBox-露米娅的神秘盒子","StSLib","TheWitcher","【功能Mod】混沌之环修复补丁","残留之物"],"gold_per_floor":[114,264,280,293,11,45,45,71,71,97,97,47,47,91,91,180,180,194,194,212,127,52,52,52,96,149,149,174,199,222,235,235,333,333,356,48,48,48,71,106,106,476,558,657,732,811,114,152,152,182,212,212,212,43,77,77],"floor_reached":57,"playtime":2649,"items_purged":["Defend_P+1","Defend_P+1"],"score":3457,"play_id":"626cb04a-56db-484e-8698-e32b20ec0644","local_time":"20201228225705","is_ascension_mode":true,"campfire_choices":[{"floor":7.0,"key":"REST"},{"floor":13.0,"key":"REST"},{"floor":15.0,"key":"REST"},{"floor":23.0,"key":"RECALL"},{"floor":32.0,"key":"REST"},{"floor":41.0,"key":"REST"},{"floor":49,"key":"REST"},{"floor":53,"key":"REST"}],"circlet_count":0,"master_deck":["AscendersBane","Strike_P+1","Strike_P+1","Strike_P+1","Defend_P+1","Defend_P+1","Eruption+1","Vigilance+1","FearNoEvil+1","ForeignInfluence+1","FollowUp+1","Fasting2+1","Adaptation+1","Omniscience+1","ClearTheMind+1","BowlingBash+1","Adaptation+1","TalkToTheHand+1","Scrawl+1","MentalFortress+1","Wish+1","MentalFortress+1","Tantrum+1"],"relics":["Hammer of Thor","Seething Fire","Anvil of the Gods","Black Star","MagicDraw1","Toy Ornithopter","Calipers","Unceasing Top","Strawberry","GodSword3","Lantern","Bottled Lightning","Golden Idol","Art of War","MagicDraw4","Runic Dome","PreservedInsect","Oddly Smooth Stone","SnafuTest:BearRelic","betterThird:NestCultRelic","SlaversCollar","TheAbacus","Blue Candle","Whetstone","SnafuTest:CatRelic","Old Coin","Sundial","Pocketwatch","SecretRecord","PlaceholderMod:DeVermisMysteriis","Gambling Chip","CaptainsWheel","Pen Nib","Akabeko","Lizard Tail"],"acts_visited":["Exordium","TheCity","TheBeyond","TheEnding"],"potions_floor_usage":[46],"damage_taken":[{"damage":10.0,"enemies":"Jaw Worm","floor":1.0,"turns":6.0},{"damage":12.0,"enemies":"Small Slimes","floor":3.0,"turns":3.0},{"damage":0.0,"enemies":"Cultist","floor":4.0,"turns":3.0},{"damage":32.0,"enemies":"Lagavulin","floor":6.0,"turns":4.0},{"damage":8.0,"enemies":"3 Sentries","floor":8.0,"turns":6.0},{"damage":8.0,"enemies":"Lagavulin","floor":10.0,"turns":3.0},{"damage":0.0,"enemies":"Gremlin Nob","floor":14.0,"turns":2.0},{"damage":0.0,"enemies":"Slime Boss","floor":16.0,"turns":4.0},{"damage":0.0,"enemies":"2 Thieves","floor":18.0,"turns":1.0},{"damage":0.0,"enemies":"Shell Parasite","floor":20.0,"turns":1.0},{"damage":5.0,"enemies":"Book of Stabbing","floor":25.0,"turns":3.0},{"damage":15.0,"enemies":"Snecko","floor":28.0,"turns":3.0},{"damage":0.0,"enemies":"Chosen and Byrds","floor":29.0,"turns":3.0},{"damage":0.0,"enemies":"Sentry and Sphere","floor":30.0,"turns":3.0},{"damage":9.0,"enemies":"3 Cultists","floor":31.0,"turns":4.0},{"damage":0.0,"enemies":"Automaton","floor":33.0,"turns":8.0},{"damage":0.0,"enemies":"Orb Walker","floor":35.0,"turns":2.0},{"damage":18.0,"enemies":"3 Darklings","floor":39.0,"turns":4.0},{"damage":6.0,"enemies":"Reptomancer","floor":40.0,"turns":2.0},{"damage":1.0,"enemies":"Giant Head","floor":42.0,"turns":4.0},{"damage":33,"enemies":"Reptomancer","floor":44,"turns":3},{"damage":2,"enemies":"Maw","floor":45,"turns":5},{"damage":10,"enemies":"Sphere and 2 Shapes","floor":46,"turns":4},{"damage":0,"enemies":"Nemesis","floor":48,"turns":1},{"damage":0,"enemies":"Awakened One","floor":50,"turns":4},{"damage":0,"enemies":"Donu and Deca","floor":51,"turns":5},{"damage":0,"enemies":"Shield and Spear","floor":55,"turns":3},{"damage":51,"enemies":"The Heart","floor":56,"turns":5}],"seed_played":"6117853347158339500","potions_obtained":[{"floor":1.0,"key":"Strength Potion"},{"floor":4.0,"key":"Dexterity Potion"},{"floor":16.0,"key":"Fruit Juice"},{"floor":20.0,"key":"Block Potion"},{"floor":25.0,"key":"SkillPotion"},{"floor":31.0,"key":"MarkedMod:BlackLotusJuice"},{"floor":39.0,"key":"AttackPotion"}],"is_trial":false,"path_per_floor":["M","?","M","M","$","E","R","E","T","E","?","?","R","E","R","B",null,"M","?","M","?","?","R","$","E","T","?","M","M","M","M","R","B",null,"M","$","?","?","M","E","R","E","T","E","M","M","$","E","R","B","B",null,"R","$","E","B",null],"character_chosen":"WATCHER","items_purchased":["MagicDraw1","MentalFortress","TheAbacus","SecretRecord","PlaceholderMod:DeVermisMysteriis","Block Potion","Tantrum","Pen Nib"],"campfire_rested":7,"item_purchase_floors":[5,36,36,47,47,47,47,54],"current_hp_per_floor":[51,51,39,39,39,7,27,31,31,23,23,23,45,45,67,67,73,75,75,80,80,80,80,80,75,75,75,60,60,62,58,80,80,80,80,80,76,76,58,52,74,73,73,42,40,37,37,39,61,63,63,73,76,76,76,25],"gold":77,"neow_bonus":"BOSS_RELIC","is_daily":false,"chose_seed":false,"campfire_upgraded":0,"win_rate":0.0,"timestamp":1609214225,"path_taken":["M","?","M","M","$","E","R","E","T","E","?","?","R","E","R","BOSS","M","?","M","?","?","R","$","E","T","?","M","M","M","M","R","BOSS","M","$","?","?","M","E","R","E","T","E","?","M","$","E","R","BOSS","BOSS","R","$","E","BOSS"],"items_purchased_type":["Relic","Card","Relic","Relic","Relic","Potion","Card","Relic"],"build_version":"2020-12-22","purchased_purges":2,"victory":true,"max_hp_per_floor":[68,68,68,68,68,68,68,75,75,75,75,75,75,75,75,75,75,75,75,80,80,80,80,80,80,80,80,80,80,80,80,80,80,80,80,80,76,76,76,76,76,76,76,76,76,76,76,76,76,76,76,76,76,76,76,76],"card_choices":[{"not_picked":["Prostrate","ForeignInfluence"],"picked":"FearNoEvil","floor":1.0},{"not_picked":["BattleHymn","Sanctity"],"picked":"ForeignInfluence","floor":3.0},{"not_picked":["MarkedMod:FirstStrike","ThirdEye"],"picked":"FollowUp","floor":4.0},{"not_picked":["PathToVictory","WaveOfTheHand"],"picked":"Fasting2","floor":6.0},{"not_picked":["Protect","Meditate"],"picked":"Adaptation","floor":8.0},{"not_picked":["CrushJoints","Blasphemy","Fasting2"],"picked":"SKIP","floor":10.0},{"not_picked":["EmptyFist","Evaluate","Brilliance"],"picked":"SKIP","floor":14.0},{"not_picked":["LessonLearned","Alpha"],"picked":"Omniscience","floor":16.0},{"not_picked":["ForeignInfluence","Consecrate"],"picked":"ClearTheMind","floor":18.0},{"not_picked":["CrushJoints","SashWhip","FollowUp"],"picked":"SKIP","floor":20.0},{"not_picked":["CrushJoints","SashWhip","FollowUp"],"picked":"SKIP","floor":20.0},{"not_picked":["FollowUp","Omniscience"],"picked":"Meditate","floor":25.0},{"not_picked":["CarveReality","PathToVictory"],"picked":"BowlingBash","floor":28.0},{"not_picked":["MarkedMod:Acupuncture","Crescendo"],"picked":"Adaptation","floor":29.0},{"not_picked":["Meditate","CutThroughFate"],"picked":"TalkToTheHand","floor":30.0},{"not_picked":["BowlingBash","CutThroughFate","TalkToTheHand"],"picked":"SKIP","floor":31.0},{"not_picked":["MarkedMod:ChiBlock","DeusExMachina"],"picked":"Scrawl","floor":33.0},{"not_picked":["ClearTheMind+1","FearNoEvil","Protect"],"picked":"SKIP","floor":35.0},{"not_picked":["Pray","Crescendo","FollowUp+1"],"picked":"SKIP","floor":39.0},{"not_picked":["FlyingSleeves","MarkedMod:PinPointDefense"],"picked":"Wish","floor":40.0},{"not_picked":["Pray","MarkedMod:Acupuncture+1","JustLucky+1"],"picked":"SKIP","floor":42.0},{"not_picked":["ForeignInfluence","MarkedMod:OneThousandNeedles"],"picked":"MentalFortress","floor":44},{"not_picked":["CutThroughFate","JustLucky","Pray"],"picked":"SKIP","floor":45},{"not_picked":["Collect","Protect","FollowUp+1"],"picked":"SKIP","floor":46},{"not_picked":["Evaluate+1","MarkedMod:Acupuncture","FollowUp"],"picked":"SKIP","floor":48},{"not_picked":["CrushJoints","MarkedMod:GentlePulse+1","EmptyFist"],"picked":"SKIP","floor":55}],"player_experience":300171,"relics_obtained":[{"floor":6.0,"key":"Toy Ornithopter"},{"floor":6.0,"key":"Calipers"},{"floor":8.0,"key":"Unceasing Top"},{"floor":8.0,"key":"Strawberry"},{"floor":9.0,"key":"GodSword3"},{"floor":10.0,"key":"Lantern"},{"floor":10.0,"key":"Bottled Lightning"},{"floor":14.0,"key":"Art of War"},{"floor":14.0,"key":"MagicDraw4"},{"floor":25.0,"key":"Oddly Smooth Stone"},{"floor":25.0,"key":"SnafuTest:BearRelic"},{"floor":40.0,"key":"Blue Candle"},{"floor":40.0,"key":"Whetstone"},{"floor":42.0,"key":"SnafuTest:CatRelic"},{"floor":42.0,"key":"Old Coin"},{"floor":44,"key":"Sundial"},{"floor":44,"key":"Pocketwatch"},{"floor":48,"key":"Gambling Chip"},{"floor":48,"key":"CaptainsWheel"},{"floor":55,"key":"Akabeko"},{"floor":55,"key":"Lizard Tail"}],"event_choices":[{"damage_healed":0.0,"max_hp_gain":0.0,"max_hp_loss":0.0,"gold_gain":150.0,"event_name":"betterThird:BetterSerpent","player_choice":"AGREE","floor":2.0,"gold_loss":0.0,"damage_taken":114.0},{"damage_healed":0.0,"max_hp_gain":0.0,"max_hp_loss":0.0,"gold_gain":0.0,"event_name":"Golden Idol","player_choice":"Take Wound","floor":11.0,"gold_loss":0.0,"damage_taken":0.0,"relics_obtained":["Golden Idol"],"cards_obtained":["Injury"]},{"damage_healed":0.0,"max_hp_gain":0.0,"max_hp_loss":0.0,"gold_gain":0.0,"event_name":"betterThird:BetterGoop","player_choice":"Left","floor":12.0,"gold_loss":50.0,"damage_taken":0.0},{"damage_healed":0.0,"max_hp_gain":0.0,"max_hp_loss":0.0,"gold_gain":0.0,"event_name":"betterNote:BetterNote","player_choice":"Ignored","floor":19.0,"gold_loss":0.0,"damage_taken":0.0,"cards_obtained":["Vigilance"]},{"damage_healed":0.0,"max_hp_gain":0.0,"max_hp_loss":0.0,"gold_gain":0.0,"event_name":"Addict","player_choice":"Obtained Relic","floor":21.0,"gold_loss":85.0,"damage_taken":0.0,"relics_obtained":["PreservedInsect"]},{"cards_removed":["Strike_P"],"damage_healed":0.0,"max_hp_gain":0.0,"max_hp_loss":0.0,"gold_gain":0.0,"event_name":"Beggar","player_choice":"Gave Gold","floor":22.0,"gold_loss":75.0,"damage_taken":0.0},{"damage_healed":0.0,"max_hp_gain":0.0,"max_hp_loss":0.0,"gold_gain":0.0,"event_name":"betterThird:BetterNest","player_choice":"Madness","floor":27.0,"gold_loss":0.0,"damage_taken":0.0,"relics_obtained":["betterThird:NestCultRelic"]},{"damage_healed":0.0,"max_hp_gain":0.0,"max_hp_loss":4.0,"gold_gain":0.0,"event_name":"Winding Halls","player_choice":"Max HP","floor":37.0,"gold_loss":0.0,"damage_taken":0.0},{"damage_healed":0.0,"max_hp_gain":0.0,"max_hp_loss":0.0,"gold_gain":0.0,"event_name":"betterThird:BetterPortal","player_choice":"Random: Orange","floor":38.0,"gold_loss":0.0,"damage_taken":0.0},{"damage_healed":0.0,"max_hp_gain":0.0,"max_hp_loss":0.0,"gold_gain":0.0,"event_name":"Match and Keep!","player_choice":"0 cards matched","floor":38.0,"gold_loss":0.0,"damage_taken":0.0,"cards_obtained":[]}],"is_beta":false,"boss_relics":[{"not_picked":["EasyGame_NEW","Pandora\u0027s Box"],"picked":"Runic Dome"},{"not_picked":["Tiny House","Snecko Eye"],"picked":"SlaversCollar"}],"items_purged_floors":[36,47],"is_endless":false,"potions_floor_spawned":[1,4,16,20,25,31,39,40,42,45],"ascension_level":20}}