{"host":"0ydzwspkajt4brzd","time":1609273934,"event":{"mods":["AchievementEnabler","BaseMod","Colored Map","DeckTracker","Googly Eyes","Highlight Path","Minty Spire (QoL Compilation)","Quick Restart","Random Character Button","Rare Cards Sparkle"],"gold_per_floor":[110,125,135,155,169,169,199,199,199,72,72,72],"floor_reached":11,"playtime":502,"items_purged":["Strike_R"],"score":113,"play_id":"f11cf6c6-89fa-4bed-a24a-875113d94f55","local_time":"20201229123214","is_ascension_mode":true,"campfire_choices":[{"data":"Havoc","floor":6.0,"key":"SMITH"},{"data":"Twin Strike","floor":8.0,"key":"SMITH"}],"circlet_count":0,"master_deck":["AscendersBane","Strike_R","Strike_R","Strike_R","Strike_R","Defend_R","Defend_R","Defend_R","Defend_R","Bash+1","Cleave+1","Twin Strike+1","Headbutt+1","Havoc+1","Reaper"],"relics":["Burning Blood","Whetstone","Blood Vial"],"acts_visited":["Exordium"],"potions_floor_usage":[11,11,11],"damage_taken":[{"damage":1.0,"enemies":"Cultist","floor":1.0,"turns":4.0},{"damage":4.0,"enemies":"Small Slimes","floor":2.0,"turns":4.0},{"damage":12.0,"enemies":"Jaw Worm","floor":3.0,"turns":3.0},{"damage":19.0,"enemies":"Blue Slaver","floor":4.0,"turns":4.0},{"damage":18.0,"enemies":"Red Slaver","floor":5.0,"turns":3.0},{"damage":35.0,"enemies":"3 Sentries","floor":7.0,"turns":7.0},{"damage":30,"enemies":"Lagavulin","floor":11,"turns":5}],"seed_played":"4292598077343735271","potions_obtained":[{"floor":1.0,"key":"GamblersBrew"},{"floor":3.0,"key":"Strength Potion"}],"is_trial":false,"path_per_floor":["M","M","M","M","M","R","E","R","T","$","E"],"character_chosen":"IRONCLAD","items_purchased":["PowerPotion"],"campfire_rested":0,"item_purchase_floors":[10],"current_hp_per_floor":[77,79,73,60,48,48,19,19,19,19,0,0],"gold":72,"neow_bonus":"UPGRADE_CARD","is_daily":false,"chose_seed":false,"campfire_upgraded":2,"win_rate":0.0,"timestamp":1609273934,"path_taken":["M","M","?","M","M","R","E","R","T","$","E"],"items_purchased_type":["Potion"],"build_version":"2020-12-22","purchased_purges":1,"victory":false,"max_hp_per_floor":[80,80,80,80,80,80,80,80,80,80,80,80],"card_choices":[{"not_picked":["Seeing Red","Flame Barrier"],"picked":"Cleave","floor":1.0},{"not_picked":["Rupture","Shrug It Off"],"picked":"Twin Strike","floor":2.0},{"not_picked":["Armaments","Sever Soul"],"picked":"Headbutt","floor":3.0},{"not_picked":["Rampage","Twin Strike"],"picked":"Havoc","floor":4.0},{"not_picked":["Blood for Blood","Sentinel","Entrench"],"picked":"SKIP","floor":5.0},{"not_picked":["Battle Trance","Heavy Blade"],"picked":"Reaper","floor":7.0}],"player_experience":376033,"relics_obtained":[{"floor":7.0,"key":"Whetstone"},{"floor":9.0,"key":"Blood Vial"}],"event_choices":[],"is_beta":false,"boss_relics":[],"items_purged_floors":[10],"is_endless":false,"potions_floor_spawned":[1,3],"killed_by":"Lagavulin","ascension_level":10}}