{"host":"onmzcmq5a68cxj3d","time":1609284561,"event":{"mods":["BaseMod","Colored Map","Minty Spire (QoL Compilation)","Remove Card Discount Mod"],"gold_per_floor":[116,136,156,48,63,63,90,105,180,180,180,180,98,118,118,222,222,242,258,274,274,284,284,284,284,284,317,146,173,173,207,207,309,309,329,329,374,474,474,474,474,251,251,251,103,103,103,0,0,0],"floor_reached":51,"playtime":2627,"items_purged":["Wraith Form v2","Defend_G","Strike_G","Strike_G","Defend_G","Defend_G","Defend_G","Strike_G","Survivor","Strike_G","Strike_G","Neutralize","Defend_G","Catalyst"],"score":747,"play_id":"8fb2ddfb-3cad-4f40-b2b8-a61d081ea80d","local_time":"20201229162921","daily_mods":["Heirloom","Time Dilation","Flight"],"is_ascension_mode":false,"campfire_choices":[{"data":"DevaForm","floor":6,"key":"SMITH"},{"floor":10,"key":"REST"},{"data":"Echo Form","floor":11,"key":"SMITH"},{"data":"Demon Form","floor":12,"key":"SMITH"},{"floor":15,"key":"REST"},{"data":"Blade Dance","floor":23,"key":"SMITH"},{"data":"Cloak And Dagger","floor":25,"key":"SMITH"},{"floor":30,"key":"REST"},{"data":"Blade Dance","floor":32,"key":"SMITH"},{"data":"Bullet Time","floor":40,"key":"SMITH"},{"data":"Cloak And Dagger","floor":41,"key":"SMITH"},{"floor":44,"key":"REST"},{"data":"Cloak And Dagger","floor":47,"key":"SMITH"},{"data":"Poisoned Stab","floor":49,"key":"SMITH"}],"circlet_count":0,"master_deck":["Demon Form+1","Echo Form+1","DevaForm+1","Blade Dance+1","Poisoned Stab+1","Cloak And Dagger+1","Cloak And Dagger+1","Cloak And Dagger+1","Accuracy+1","A Thousand Cuts+1","Blade Dance+1","Noxious Fumes+1","Dash+1","Bullet Time+1"],"relics":["Unceasing Top","Lizard Tail","Oddly Smooth Stone","Frozen Egg 2","Black Star","Molten Egg 2","TungstenRod","Tiny Chest","Membership Card","Blood Vial","Mercury Hourglass","Ice Cream","Letter Opener","Busted Crown","Juzu Bracelet","Lantern","HornCleat","TwistedFunnel","Sundial","Toolbox","Toy Ornithopter","Red Mask"],"acts_visited":["Exordium","TheCity","TheBeyond"],"potions_floor_usage":[5,7,7,16,16,19,22,31,33,50,50],"damage_taken":[{"damage":3,"enemies":"Small Slimes","floor":1,"turns":5},{"damage":1,"enemies":"Cultist","floor":2,"turns":3},{"damage":5,"enemies":"2 Louse","floor":3,"turns":5},{"damage":7,"enemies":"2 Fungi Beasts","floor":5,"turns":4},{"damage":33,"enemies":"3 Sentries","floor":7,"turns":7},{"damage":11,"enemies":"Exordium Wildlife","floor":8,"turns":4},{"damage":7,"enemies":"Large Slime","floor":14,"turns":4},{"damage":0,"enemies":"Slime Boss","floor":16,"turns":6},{"damage":10,"enemies":"Chosen","floor":18,"turns":5},{"damage":15,"enemies":"Spheric Guardian","floor":19,"turns":4},{"damage":1,"enemies":"Snake Plant","floor":20,"turns":3},{"damage":14,"enemies":"Sentry and Sphere","floor":22,"turns":4},{"damage":7,"enemies":"Slavers","floor":27,"turns":4},{"damage":15,"enemies":"Gremlin Leader","floor":29,"turns":4},{"damage":10,"enemies":"Slavers","floor":31,"turns":4},{"damage":43,"enemies":"Automaton","floor":33,"turns":8},{"damage":16,"enemies":"3 Shapes","floor":35,"turns":3},{"damage":12,"enemies":"Donu and Deca","floor":50,"turns":5}],"seed_played":"-7774919929751720245","potions_obtained":[{"floor":2,"key":"DuplicationPotion"},{"floor":3,"key":"EntropicBrew"},{"floor":8,"key":"AttackPotion"},{"floor":20,"key":"AttackPotion"},{"floor":22,"key":"SteroidPotion"},{"floor":31,"key":"ColorlessPotion"},{"floor":33,"key":"Explosive Potion"}],"is_trial":true,"path_per_floor":["M","M","M","$","M","R","E","M","T","R","R","R","$","M","R","B",null,"M","M","M","?","M","R","?","R","T","E","$","E","R","E","R","B",null,"M","?","T","?","T","R","R","$","T","R","$","?","R","?","R","B",null],"character_chosen":"THE_SILENT","items_purchased":["Noxious Fumes","Cloak And Dagger","Accuracy+1","Membership Card","Dash+1","HornCleat","TwistedFunnel","Block Potion","Toolbox","Toy Ornithopter"],"campfire_rested":4,"item_purchase_floors":[4,4,13,28,28,42,42,42,45,45],"current_hp_per_floor":[67,66,61,61,54,54,36,25,25,46,46,46,46,39,60,60,70,60,45,44,44,30,30,53,53,53,46,46,31,52,44,44,3,70,54,54,54,54,54,54,54,54,54,70,70,70,70,70,70,58],"gold":0,"neow_bonus":"","is_daily":false,"chose_seed":false,"campfire_upgraded":10,"win_rate":0.0,"timestamp":1609284561,"path_taken":["M","M","M","$","M","R","E","M","T","R","R","R","$","M","R","BOSS","M","M","M","?","?","R","?","R","T","E","$","E","R","E","R","BOSS","M","?","?","?","?","R","R","$","T","R","$","?","R","?","R","BOSS"],"items_purchased_type":["Card","Card","Card","Relic","Card","Relic","Relic","Potion","Relic","Relic"],"build_version":"2020-12-22","purchased_purges":14,"victory":true,"max_hp_per_floor":[70,70,70,70,70,70,70,70,70,70,70,70,70,70,70,70,70,70,70,70,70,70,70,70,70,70,70,70,70,70,70,70,70,70,70,70,70,70,70,70,70,70,70,70,70,70,70,70,70,70],"card_choices":[{"not_picked":["Sucker Punch","Deadly Poison"],"picked":"Blade Dance","floor":1},{"not_picked":["Deflect","Footwork"],"picked":"Poisoned Stab","floor":2},{"not_picked":["Underhanded Strike","Deflect"],"picked":"Cloak And Dagger","floor":3},{"not_picked":["Escape Plan","Grand Finale"],"picked":"Catalyst","floor":5},{"not_picked":["Quick Slash","Grand Finale"],"picked":"Cloak And Dagger","floor":7},{"not_picked":["Quick Slash","Expertise"],"picked":"Poisoned Stab","floor":8},{"not_picked":["Slice","Leg Sweep","Sucker Punch"],"picked":"SKIP","floor":14},{"not_picked":["Night Terror","Die Die Die"],"picked":"A Thousand Cuts+1","floor":16},{"not_picked":["Quick Slash","Deadly Poison+1","Dagger Throw"],"picked":"SKIP","floor":18},{"not_picked":["Cloak And Dagger","Crippling Poison+1"],"picked":"Blade Dance","floor":19},{"not_picked":["Slice","Backflip+1"],"picked":"Noxious Fumes+1","floor":20},{"not_picked":["Deflect","Prepared","Tactician"],"picked":"SKIP","floor":22},{"not_picked":["Doppelganger","Tactician","Flying Knee+1"],"picked":"SKIP","floor":27},{"not_picked":["Terror","Sucker Punch+1","Dagger Spray+1"],"picked":"SKIP","floor":29},{"not_picked":["Concentrate","Dagger Throw+1","Deadly Poison"],"picked":"SKIP","floor":31},{"not_picked":["Burst","Tools of the Trade+1"],"picked":"Bullet Time","floor":33},{"not_picked":["Expertise+1"],"picked":"SKIP","floor":35}],"player_experience":435574,"relics_obtained":[{"floor":7,"key":"Oddly Smooth Stone"},{"floor":9,"key":"Frozen Egg 2"},{"floor":26,"key":"Molten Egg 2"},{"floor":27,"key":"TungstenRod"},{"floor":27,"key":"Tiny Chest"},{"floor":29,"key":"Blood Vial"},{"floor":29,"key":"Mercury Hourglass"},{"floor":31,"key":"Ice Cream"},{"floor":31,"key":"Letter Opener"},{"floor":37,"key":"Juzu Bracelet"},{"floor":39,"key":"Lantern"},{"floor":43,"key":"Sundial"}],"event_choices":[{"cards_removed":["Noxious Fumes"],"damage_healed":0,"gold_gain":0,"player_choice":"Purged","damage_taken":0,"max_hp_gain":0,"max_hp_loss":0,"event_name":"Purifier","floor":21,"gold_loss":0},{"damage_healed":23,"gold_gain":0,"player_choice":"Heal","damage_taken":0,"max_hp_gain":0,"max_hp_loss":0,"event_name":"The Library","floor":24,"gold_loss":0},{"damage_healed":0,"gold_gain":0,"player_choice":"Memory 1","damage_taken":0,"max_hp_gain":0,"max_hp_loss":0,"event_name":"SensoryStone","floor":36,"gold_loss":0},{"damage_healed":0,"gold_gain":100,"player_choice":"Pray","damage_taken":0,"max_hp_gain":0,"max_hp_loss":0,"event_name":"Golden Shrine","floor":38,"gold_loss":0},{"cards_removed":["Poisoned Stab"],"damage_healed":0,"gold_gain":0,"player_choice":"Removed Attack","damage_taken":0,"max_hp_gain":0,"max_hp_loss":0,"event_name":"Falling","floor":46,"gold_loss":0},{"damage_healed":0,"gold_gain":0,"player_choice":"Paid","damage_taken":0,"relics_obtained":["Red Mask"],"max_hp_gain":0,"max_hp_loss":0,"event_name":"Tomb of Lord Red Mask","floor":48,"gold_loss":103}],"is_beta":false,"boss_relics":[{"not_picked":["Velvet Choker","Runic Pyramid"],"picked":"Black Star"},{"not_picked":["Coffee Dripper","Snecko Eye"],"picked":"Busted Crown"}],"items_purged_floors":[4,4,4,4,4,4,13,13,13,13,13,28,28,42],"is_endless":false,"potions_floor_spawned":[2,3,8,14,20,22,31,33],"ascension_level":0}}