{"host":"0nzvmr5az7vks2y2","time":1609238304,"event":{"mods":["BaseMod","Colored Map","Minty Spire (QoL Compilation)","StSLib","The Marked"],"gold_per_floor":[14,25,43,20,20,53,53,88,88,122,122,139,139,169,169,274,274,291,302,144,161,61,90,90,90,114,125,0,35,35,46,46,46,46],"floor_reached":33,"playtime":1405,"items_purged":["Strike_P","Defend_P","Strike_P"],"score":501,"play_id":"a7cfaf0a-16ef-4a78-9b8e-09188bc49277","local_time":"20201229113824","is_ascension_mode":true,"campfire_choices":[{"data":"Judgement","floor":7.0,"key":"SMITH"},{"data":"Wallop","floor":11.0,"key":"SMITH"},{"data":"Prostrate","floor":13.0,"key":"SMITH"},{"data":"TalkToTheHand","floor":15.0,"key":"SMITH"},{"floor":25.0,"key":"REST"},{"data":"SpiritShield","floor":30.0,"key":"SMITH"},{"floor":32.0,"key":"REST"}],"circlet_count":0,"master_deck":["AscendersBane","Strike_P","Strike_P","Defend_P","Defend_P","Defend_P","Eruption","Vigilance","Judgement+1","Wallop+1","Protect","Prostrate+1","SandsOfTime","Conclude","SpiritShield+1","Tantrum+1","TalkToTheHand+1","Ragnarok+1","FollowUp+1","Swivel","CutThroughFate","Evaluate","Brilliance","FlyingSleeves+1"],"relics":["PureWater","NlothsMask","Mango","Meat on the Bone","Toy Ornithopter","Kunai","Philosopher\u0027s Stone","Whetstone","Tiny Chest","Prayer Wheel"],"acts_visited":[],"potions_floor_usage":[],"damage_taken":[{"damage":2.0,"enemies":"Jaw Worm","floor":1.0,"turns":2.0},{"damage":5.0,"enemies":"Cultist","floor":2.0,"turns":4.0},{"damage":0.0,"enemies":"Small Slimes","floor":3.0,"turns":3.0},{"damage":25.0,"enemies":"Lagavulin","floor":6.0,"turns":10.0},{"damage":1.0,"enemies":"3 Sentries","floor":8.0,"turns":6.0},{"damage":16.0,"enemies":"Lagavulin","floor":10.0,"turns":6.0},{"damage":0.0,"enemies":"Looter","floor":12.0,"turns":2.0},{"damage":16.0,"enemies":"3 Sentries","floor":14.0,"turns":5.0},{"damage":64.0,"enemies":"Slime Boss","floor":16.0,"turns":6.0},{"damage":18.0,"enemies":"2 Thieves","floor":18.0,"turns":4.0},{"damage":4.0,"enemies":"Shell Parasite","floor":19.0,"turns":5.0},{"damage":0.0,"enemies":"Cultist and Chosen","floor":21.0,"turns":3.0},{"damage":41.0,"enemies":"Book of Stabbing","floor":23.0,"turns":4.0},{"damage":15.0,"enemies":"Shelled Parasite and Fungi","floor":27.0,"turns":6.0},{"damage":19.0,"enemies":"Slavers","floor":29.0,"turns":5.0},{"damage":0.0,"enemies":"Snecko","floor":31.0,"turns":2.0},{"damage":84,"enemies":"Collector","floor":33,"turns":7}],"seed_played":"-4618867040028729937","potions_obtained":[{"floor":1.0,"key":"FairyPotion"},{"floor":2.0,"key":"Strength Potion"},{"floor":10.0,"key":"PowerPotion"},{"floor":14.0,"key":"SmokeBomb"},{"floor":19.0,"key":"Fire Potion"},{"floor":23.0,"key":"SneckoOil"},{"floor":27.0,"key":"AttackPotion"}],"is_trial":false,"path_per_floor":["M","M","M","$","?","E","R","E","T","E","R","M","R","E","R","B",null,"M","M","$","M","$","E","?","R","T","M","$","E","R","M","R","B"],"character_chosen":"WATCHER","items_purchased":["Prostrate","Swivel","CutThroughFate"],"campfire_rested":2,"item_purchase_floors":[4,20,20],"current_hp_per_floor":[63,58,58,58,58,47,47,46,46,42,42,54,54,55,55,37,74,56,52,52,52,52,28,28,53,53,50,50,48,48,48,73,0,0],"gold":46,"neow_bonus":"THREE_RARE_CARDS","is_daily":false,"chose_seed":false,"campfire_upgraded":5,"win_rate":0.0,"timestamp":1609238304,"path_taken":["M","M","M","$","?","E","R","E","T","E","R","M","R","E","R","BOSS","M","M","$","?","?","E","?","R","T","M","$","E","R","M","R","BOSS"],"items_purchased_type":["Card","Card","Card"],"build_version":"2020-12-22","purchased_purges":3,"victory":false,"max_hp_per_floor":[72,72,72,72,72,86,86,86,86,86,86,86,86,86,86,86,86,86,86,86,86,86,86,86,86,86,86,86,86,86,86,86,86,86],"card_choices":[{"not_picked":["Ragnarok","Alpha"],"picked":"Judgement","floor":0.0},{"not_picked":["DeceiveReality","FlurryOfBlows"],"picked":"Wallop","floor":1.0},{"not_picked":["BattleHymn","CrushJoints","FlurryOfBlows"],"picked":"SKIP","floor":2.0},{"not_picked":["Evaluate","FlurryOfBlows"],"picked":"Protect","floor":3.0},{"not_picked":["JustLucky","CutThroughFate"],"picked":"SandsOfTime","floor":6.0},{"not_picked":["DevaForm","PathToVictory"],"picked":"Conclude","floor":8.0},{"not_picked":["Evaluate","FollowUp"],"picked":"SpiritShield","floor":10.0},{"not_picked":["BattleHymn","PathToVictory"],"picked":"Tantrum","floor":12.0},{"not_picked":["CutThroughFate","Worship"],"picked":"TalkToTheHand","floor":14.0},{"not_picked":["MasterReality","SpiritShield"],"picked":"Ragnarok","floor":16.0},{"not_picked":["EmptyFist+1","Worship"],"picked":"FollowUp","floor":18.0},{"not_picked":["WreathOfFlame","Halt","EmptyFist"],"picked":"SKIP","floor":19.0},{"not_picked":["Consecrate","FollowUp"],"picked":"Evaluate","floor":21.0},{"not_picked":["JustLucky","EmptyFist"],"picked":"Brilliance","floor":23.0},{"not_picked":["Nirvana","SashWhip"],"picked":"FlyingSleeves+1","floor":27.0},{"not_picked":["ClearTheMind","WreathOfFlame","Crescendo"],"picked":"SKIP","floor":29.0},{"not_picked":["Nirvana","FlurryOfBlows","Halt+1"],"picked":"SKIP","floor":31.0},{"not_picked":["ClearTheMind","DeceiveReality","FollowUp"],"picked":"SKIP","floor":31.0}],"player_experience":543622,"relics_obtained":[{"floor":6.0,"key":"Mango"},{"floor":8.0,"key":"Meat on the Bone"},{"floor":10.0,"key":"Toy Ornithopter"},{"floor":14.0,"key":"Kunai"},{"floor":23.0,"key":"Whetstone"},{"floor":26.0,"key":"Tiny Chest"},{"floor":29.0,"key":"Prayer Wheel"}],"event_choices":[{"damage_healed":0.0,"max_hp_gain":0.0,"max_hp_loss":0.0,"gold_gain":0.0,"event_name":"FaceTrader","player_choice":"Trade","floor":5.0,"gold_loss":0.0,"damage_taken":0.0,"relics_obtained":["NlothsMask"]},{"damage_healed":0.0,"max_hp_gain":0.0,"max_hp_loss":0.0,"gold_gain":0.0,"event_name":"Upgrade Shrine","player_choice":"Upgraded","floor":24.0,"gold_loss":0.0,"damage_taken":0.0,"cards_upgraded":["Tantrum"]}],"is_beta":false,"boss_relics":[{"not_picked":["Runic Dome","SacredBark"],"picked":"Philosopher\u0027s Stone"}],"items_purged_floors":[20,22,28],"is_endless":false,"potions_floor_spawned":[1,2,8,10,14,19,21,23,27],"killed_by":"Collector","ascension_level":12}}