{"host":"u499vgr0907g2fby","time":1609202384,"event":{"mods":["BaseMod","Downfall","Googly Eyes","Minty Spire (QoL Compilation)","StSLib"],"gold_per_floor":[99,117,117,181,195,215,292,304,304,304,75,94,105,105,119,220,220,220,220,220,230,71,81,81,81,94,106,106,106,106],"floor_reached":28,"playtime":2622,"items_purged":[],"score":212,"play_id":"4b022016-02d7-4e8d-955b-1194abbda2f6","local_time":"20201228203944","is_ascension_mode":false,"campfire_choices":[{"data":"Guardian:TwinSlam","floor":1,"key":"SMITH"},{"floor":10,"key":"REST"},{"data":"Guardian:TimeSifter","floor":18,"key":"SMITH"}],"circlet_count":0,"master_deck":["Guardian:Strike_Guardian","Guardian:Defend_Guardian","Guardian:Defend_Guardian","Guardian:CurlUp","Guardian:TwinSlam+1","Guardian:RollAttack","Guardian:Reroute","Guardian:Preprogram","Guardian:Recover","Guardian:SpikerProtocol","Guardian:TimeBomb","Guardian:ChargeCore","Guardian:TemporalStrike","Guardian:Clone","Guardian:GuardianWhirl","Guardian:TimeSifter+1","Guardian:PrimingBeam+1","Guardian:AncientConstruct+1","Guardian:RollAttack+1","Guardian:TimeBomb","Guardian:TimeBomb","Guardian:BronzeArmor+1","Guardian:Gem_Orange","Guardian:Recover+1","Guardian:Emergency","Guardian:BronzeOrb"],"relics":["Guardian:ModeShifter","PreservedInsect","Pantograph","Astrolabe","Sundial"],"acts_visited":["Exordium","TheCity"],"potions_floor_usage":[16,16,21,27,28],"damage_taken":[{"damage":4,"enemies":"Jaw Worm","floor":2,"turns":4},{"damage":53,"enemies":"Lagavulin Event","floor":4,"turns":9},{"damage":0,"enemies":"Cultist","floor":5,"turns":3},{"damage":0,"enemies":"2 Louse","floor":6,"turns":2},{"damage":16,"enemies":"Large Slime","floor":8,"turns":5},{"damage":0,"enemies":"downfall:FleeingMerchant","floor":11,"turns":4},{"damage":8,"enemies":"Blue Slaver","floor":12,"turns":4},{"damage":0,"enemies":"2 Fungi Beasts","floor":13,"turns":2},{"damage":7,"enemies":"Large Slime","floor":15,"turns":4},{"damage":40,"enemies":"downfall:Ironclad","floor":16,"turns":10},{"damage":13,"enemies":"Chosen","floor":21,"turns":5},{"damage":7,"enemies":"downfall:FleeingMerchant","floor":22,"turns":4},{"damage":10,"enemies":"3 Byrds","floor":23,"turns":3},{"damage":19,"enemies":"Cultist and Chosen","floor":26,"turns":5},{"damage":11,"enemies":"Snake Plant","floor":27,"turns":4},{"damage":23,"enemies":"Book of Stabbing","floor":28,"turns":2}],"seed_played":"5943475537400834408","potions_obtained":[{"floor":5,"key":"Guardian:StasisDiscoveryPotion"},{"floor":6,"key":"SkillPotion"},{"floor":8,"key":"Block Potion"},{"floor":16,"key":"SpeedPotion"},{"floor":21,"key":"SteroidPotion"},{"floor":27,"key":"Guardian:StasisDiscoveryPotion"}],"is_trial":false,"path_per_floor":["R","M","?","?","M","M","T","M","?","R","$","M","M","?","M","B",null,"R","?","?","M","$","M","T","?","M","M","E"],"character_chosen":"GUARDIAN","items_purchased":["Guardian:SpikerProtocol","Guardian:TimeBomb","Guardian:ChargeCore","Guardian:TemporalStrike","Guardian:Gem_Orange"],"campfire_rested":1,"item_purchase_floors":[11,11,11,11,22],"current_hp_per_floor":[88,84,84,31,31,31,31,15,15,41,41,33,33,33,26,11,88,88,88,88,75,68,58,58,41,22,11,0,0,0],"gold":106,"neow_bonus":"TEN_PERCENT_HP_BONUS","is_daily":false,"chose_seed":false,"campfire_upgraded":2,"win_rate":0.0,"timestamp":1609202384,"path_taken":["R","M","?","?","M","M","T","M","?","R","$","?","M","?","M","BOSS","R","?","?","M","$","M","T","?","M","M","E"],"items_purchased_type":["Card","Card","Card","Card","Card"],"build_version":"2020-12-22","purchased_purges":0,"victory":false,"max_hp_per_floor":[88,88,88,88,88,88,88,88,88,88,88,88,88,88,88,88,88,88,88,88,88,88,88,88,93,93,93,93,93,93],"card_choices":[{"not_picked":["Guardian:Repulse","Guardian:PrismaticBarrier"],"picked":"Guardian:Gem_Red","floor":2},{"not_picked":["Guardian:RefractedBeam","Guardian:Gem_Blue"],"picked":"Guardian:RollAttack","floor":4},{"not_picked":["Guardian:Gem_Lightblue","Guardian:PrismaticBeam"],"picked":"Guardian:Reroute","floor":5},{"not_picked":["Guardian:Incinerate","Guardian:TemporalStrike"],"picked":"Guardian:Preprogram","floor":6},{"not_picked":["Guardian:Gem_Lightblue","Guardian:Gem_Green"],"picked":"Guardian:Recover","floor":8},{"not_picked":["Guardian:ExploitGems","Guardian:Reroute"],"picked":"Guardian:Gem_Fragmented","floor":11},{"not_picked":["Guardian:Gem_Red","Guardian:Gem_Cyan"],"picked":"Guardian:Clone","floor":12},{"not_picked":["Guardian:Reroute","Guardian:Gem_Red"],"picked":"Guardian:Gem_White","floor":13},{"not_picked":["Guardian:Reroute","Guardian:Incinerate"],"picked":"Guardian:GuardianWhirl","floor":15},{"not_picked":["Guardian:HyperBeam_Guardian","Guardian:BaubleBeam"],"picked":"Guardian:TimeSifter","floor":16},{"not_picked":["Guardian:PiercingHide","Guardian:SentryBeam"],"picked":"Guardian:TimeBomb","floor":21},{"not_picked":["Guardian:Incinerate","Guardian:FastForward"],"picked":"Guardian:BronzeArmor+1","floor":22},{"not_picked":["Guardian:Gem_Red","Guardian:Gem_Cyan"],"picked":"Guardian:Recover+1","floor":23},{"not_picked":["Guardian:WalkerClaw","Guardian:FloatingOrbs"],"picked":"Guardian:Emergency","floor":26},{"not_picked":["Guardian:RefractedBeam","Guardian:PolyBeam"],"picked":"Guardian:BronzeOrb","floor":27}],"player_experience":1896445,"relics_obtained":[{"floor":4,"key":"PreservedInsect"},{"floor":7,"key":"Pantograph"},{"floor":24,"key":"Sundial"}],"event_choices":[{"damage_healed":0,"gold_gain":0,"player_choice":"Read","damage_taken":0,"max_hp_gain":0,"max_hp_loss":0,"event_name":"The Library","floor":20,"gold_loss":0,"cards_obtained":["Guardian:TimeBomb"]}],"is_beta":false,"boss_relics":[{"not_picked":["Sozu","Runic Pyramid"],"picked":"Astrolabe"}],"items_purged_floors":[],"is_endless":false,"potions_floor_spawned":[5,6,8,12,15,16,21,27],"killed_by":"Book of Stabbing","ascension_level":0}}