{"host":"e7zuhi56g3dzdmnx","time":1609272764,"event":{"mods":["AchievementEnabler","Act Like it!","BaseMod","Conspire","Downfall","Elementarium","Hermit","Minty Spire (QoL Compilation)","Rare Cards Sparkle","StSLib","The Factory","The Jungle"],"gold_per_floor":[99,113,113,63,25,25,95,95,109,153,153,8,8,26,38,38,38,38],"floor_reached":16,"playtime":1204,"items_purged":[],"score":140,"play_id":"c402df89-1b14-41f4-b1d1-2f9fcd429c7d","local_time":"20201229201244","is_ascension_mode":false,"campfire_choices":[{"data":"Slimebound:CorrosiveSpit","floor":1,"key":"SMITH"},{"data":"Slimebound:RejuvenatingLick","floor":6,"key":"SMITH"},{"data":"Slimebound:SplitAcid","floor":8,"key":"SMITH"},{"floor":13,"key":"RECALL"}],"circlet_count":0,"master_deck":["conspire:GhostlyStrike","conspire:GhostlyStrike","conspire:GhostlyStrike","Slimebound:Tackle","conspire:GhostlyDefend","conspire:GhostlyDefend","conspire:GhostlyDefend","conspire:GhostlyDefend","Slimebound:Split","Slimebound:CorrosiveSpit+1","Slimebound:RejuvenatingLick+1","conspire:SpireCoStock","Slimebound:MegaLick","Slimebound:SplitAcid+1","Slimebound:ItLooksTasty","Slimebound:SlimeBarrage","Slimebound:Split","Slimebound:SplitAcid","Slimebound:SplitLeeching","Slimebound:SamplingLick","Slimebound:ComboTackle","Slimebound:LeechEnergy","Slimebound:PressTheAttack"],"relics":["Slimebound:AbsorbEndCombat","Pear"],"acts_visited":["Exordium"],"potions_floor_usage":[15,16],"damage_taken":[{"damage":13,"enemies":"Jaw Worm","floor":2,"turns":3},{"damage":15,"enemies":"downfall:FleeingMerchant","floor":5,"turns":4},{"damage":11,"enemies":"Cultist","floor":9,"turns":3},{"damage":3,"enemies":"Small Slimes","floor":10,"turns":3},{"damage":27,"enemies":"downfall:FleeingMerchant","floor":12,"turns":4},{"damage":24,"enemies":"Red Slaver","floor":14,"turns":2},{"damage":20,"enemies":"Lots of Slimes","floor":15,"turns":2},{"damage":83,"enemies":"downfall:Ironclad","floor":16,"turns":6}],"seed_played":"-385113898370612174","potions_obtained":[{"floor":2,"key":"SneckoOil"},{"floor":9,"key":"GamblersBrew"},{"floor":10,"key":"Block Potion"}],"is_trial":false,"path_per_floor":["R","M","?","?","$","R","T","R","M","M","?","$","R","M","M","B"],"character_chosen":"SLIMEBOUND","items_purchased":["Slimebound:SplitAcid","Slimebound:SplitLeeching","Slimebound:SamplingLick","Slimebound:ComboTackle"],"campfire_rested":0,"item_purchase_floors":[5,12,12,12],"current_hp_per_floor":[66,61,61,61,56,56,66,66,69,72,72,69,69,59,51,0,0,0],"gold":38,"neow_bonus":"TEN_PERCENT_HP_BONUS","is_daily":false,"chose_seed":false,"campfire_upgraded":3,"win_rate":0.0,"timestamp":1609272764,"path_taken":["R","M","?","?","?","R","T","R","M","?","?","$","R","?","M","BOSS"],"items_purchased_type":["Card","Card","Card","Card"],"build_version":"2020-12-22","purchased_purges":0,"victory":false,"max_hp_per_floor":[66,66,66,66,66,66,76,76,76,76,76,76,76,76,76,76,76,76],"card_choices":[{"not_picked":["Slimebound:ProtectTheBoss","Slimebound:HauntingLick"],"picked":"Slimebound:RejuvenatingLick","floor":2},{"not_picked":["Slimebound:LeechingTouch","Slimebound:ViciousTackle"],"picked":"Slimebound:MegaLick","floor":5},{"not_picked":["Slimebound:HauntingLick","Slimebound:Replication"],"picked":"Slimebound:ItLooksTasty","floor":9},{"not_picked":["Slimebound:Replication","Slimebound:Chomp"],"picked":"Slimebound:SlimeBarrage","floor":10},{"not_picked":["Slimebound:LeadByExample","Slimebound:Replication"],"picked":"Slimebound:SplitAcid","floor":12},{"not_picked":["Slimebound:Equalize","Slimebound:FinishingTackle"],"picked":"Slimebound:LeechEnergy","floor":14},{"not_picked":["Slimebound:SplitLeeching","Slimebound:GrowthPunch"],"picked":"Slimebound:PressTheAttack","floor":15}],"player_experience":44773,"relics_obtained":[{"floor":7,"key":"Pear"}],"event_choices":[{"damage_healed":0,"gold_gain":0,"player_choice":"Agree","damage_taken":0,"max_hp_gain":0,"max_hp_loss":0,"event_name":"conspire:LoneGhost","floor":3,"gold_loss":0},{"damage_healed":0,"gold_gain":0,"player_choice":"Invest 1","damage_taken":0,"max_hp_gain":0,"max_hp_loss":0,"event_name":"conspire:Investor","floor":4,"gold_loss":0}],"is_beta":false,"boss_relics":[],"items_purged_floors":[],"is_endless":false,"potions_floor_spawned":[2,9,10,14],"killed_by":"downfall:Ironclad","ascension_level":0}}