{"host":"pgiw9wkmtk74e1ic","time":1609275056,"event":{"mods":["BaseMod","Colored Map","Colored Powertips","Marisa????????","Minty Spire (QoL Compilation)","StSLib","The Marked"],"gold_per_floor":[110,110,110,185,46,81,81,109,109,109,124,124,142,173,173,278,278,289,15,29,44,62,62,96,115,187,187,199,219,219,0,0,0,0],"floor_reached":33,"playtime":2249,"items_purged":[],"score":335,"play_id":"9a4ea124-6d4d-4fb7-a25c-5f8b2c82fb45","local_time":"20201229135056","is_ascension_mode":false,"campfire_choices":[{"data":"theMarked:GodGivenPower","floor":7.0,"key":"SMITH"},{"data":"theMarked:PowerFlow","floor":10.0,"key":"SMITH"},{"data":"theMarked:EmpowerWeapon","floor":12.0,"key":"SMITH"},{"floor":15.0,"key":"REST"},{"floor":23.0,"key":"REST"},{"floor":27.0,"key":"REST"},{"floor":30.0,"key":"REST"},{"floor":32,"key":"REST"}],"circlet_count":0,"master_deck":["theMarked:Strike","theMarked:Strike","theMarked:Strike","theMarked:Strike","theMarked:Strike","theMarked:Defend","theMarked:Defend","theMarked:Defend","theMarked:Defend","theMarked:SoldierOfQuellstein","theMarked:ComboAttacks+1","theMarked:GodGivenPower+1","theMarked:PowerFlow+1","theMarked:EmpowerWeapon+1","theMarked:TwofoldDefense","theMarked:ShockingTouch","theMarked:EnhancedHearing+1","theMarked:BindingBlade","theMarked:SummonStrength+1","theMarked:WardOff","theMarked:RogueSparks+1","theMarked:WardOff","theMarked:MagicAdept+1","theMarked:MysticalArsenal+1","theMarked:Overcharge","theMarked:ChainLightning","theMarked:HeritageOfTheMarked+1","theMarked:Static","theMarked:GodGivenPower+1"],"relics":["theMarked:ArtifactOfAir","NeowsBlessing","PreservedInsect","Frozen Egg 2","Happy Flower","Blue Candle","Velvet Choker","Membership Card","Orichalcum","Gremlin Horn","Darkstone Periapt"],"acts_visited":["Exordium","TheCity"],"potions_floor_usage":[],"damage_taken":[{"damage":0.0,"enemies":"Jaw Worm","floor":1.0,"turns":1.0},{"damage":0.0,"enemies":"3 Sentries","floor":6.0,"turns":1.0},{"damage":0.0,"enemies":"Lagavulin","floor":8.0,"turns":1.0},{"damage":1.0,"enemies":"Cultist","floor":11.0,"turns":3.0},{"damage":3.0,"enemies":"Small Slimes","floor":13.0,"turns":3.0},{"damage":14.0,"enemies":"3 Sentries","floor":14.0,"turns":6.0},{"damage":3.0,"enemies":"Hexaghost","floor":16.0,"turns":6.0},{"damage":2.0,"enemies":"3 Byrds","floor":18.0,"turns":6.0},{"damage":14.0,"enemies":"2 Thieves","floor":20.0,"turns":4.0},{"damage":4.0,"enemies":"3 Cultists","floor":21.0,"turns":4.0},{"damage":13.0,"enemies":"Cultist and Chosen","floor":22.0,"turns":5.0},{"damage":37.0,"enemies":"Slavers","floor":24.0,"turns":5.0},{"damage":6.0,"enemies":"Snake Plant","floor":25.0,"turns":4.0},{"damage":14.0,"enemies":"Centurion and Healer","floor":28.0,"turns":5.0},{"damage":16.0,"enemies":"3 Cultists","floor":29.0,"turns":4.0},{"damage":48,"enemies":"Champ","floor":33,"turns":5}],"seed_played":"-283214781984831033","potions_obtained":[{"floor":6.0,"key":"Energy Potion"},{"floor":11.0,"key":"LiquidBronze"},{"floor":14.0,"key":"ColorlessPotion"},{"floor":16.0,"key":"EssenceOfSteel"},{"floor":18.0,"key":"SkillPotion"},{"floor":20.0,"key":"Strength Potion"},{"floor":28.0,"key":"SkillPotion"}],"is_trial":false,"path_per_floor":["M","?","?","?","$","E","R","E","T","R","M","R","M","E","R","B",null,"M","$","M","M","M","R","E","M","T","R","M","M","R","?","R","B"],"character_chosen":"THE_DEFAULT","items_purchased":["theMarked:GodGivenPower","theMarked:PowerFlow","Membership Card","theMarked:RogueSparks+1","Orichalcum","theMarked:WardOff"],"campfire_rested":5,"item_purchase_floors":[5,5,19,19,19,19],"current_hp_per_floor":[70,63,63,52,52,52,52,52,52,52,51,51,48,34,55,52,70,68,68,54,50,37,58,21,15,15,36,22,6,27,27,48,0,0],"gold":0,"neow_bonus":"THREE_ENEMY_KILL","is_daily":false,"chose_seed":false,"campfire_upgraded":3,"win_rate":0.0,"timestamp":1609275056,"path_taken":["M","?","?","?","$","E","R","E","T","R","?","R","M","E","R","BOSS","M","$","M","M","M","R","E","?","T","R","M","M","R","?","R","BOSS"],"items_purchased_type":["Card","Card","Relic","Card","Relic","Card"],"build_version":"2020-12-22","purchased_purges":0,"victory":false,"max_hp_per_floor":[70,70,70,70,70,70,70,70,70,70,70,70,70,70,70,70,70,70,70,70,70,70,70,70,70,70,70,70,70,70,70,70,70,70],"card_choices":[{"not_picked":["theMarked:ElectricStrings","theMarked:ChainLightning"],"picked":"theMarked:ComboAttacks","floor":1.0},{"not_picked":["theMarked:BanishingWave","theMarked:ParalyzingBlade"],"picked":"theMarked:EmpowerWeapon","floor":6.0},{"not_picked":["theMarked:Panic","theMarked:Aftermath"],"picked":"theMarked:TwofoldDefense","floor":8.0},{"not_picked":["theMarked:Parkour","theMarked:WastefulDefense"],"picked":"theMarked:ShockingTouch","floor":11.0},{"not_picked":["theMarked:HeightenedSenses","theMarked:EmpowerWeapon"],"picked":"theMarked:EnhancedHearing+1","floor":13.0},{"not_picked":["theMarked:WardOff","theMarked:ChainLightning"],"picked":"theMarked:BindingBlade","floor":14.0},{"not_picked":["theMarked:SuspiciousRaven","theMarked:ChannelForce"],"picked":"theMarked:SummonStrength+1","floor":16.0},{"not_picked":["theMarked:WastefulAttack+1","theMarked:TwofoldDefense"],"picked":"theMarked:WardOff","floor":18.0},{"not_picked":["theMarked:TwofoldDefense+1","theMarked:HeightenedSenses+1"],"picked":"theMarked:MagicAdept+1","floor":20.0},{"not_picked":["theMarked:ElectricStrings","theMarked:Reabsorb"],"picked":"theMarked:MysticalArsenal+1","floor":21.0},{"not_picked":["theMarked:Convert","theMarked:Improvise"],"picked":"theMarked:Overcharge","floor":22.0},{"not_picked":["theMarked:TwofoldDefense","theMarked:RepellingDischarge"],"picked":"theMarked:ChainLightning","floor":24.0},{"not_picked":["theMarked:WastefulAttack","theMarked:Generate"],"picked":"theMarked:HeritageOfTheMarked+1","floor":25.0},{"not_picked":["theMarked:ParalyzingBlade","theMarked:TwofoldDefense"],"picked":"theMarked:Static","floor":28.0},{"not_picked":["theMarked:Overcharge+1","theMarked:ResourceFulStrike"],"picked":"theMarked:GodGivenPower+1","floor":29.0}],"player_experience":266056,"relics_obtained":[{"floor":6.0,"key":"Frozen Egg 2"},{"floor":8.0,"key":"Happy Flower"},{"floor":14.0,"key":"Blue Candle"},{"floor":24.0,"key":"Gremlin Horn"},{"floor":26.0,"key":"Darkstone Periapt"}],"event_choices":[{"damage_healed":0.0,"max_hp_gain":0.0,"max_hp_loss":0.0,"gold_gain":0.0,"event_name":"Scrap Ooze","player_choice":"Success","floor":2.0,"gold_loss":0.0,"damage_taken":7.0,"relics_obtained":["PreservedInsect"]},{"damage_healed":0.0,"max_hp_gain":0.0,"max_hp_loss":0.0,"gold_gain":0.0,"event_name":"Living Wall","player_choice":"Grow","floor":3.0,"gold_loss":0.0,"damage_taken":0.0,"cards_upgraded":["theMarked:ComboAttacks"]},{"damage_healed":0.0,"max_hp_gain":0.0,"max_hp_loss":0.0,"gold_gain":75.0,"event_name":"World of Goop","player_choice":"Gather Gold","floor":4.0,"gold_loss":0.0,"damage_taken":11.0},{"damage_healed":0,"gold_gain":0,"player_choice":"Paid Fearfully","damage_taken":0,"max_hp_gain":0,"max_hp_loss":0,"event_name":"Masked Bandits","floor":31,"gold_loss":219}],"is_beta":false,"boss_relics":[{"not_picked":["theMarked:Eyepatch","Ectoplasm"],"picked":"Velvet Choker"}],"items_purged_floors":[],"is_endless":false,"potions_floor_spawned":[6,11,14,16,18,20,28],"killed_by":"Champ","ascension_level":0}}