{"host":"po0gzr6h085cygwo","time":1609240892,"event":{"mods":["AchievementEnabler","BaseMod","Colored Map","DeckTracker","KOR Keyword Fix","Minty Spire (QoL Compilation)","Rare Cards Sparkle","Replay The Spire","StSLib","SuperFastMode"],"gold_per_floor":[115,34,47,47,57,57,57,57,57,74,84,104,118,118,43,120,120,138,152,167,89,106,106,106,106,106,126,154,154,154,168,180,278,290,313,325,348,360,382,403,430,442,442],"floor_reached":42,"playtime":1993,"items_purged":[],"score":1278,"play_id":"3ddf3693-f154-44b6-b691-6bde41f07679","local_time":"20201229202132","daily_mods":["Draft","Vintage","Heirloom","Flight"],"is_ascension_mode":true,"campfire_choices":[{"data":"True Grit","floor":6.0,"key":"SMITH"},{"data":"True Grit","floor":7.0,"key":"SMITH"},{"data":"Seeing Red","floor":8.0,"key":"SMITH"},{"data":"ReplayTheSpireMod:Strike From Hell","floor":23.0,"key":"SMITH"},{"data":"Pot Of Greed","floor":24.0,"key":"SMITH"},{"data":"Flex","floor":30.0,"key":"SMITH"},{"data":"Flex","floor":32.0,"key":"SMITH"}],"circlet_count":0,"master_deck":["AscendersBane","Iron Wave","Flex+1","ReplayTheSpireMod:Strike From Hell+1","Rampage","Hemokinesis","Combust","True Grit+1","True Grit+1","Seeing Red+1","Cleave","Flex+1","Havoc","Whirlwind","ReplayTheSpireMod:Stacked","Offering","Bludgeon+1","CurseOfTheBell","Pot Of Greed+1","Pot Of Greed+1","Inflame+1","Replay:Many Hands+1","Pain"],"relics":["Black Blood","replay:Trail_Library","Thread and Needle","Replay:Kaleidoscope","Pear","Letter Opener","Pen Nib","ReplayTheSpireMod:Spearhead","Golden Egg","Self Forming Clay","Bag of Preparation","Calling Bell","Grinning Jar","Ornamental Fan","Du-Vu Doll","Mercury Hourglass","ReplayFunnel","Replay:Accelerometer","CeramicFish","Question Card","Strawberry","MawBank","Ice Cream","Replay:Mystery Machine","Another Sword","WarpedTongs","Akabeko"],"acts_visited":["Exordium","TheCity","TheBeyond"],"potions_floor_usage":[],"damage_taken":[{"damage":6.0,"enemies":"Small Slimes","floor":1.0,"turns":2.0},{"damage":5.0,"enemies":"2 Louse","floor":3.0,"turns":2.0},{"damage":8.0,"enemies":"Jaw Worm","floor":5.0,"turns":3.0},{"damage":8.0,"enemies":"Large Slime","floor":10.0,"turns":3.0},{"damage":6.0,"enemies":"Exordium Thugs","floor":11.0,"turns":4.0},{"damage":1.0,"enemies":"Gremlin Gang","floor":12.0,"turns":1.0},{"damage":0.0,"enemies":"Exordium Wildlife","floor":13.0,"turns":2.0},{"damage":15.0,"enemies":"Slime Boss","floor":16.0,"turns":7.0},{"damage":6.0,"enemies":"3 Byrds","floor":18.0,"turns":2.0},{"damage":18.0,"enemies":"2 Thieves","floor":19.0,"turns":2.0},{"damage":8.0,"enemies":"3 Cultists","floor":20.0,"turns":3.0},{"damage":8.0,"enemies":"Centurion and Healer","floor":22.0,"turns":4.0},{"damage":1.0,"enemies":"Sentry and Sphere","floor":27.0,"turns":4.0},{"damage":22.0,"enemies":"Slavers","floor":28.0,"turns":2.0},{"damage":6.0,"enemies":"Snecko","floor":31.0,"turns":3.0},{"damage":23.0,"enemies":"Collector","floor":33.0,"turns":6.0},{"damage":11.0,"enemies":"Orb Walker","floor":35.0,"turns":3.0},{"damage":20.0,"enemies":"3 Shapes","floor":37.0,"turns":4.0},{"damage":11.0,"enemies":"Sphere and 2 Shapes","floor":39.0,"turns":5.0},{"damage":32.0,"enemies":"Transient","floor":41.0,"turns":6.0},{"damage":0,"enemies":"Spire Growth","floor":42,"turns":1}],"seed_played":"-7495404762719951798","potions_obtained":[{"floor":3.0,"key":"Block Potion"},{"floor":5.0,"key":"Dexterity Potion"},{"floor":12.0,"key":"LifebloodPotion"},{"floor":20.0,"key":"PowerPotion"},{"floor":27.0,"key":"Swift Potion"},{"floor":31.0,"key":"SmokeBomb"},{"floor":33.0,"key":"SkillPotion"},{"floor":41.0,"key":"BloodPotion"}],"is_trial":true,"path_per_floor":["M","$","M","?","M","R","R","R","T","M","M","M","M","?","R_BF","B",null,"M","M","M","$","M","R","R","$","T","M","E","$","R","M","R","B",null,"M","?","M","$","M","?","M","M"],"character_chosen":"IRONCLAD","items_purchased":["ReplayTheSpireMod:Stacked","Inflame"],"campfire_rested":0,"item_purchase_floors":[2,21],"current_hp_per_floor":[68,68,79,79,77,77,77,77,77,75,75,80,85,85,85,76,83,83,71,69,69,67,67,67,67,67,72,63,63,63,63,63,46,81,82,82,74,74,75,75,55,55,55],"gold":442,"neow_bonus":"","is_daily":false,"chose_seed":false,"campfire_upgraded":7,"win_rate":0.0,"timestamp":1609240892,"path_taken":["?","$","M","?","M","R","R","R","T","M","M","M","M","?","R_BF","BOSS","M","M","M","$","M","R","R","$","T","M","E","$","R","M","R","BOSS","M","?","M","$","?","?","M","?"],"items_purchased_type":["Card","Card"],"build_version":"2020-12-22","purchased_purges":0,"victory":false,"max_hp_per_floor":[75,75,85,85,85,85,85,85,85,85,85,85,85,85,85,85,85,85,85,85,85,85,85,85,85,85,85,92,92,92,92,92,92,92,92,92,92,92,92,92,92,92,92],"card_choices":[{"not_picked":["Sword Boomerang","Inflame"],"picked":"Iron Wave","floor":0.0},{"not_picked":["Body Slam","Armaments"],"picked":"Flex","floor":0.0},{"not_picked":["Thunderclap","Dropkick"],"picked":"ReplayTheSpireMod:Strike From Hell","floor":0.0},{"not_picked":["Twin Strike","Body Slam"],"picked":"Rampage","floor":0.0},{"not_picked":["ReplayTheSpireMod:Strike From Hell","Twin Strike"],"picked":"Hemokinesis","floor":0.0},{"not_picked":["Clothesline","Sword Boomerang"],"picked":"Combust","floor":0.0},{"not_picked":["Carnage","Infernal Blade"],"picked":"True Grit","floor":0.0},{"not_picked":["Sword Boomerang","Body Slam"],"picked":"True Grit","floor":0.0},{"not_picked":["True Grit","Uppercut"],"picked":"Seeing Red","floor":0.0},{"not_picked":["Warcry","Disarm"],"picked":"Cleave","floor":0.0},{"not_picked":["Combust","ReplayTheSpireMod:Strike From Hell"],"picked":"Flex","floor":0.0},{"not_picked":["Perfected Strike","Reckless Charge"],"picked":"Clothesline","floor":0.0},{"not_picked":["Clothesline","ReplayTheSpireMod:Corrosion Curse"],"picked":"Cleave","floor":0.0},{"not_picked":["Perfected Strike","Wild Strike"],"picked":"Havoc","floor":0.0},{"not_picked":["Power Through","Pommel Strike"],"picked":"Whirlwind","floor":0.0},{"not_picked":["Demonic Infusion","Reaper"],"picked":"Bludgeon","floor":16.0},{"not_picked":["Carnage","Run Through","Warcry","Dual Wield"],"picked":"SKIP","floor":28.0},{"not_picked":["Hemogenesis","Juggernaut","Feed"],"picked":"Replay:Many Hands","floor":33.0}],"player_experience":57638,"relics_obtained":[{"floor":1.0,"key":"Replay:Kaleidoscope"},{"floor":3.0,"key":"Pear"},{"floor":5.0,"key":"Letter Opener"},{"floor":9.0,"key":"Pen Nib"},{"floor":10.0,"key":"ReplayTheSpireMod:Spearhead"},{"floor":11.0,"key":"Golden Egg"},{"floor":12.0,"key":"Self Forming Clay"},{"floor":13.0,"key":"Bag of Preparation"},{"floor":17.0,"key":"Grinning Jar"},{"floor":17.0,"key":"Ornamental Fan"},{"floor":17.0,"key":"Du-Vu Doll"},{"floor":18.0,"key":"Mercury Hourglass"},{"floor":19.0,"key":"ReplayFunnel"},{"floor":20.0,"key":"Replay:Accelerometer"},{"floor":22.0,"key":"CeramicFish"},{"floor":27.0,"key":"Question Card"},{"floor":28.0,"key":"Strawberry"},{"floor":31.0,"key":"MawBank"},{"floor":35.0,"key":"Ice Cream"},{"floor":37.0,"key":"Replay:Mystery Machine"},{"floor":39.0,"key":"Another Sword"},{"floor":41.0,"key":"Akabeko"}],"event_choices":[{"damage_healed":0.0,"max_hp_gain":0.0,"max_hp_loss":0.0,"gold_gain":0.0,"cards_transformed":["Clothesline"],"event_name":"Living Wall","player_choice":"Change","floor":4.0,"gold_loss":0.0,"damage_taken":0.0,"cards_obtained":["Offering"]},{"cards_removed":["Abandon"],"damage_healed":0.0,"max_hp_gain":0.0,"max_hp_loss":0.0,"gold_gain":0.0,"event_name":"The Cleric","player_choice":"Card Removal","floor":15.0,"gold_loss":75.0,"damage_taken":0.0},{"cards_removed":["Cleave"],"damage_healed":0.0,"max_hp_gain":0.0,"max_hp_loss":0.0,"gold_gain":0.0,"event_name":"The Cleric","player_choice":"Card Removal","floor":15.0,"gold_loss":75.0,"damage_taken":0.0},{"damage_healed":0.0,"max_hp_gain":0.0,"max_hp_loss":0.0,"gold_gain":0.0,"event_name":"Upgrade Shrine","player_choice":"Upgraded","floor":36.0,"gold_loss":0.0,"damage_taken":0.0,"cards_upgraded":["Pot Of Greed"]},{"damage_healed":0.0,"max_hp_gain":0.0,"max_hp_loss":0.0,"gold_gain":0.0,"event_name":"Accursed Blacksmith","player_choice":"Rummage","floor":40.0,"gold_loss":0.0,"damage_taken":0.0,"relics_obtained":["WarpedTongs"],"cards_obtained":["Pain"]}],"is_beta":false,"boss_relics":[{"not_picked":["Replay:Drink Me","Astrolabe"],"picked":"Calling Bell"},{"not_picked":["Ooze Armor","Replay:Wanted Poster"],"picked":"Black Blood"}],"items_purged_floors":[],"is_endless":true,"potions_floor_spawned":[3,5,12,20,27,31,33,41],"killed_by":"Spire Growth","ascension_level":20}}