{"host":"dcj2yvrgcvh5dl2s","time":1609235547,"event":{"mods":["BaseMod","Better Note","Block Reminder","Colored Powertips","DeckTracker","Minty Spire (QoL Compilation)","Quick Restart","Rare Cards Sparkle","Relic Stats","StSLib"],"gold_per_floor":[115,127,127,127,139,139,168,168,168,180,232,244,283,295,307,400,412,443,380,65,93,117,117,157,157,166,209,209,1,1,16,16,16,16],"floor_reached":33,"playtime":1621,"items_purged":["Strike_R","Strike_R"],"score":549,"play_id":"d1db02f8-cc74-458a-97e8-6fb5e498190c","local_time":"20201229195227","is_ascension_mode":true,"campfire_choices":[{"data":"Body Slam","floor":6,"key":"SMITH"},{"floor":8,"key":"REST"},{"data":"Pummel","floor":10,"key":"SMITH"},{"data":"Thunderclap","floor":12,"key":"SMITH"},{"floor":15,"key":"REST"},{"data":"Body Slam","floor":23,"key":"SMITH"},{"floor":25,"key":"REST"},{"floor":30,"key":"REST"},{"data":"Flex","floor":32,"key":"SMITH"}],"circlet_count":0,"master_deck":["AscendersBane","Strike_R","Defend_R","Defend_R","Defend_R","Defend_R","Bash","Shrug It Off","Dropkick","Body Slam+1","Pummel+1","Thunderclap+1","Limit Break","Disarm","Master of Strategy","Pommel Strike","Dropkick","Body Slam+1","Flex+1","Decay","Heavy Blade"],"relics":["Burning Blood","NeowsBlessing","Matryoshka","Centennial Puzzle","MawBank","Mercury Hourglass","CeramicFish","Paper Frog","Boot","Cursed Key","Juzu Bracelet","Eternal Feather","Smiling Mask","Orichalcum"],"acts_visited":["Exordium","TheCity"],"potions_floor_usage":[7,7,11,33,33],"damage_taken":[{"damage":0,"enemies":"Small Slimes","floor":1,"turns":2},{"damage":0,"enemies":"Cultist","floor":2,"turns":1},{"damage":0,"enemies":"Jaw Worm","floor":5,"turns":1},{"damage":45,"enemies":"Lagavulin","floor":7,"turns":9},{"damage":17,"enemies":"3 Sentries","floor":11,"turns":5},{"damage":43,"enemies":"Hexaghost","floor":16,"turns":9},{"damage":0,"enemies":"3 Byrds","floor":18,"turns":4},{"damage":10,"enemies":"Chosen","floor":21,"turns":3},{"damage":19,"enemies":"Snecko","floor":22,"turns":5},{"damage":21,"enemies":"Book of Stabbing","floor":24,"turns":4},{"damage":29,"enemies":"Slavers","floor":27,"turns":4},{"damage":13,"enemies":"Snake Plant","floor":31,"turns":2},{"damage":109,"enemies":"Champ","floor":33,"turns":10}],"seed_played":"4479678636226614239","potions_obtained":[{"floor":2,"key":"CultistPotion"},{"floor":5,"key":"DuplicationPotion"},{"floor":7,"key":"Strength Potion"},{"floor":21,"key":"BloodPotion"},{"floor":27,"key":"Swift Potion"}],"is_trial":false,"path_per_floor":["M","M","?","?","M","R","E","R","T","R","E","R","T","?","R","B",null,"M","?","$","M","M","R","E","R","T","E","?","$","R","M","R","B"],"character_chosen":"IRONCLAD","items_purchased":["Master of Strategy","Pommel Strike","Orichalcum"],"campfire_rested":4,"item_purchase_floors":[20,20,29],"current_hp_per_floor":[74,75,75,75,75,75,36,58,58,58,47,47,47,47,69,32,64,70,70,70,66,53,53,38,60,60,37,37,37,71,64,75,0,0],"gold":16,"neow_bonus":"THREE_ENEMY_KILL","is_daily":false,"chose_seed":false,"campfire_upgraded":5,"win_rate":0.0,"timestamp":1609235547,"path_taken":["M","M","?","?","?","R","E","R","T","R","E","R","?","?","R","BOSS","M","?","$","M","M","R","E","R","T","E","?","$","R","M","R","BOSS"],"items_purchased_type":["Card","Card","Relic"],"build_version":"2020-12-22","purchased_purges":2,"victory":false,"max_hp_per_floor":[75,75,75,75,75,75,75,75,75,75,75,75,75,75,75,75,75,75,75,75,75,75,75,75,75,75,75,75,75,75,75,75,75,75],"relic_stats":{"counters":[13,58],"CeramicFish":90,"Eternal Feather":23,"Juzu Bracelet":0,"Orichalcum":[18],"MawBank":132,"Boot":[68],"Cursed Key":1,"Smiling Mask":50,"Burning Blood":61,"Mercury Hourglass":[153],"Centennial Puzzle":[24],"obtain_stats":[{"NeowsBlessing":0,"CeramicFish":11,"Eternal Feather":26,"Juzu Bracelet":24,"Orichalcum":29,"MawBank":9,"Boot":13,"Cursed Key":17,"Smiling Mask":27,"Burning Blood":0,"Mercury Hourglass":9,"Centennial Puzzle":7,"Matryoshka":3,"Paper Frog":13},{"NeowsBlessing":0,"CeramicFish":5,"Eternal Feather":10,"Juzu Bracelet":10,"Orichalcum":11,"MawBank":4,"Boot":5,"Cursed Key":6,"Smiling Mask":11,"Burning Blood":0,"Mercury Hourglass":4,"Centennial Puzzle":4,"Matryoshka":2,"Paper Frog":5},{"NeowsBlessing":0,"CeramicFish":18,"Eternal Feather":42,"Juzu Bracelet":42,"Orichalcum":46,"MawBank":13,"Boot":18,"Cursed Key":27,"Smiling Mask":46,"Burning Blood":0,"Mercury Hourglass":13,"Centennial Puzzle":13,"Matryoshka":3,"Paper Frog":18}]},"card_choices":[{"not_picked":["Armaments","Body Slam"],"picked":"Shrug It Off","floor":1},{"not_picked":["Sever Soul","Ghostly Armor"],"picked":"Dropkick","floor":2},{"not_picked":["Clash","Second Wind"],"picked":"Body Slam","floor":5},{"not_picked":["Clash","Blood for Blood"],"picked":"Pummel","floor":7},{"not_picked":["Disarm","Shockwave"],"picked":"Thunderclap","floor":11},{"not_picked":["Juggernaut","Impervious"],"picked":"Limit Break","floor":16},{"not_picked":["Armaments","Body Slam"],"picked":"Disarm","floor":18},{"not_picked":["Pommel Strike","Cleave+1"],"picked":"Dropkick","floor":21},{"not_picked":["Pommel Strike","Reckless Charge"],"picked":"Body Slam","floor":22},{"not_picked":["Sever Soul+1","Reckless Charge"],"picked":"Flex","floor":24},{"not_picked":["Flame Barrier","Cleave"],"picked":"Heavy Blade","floor":27},{"not_picked":["Sentinel","Rupture","Warcry+1"],"picked":"SKIP","floor":31}],"player_experience":2103590,"relics_obtained":[{"floor":7,"key":"Centennial Puzzle"},{"floor":9,"key":"MawBank"},{"floor":9,"key":"Mercury Hourglass"},{"floor":11,"key":"CeramicFish"},{"floor":13,"key":"Paper Frog"},{"floor":13,"key":"Boot"},{"floor":24,"key":"Juzu Bracelet"},{"floor":26,"key":"Eternal Feather"},{"floor":27,"key":"Smiling Mask"}],"event_choices":[{"damage_healed":0,"gold_gain":0,"player_choice":"Box","damage_taken":0,"relics_obtained":["Matryoshka"],"max_hp_gain":0,"max_hp_loss":0,"event_name":"Big Fish","floor":3,"gold_loss":0,"cards_obtained":["Regret"]},{"cards_removed":["Regret"],"damage_healed":0,"gold_gain":0,"player_choice":"Purged","damage_taken":0,"max_hp_gain":0,"max_hp_loss":0,"event_name":"Purifier","floor":4,"gold_loss":0},{"cards_removed":["Strike_R"],"damage_healed":0,"gold_gain":0,"player_choice":"Forget","damage_taken":0,"max_hp_gain":0,"max_hp_loss":0,"event_name":"Living Wall","floor":14,"gold_loss":0},{"cards_removed":["Strike_R"],"damage_healed":0,"gold_gain":0,"player_choice":"Gave Gold","damage_taken":0,"max_hp_gain":0,"max_hp_loss":0,"event_name":"Beggar","floor":19,"gold_loss":75},{"damage_healed":0,"gold_gain":0,"player_choice":"Ignored","damage_taken":0,"max_hp_gain":0,"max_hp_loss":0,"event_name":"Vampires","floor":28,"gold_loss":0}],"is_beta":false,"boss_relics":[{"not_picked":["Snecko Eye","Mark of Pain"],"picked":"Cursed Key"}],"items_purged_floors":[20,29],"is_endless":false,"potions_floor_spawned":[2,5,7,21,27],"killed_by":"Champ","ascension_level":18}}