{"host":"963ykkbusvcbqwtq","time":1609251855,"event":{"mods":["2.2 Compatiblity","AchievementEnabler","Arknights The Spire","BaseMod","Colored Map","GifTheSpireLib","GungeonMod","Lobotomy","Luminous","Minty Spire (QoL Compilation)","StSLib","SuperFastMode","The Bug Knight"],"gold_per_floor":[116,116,41,41,61,95,95,180,180,194,229,229,304,304,304,304,304],"floor_reached":16,"playtime":733,"items_purged":["DemoMod:Strike_Huntress"],"score":106,"play_id":"ccae29c9-3f76-4441-9b30-111dbb22f764","local_time":"20201229232415","is_ascension_mode":false,"campfire_choices":[{"floor":7,"key":"REST"},{"data":"DemoMod:TripleGun","floor":12,"key":"SMITH"},{"floor":15,"key":"REST"}],"circlet_count":0,"master_deck":["DemoMod:Strike_Huntress","DemoMod:Defend_Huntress","DemoMod:Defend_Huntress","DemoMod:Defend_Huntress","DemoMod:Defend_Huntress","DemoMod:Roll","DemoMod:ManualReload","DemoMod:CrossBow","DemoMod:ProbeStrike","DemoMod:SkilledReload","DemoMod:BattleInHaste","DemoMod:RadGun","DreamingCurrent","DemoMod:TeaPot","DemoMod:GunShield","DemoMod:MegaHand","DemoMod:TripleGun+1"],"relics":["DemoMod:Dog","CogitoBucket","Prayer Wheel","Smiling Mask","HornCleat","Pantograph","Toxic Egg 2"],"acts_visited":["Exordium"],"potions_floor_usage":[6,16],"damage_taken":[{"damage":4.0,"enemies":"2 Louse","floor":1.0,"turns":3.0},{"damage":0,"enemies":"Small Slimes","floor":5,"turns":7},{"damage":44,"enemies":"Lagavulin","floor":6,"turns":10},{"damage":0,"enemies":"Cultist","floor":8,"turns":11},{"damage":49,"enemies":"Cultist","floor":10,"turns":7},{"damage":35,"enemies":"HollowMod:MossKnight","floor":11,"turns":8},{"damage":162,"enemies":"Hexaghost","floor":16,"turns":21}],"seed_played":"8702432487368155062","potions_obtained":[{"floor":1.0,"key":"PowerPotion"},{"floor":10,"key":"Block Potion"}],"is_trial":false,"path_per_floor":["M","?","$","?","M","E","R","?","T","M","E","R","?","?","R","B"],"character_chosen":"HUNTRESS","items_purchased":[],"campfire_rested":2,"item_purchase_floors":[],"current_hp_per_floor":[66,70,70,70,70,26,47,47,47,34,41,41,30,18,39,0,0],"gold":304,"neow_bonus":"","is_daily":false,"chose_seed":false,"campfire_upgraded":1,"win_rate":0.0,"timestamp":1609251855,"path_taken":["M","?","$","?","M","E","R","?","T","M","E","R","?","?","R","BOSS"],"items_purchased_type":[],"build_version":"2020-12-22","purchased_purges":1,"victory":false,"max_hp_per_floor":[70,70,70,70,70,70,70,70,70,70,70,70,70,70,70,70,70],"card_choices":[{"not_picked":["Bloodbath","HappyTeddy","PunishingBird"],"picked":"Singing Bowl","floor":1.0},{"not_picked":["DemoMod:DirectionalPad","DemoMod:FastSwitch"],"picked":"DemoMod:ProbeStrike","floor":1.0},{"not_picked":["DemoMod:StickyCrossBow","DemoMod:HardPowerCard"],"picked":"DemoMod:BattleInHaste","floor":5},{"not_picked":["Laetitia","Rudolta","WallGazer"],"picked":"Singing Bowl","floor":6},{"not_picked":["DemoMod:MachoBrace","DemoMod:GunShield"],"picked":"DemoMod:RadGun","floor":6},{"not_picked":["Bloodbath","Wellcheers","WallGazer"],"picked":"Singing Bowl","floor":8},{"not_picked":["CENSORED","GalaxyChild"],"picked":"DreamingCurrent","floor":8},{"not_picked":["DemoMod:FastSwitch","DemoMod:MachoBrace"],"picked":"DemoMod:TeaPot","floor":8},{"not_picked":["ShyLook","NakedNest","SpiderBud"],"picked":"Singing Bowl","floor":10},{"not_picked":["DemoMod:FeignSurrender","DemoMod:GunstockTap"],"picked":"DemoMod:GunShield","floor":10},{"not_picked":["DemoMod:SAA","DemoMod:JK47"],"picked":"DemoMod:MegaHand","floor":10},{"not_picked":["SpiderBud","GreedKing","ShyLook"],"picked":"Singing Bowl","floor":11},{"not_picked":["DemoMod:AC15","DemoMod:ShadowBullets"],"picked":"DemoMod:TripleGun","floor":11}],"player_experience":194834,"relics_obtained":[{"floor":6,"key":"Prayer Wheel"},{"floor":8,"key":"Smiling Mask"},{"floor":9,"key":"HornCleat"},{"floor":11,"key":"Pantograph"}],"event_choices":[{"damage_healed":0,"gold_gain":0,"cards_transformed":["DemoMod:Strike_Huntress"],"player_choice":"Change","damage_taken":0,"max_hp_gain":0,"max_hp_loss":0,"event_name":"Living Wall","floor":4,"gold_loss":0,"cards_obtained":["DemoMod:SkilledReload"]},{"damage_healed":0,"gold_gain":75,"player_choice":"Gather Gold","damage_taken":11,"max_hp_gain":0,"max_hp_loss":0,"event_name":"World of Goop","floor":13,"gold_loss":0},{"damage_healed":0,"gold_gain":0,"player_choice":"Success","damage_taken":12,"relics_obtained":["Toxic Egg 2"],"max_hp_gain":0,"max_hp_loss":0,"event_name":"Scrap Ooze","floor":14,"gold_loss":0}],"is_beta":false,"boss_relics":[],"items_purged_floors":[3],"is_endless":false,"potions_floor_spawned":[1,10],"killed_by":"Hexaghost","ascension_level":0}}