{"host":"ek3xvuouaw6vk9if","time":1609201658,"event":{"mods":["BaseMod","BetterRewards","Downfall","Minty Spire (QoL Compilation)","Permanent Neow","Quick Restart","Replay The Spire","StSLib"],"gold_per_floor":[109,23,37,47,47,82,82,116,116,130,130,141,155,155,155,155,155],"floor_reached":16,"playtime":874,"items_purged":[],"score":120,"play_id":"de34d6e4-7193-407b-9d27-eae8ea70e59c","local_time":"20201228192738","is_ascension_mode":true,"campfire_choices":[{"data":"ReplayTheSpireMod:Muscle Training","floor":7,"key":"SMITH"},{"data":"Inflame","floor":11,"key":"SMITH"},{"data":"Bash","floor":15,"key":"SMITH"}],"circlet_count":0,"master_deck":["Strike_R","Strike_R","Strike_R","Strike_R","Strike_R","Defend_R","Defend_R","Defend_R","Defend_R","Bash+1","Hemogenesis+1","Twin Strike","Whirlwind","Cleave","ReplayTheSpireMod:Muscle Training+1","Flex","Inflame+1","Impervious+1","Burning Pact"],"relics":["Burning Blood","Golden Egg","Potion Belt"],"acts_visited":["Exordium"],"potions_floor_usage":[13,16,16],"damage_taken":[{"damage":15,"enemies":"Jaw Worm","floor":1,"turns":4},{"damage":3,"enemies":"2 Louse","floor":2,"turns":5},{"damage":1,"enemies":"Small Slimes","floor":3,"turns":3},{"damage":11,"enemies":"2 Fungi Beasts","floor":4,"turns":4},{"damage":25,"enemies":"Replay:BlueRogue","floor":6,"turns":8},{"damage":32,"enemies":"3 Sentries","floor":8,"turns":5},{"damage":28,"enemies":"Exordium Wildlife","floor":10,"turns":5},{"damage":17,"enemies":"Blue Slaver","floor":12,"turns":4},{"damage":7,"enemies":"2 Fungi Beasts","floor":13,"turns":3},{"damage":17,"enemies":"Hexaghost","floor":16,"turns":8}],"seed_played":"504254169151541378","potions_obtained":[{"floor":2,"key":"GamblersBrew"},{"floor":4,"key":"Swift Potion"},{"floor":12,"key":"Milkshake"},{"floor":13,"key":"Block Potion"}],"is_trial":false,"path_per_floor":["M","M","M","M","$","E","R","E","T","M","R","M","M","?","R","B"],"character_chosen":"IRONCLAD","items_purchased":[],"campfire_rested":0,"item_purchase_floors":[],"current_hp_per_floor":[71,79,80,75,75,61,61,35,35,20,20,9,8,8,8,0,0],"gold":155,"neow_bonus":"THREE_RARE_CARDS","is_daily":false,"chose_seed":false,"campfire_upgraded":3,"win_rate":0.0,"timestamp":1609201658,"path_taken":["M","M","M","M","$","E","R","E","T","M","R","M","M","?","R","BOSS"],"items_purchased_type":[],"build_version":"2020-12-22","purchased_purges":0,"victory":false,"max_hp_per_floor":[80,80,80,80,80,80,80,80,80,80,80,80,80,80,80,80,80],"card_choices":[{"not_picked":["Impervious","Offering"],"picked":"Hemogenesis","floor":0},{"not_picked":["ReplayReversal","Flex","Perfected Strike"],"picked":"SKIP","floor":1},{"not_picked":["Run Through","Intimidate"],"picked":"Twin Strike","floor":2},{"not_picked":["Searing Blow","ReplayTheSpireMod:Strike From Hell"],"picked":"Whirlwind","floor":3},{"not_picked":["True Grit","Twin Strike"],"picked":"Cleave","floor":4},{"not_picked":["Searing Blow","Massacre"],"picked":"ReplayTheSpireMod:Muscle Training","floor":6},{"not_picked":["Wild Strike","Abandon"],"picked":"Flex","floor":8},{"not_picked":["Replay:Undeath\u0027s Touch","ReplayTheSpireMod:Strike From Hell"],"picked":"Inflame","floor":10},{"not_picked":["Shrug It Off","Heavy Blade"],"picked":"Impervious","floor":12},{"not_picked":["Fire Breathing","Dark Embrace"],"picked":"Burning Pact","floor":13}],"player_experience":712835,"relics_obtained":[{"floor":6,"key":"Golden Egg"},{"floor":8,"key":"Potion Belt"}],"event_choices":[{"damage_healed":0,"gold_gain":0,"player_choice":"Grow","damage_taken":0,"max_hp_gain":0,"max_hp_loss":0,"event_name":"Living Wall","floor":14,"gold_loss":0,"cards_upgraded":["Hemogenesis"]}],"is_beta":false,"boss_relics":[],"items_purged_floors":[],"is_endless":false,"potions_floor_spawned":[2,4,12,13],"killed_by":"Hexaghost","ascension_level":1}}