{"host":"sc0o2qwpf9j16a4i","time":1609282626,"event":{"mods":["AchievementEnabler","BaseMod","BetterRewards","Block Reminder","Colored Map","Colored Powertips","Custom Start","Highlight Path","Minty Spire (QoL Compilation)","Relic Stats"],"gold_per_floor":[119,63,63,28,28,28,59,59,59,59,399,399,420,454,454,454,454],"floor_reached":16,"playtime":220,"items_purged":[],"score":328,"play_id":"628f179e-7133-4949-b6a7-dce9e98a1564","local_time":"20201230005706","is_ascension_mode":true,"campfire_choices":[{"data":"Ball Lightning","floor":6,"key":"SMITH"},{"data":"Zap","floor":15,"key":"SMITH"}],"circlet_count":0,"master_deck":["AscendersBane","Strike_B","Strike_B+1","Strike_B","Strike_B","Defend_B","Defend_B","Defend_B+1","Defend_B","Zap+1","Dualcast","Ball Lightning+1","Conserve Battery","Stack","Self Repair+1","Leap"],"relics":["Cracked Core","NeowsBlessing","Regal Pillow","Pocketwatch","Golden Idol","Frozen Egg 2","Old Coin","Blood Vial"],"acts_visited":["Exordium"],"potions_floor_usage":[13,16,16],"damage_taken":[{"damage":0,"enemies":"Cultist","floor":1,"turns":1},{"damage":0,"enemies":"Gremlin Nob","floor":7,"turns":1},{"damage":0,"enemies":"3 Sentries","floor":11,"turns":1},{"damage":0,"enemies":"Small Slimes","floor":13,"turns":1},{"damage":3,"enemies":"Lagavulin","floor":14,"turns":7},{"damage":62,"enemies":"Slime Boss","floor":16,"turns":10}],"seed_played":"-2920213580419679091","potions_obtained":[{"floor":7,"key":"Block Potion"},{"floor":14,"key":"DistilledChaos"}],"is_trial":false,"path_per_floor":["M","$","?","?","$","R","E","?","T","?","E","?","M","E","R","B"],"character_chosen":"DEFECT","items_purchased":["Fire Potion"],"campfire_rested":0,"item_purchase_floors":[2],"current_hp_per_floor":[64,64,59,71,71,71,71,47,47,26,26,49,49,56,56,0,0],"gold":454,"neow_bonus":"THREE_ENEMY_KILL","is_daily":false,"chose_seed":false,"campfire_upgraded":2,"win_rate":0.0,"timestamp":1609282626,"path_taken":["M","$","?","?","$","R","E","?","T","?","E","?","M","E","R","BOSS"],"items_purchased_type":["Potion"],"build_version":"2020-12-22","purchased_purges":0,"victory":false,"max_hp_per_floor":[71,71,71,71,71,71,71,71,71,71,71,71,71,71,71,71,71],"relic_stats":{"Blood Vial":2,"Regal Pillow":0,"counters":[6,21],"Golden Idol":19,"obtain_stats":[{"Blood Vial":14,"Regal Pillow":3,"NeowsBlessing":0,"Golden Idol":8,"Frozen Egg 2":9,"Cracked Core":0,"Pocketwatch":7,"Old Coin":11},{"Blood Vial":5,"Regal Pillow":1,"NeowsBlessing":0,"Golden Idol":2,"Frozen Egg 2":2,"Cracked Core":0,"Pocketwatch":2,"Old Coin":3},{"Blood Vial":11,"Regal Pillow":1,"NeowsBlessing":0,"Golden Idol":2,"Frozen Egg 2":2,"Cracked Core":0,"Pocketwatch":2,"Old Coin":3}],"Pocketwatch":[30]},"card_choices":[{"not_picked":["Stack","Hologram"],"picked":"Ball Lightning","floor":1},{"not_picked":["Capacitor","Static Discharge"],"picked":"Conserve Battery","floor":7},{"not_picked":["Chaos","Hyperbeam"],"picked":"Stack","floor":11},{"not_picked":["Stack","Aggregate"],"picked":"Self Repair+1","floor":13},{"not_picked":["Coolheaded","Redo"],"picked":"Leap","floor":14}],"player_experience":423172,"relics_obtained":[{"floor":7,"key":"Pocketwatch"},{"floor":9,"key":"Frozen Egg 2"},{"floor":11,"key":"Old Coin"},{"floor":14,"key":"Blood Vial"}],"event_choices":[{"damage_healed":0,"gold_gain":0,"player_choice":"Success","damage_taken":5,"relics_obtained":["Regal Pillow"],"max_hp_gain":0,"max_hp_loss":0,"event_name":"Scrap Ooze","floor":3,"gold_loss":0},{"damage_healed":17,"gold_gain":0,"player_choice":"Healed","damage_taken":0,"max_hp_gain":0,"max_hp_loss":0,"event_name":"The Cleric","floor":4,"gold_loss":35},{"damage_healed":0,"gold_gain":0,"player_choice":"Take Damage","damage_taken":24,"relics_obtained":["Golden Idol"],"max_hp_gain":0,"max_hp_loss":0,"event_name":"Golden Idol","floor":8,"gold_loss":0},{"damage_healed":0,"gold_gain":0,"player_choice":"Entered Light","damage_taken":21,"max_hp_gain":0,"max_hp_loss":0,"event_name":"Shining Light","floor":10,"gold_loss":0,"cards_upgraded":["Defend_B","Strike_B"]},{"damage_healed":23,"gold_gain":0,"player_choice":"Banana","damage_taken":0,"max_hp_gain":0,"max_hp_loss":0,"event_name":"Big Fish","floor":12,"gold_loss":0}],"is_beta":false,"boss_relics":[],"items_purged_floors":[],"is_endless":false,"potions_floor_spawned":[7,14],"killed_by":"Slime Boss","ascension_level":20}}