{"host":"mi0eibewekhugwl1","time":1609241545,"event":{"mods":["AchievementEnabler","BaseMod","Colored Map","Colored Powertips","DeckTracker","Keyboard Shortcuts","Minty Spire (QoL Compilation)","Quick Restart","Rare Cards Sparkle","Relic Stats","StSLib","SuperFastMode","everything is the same but u backflip on backflip"],"gold_per_floor":[14,24,41,59,79,79,114,114,138,138,138,63,113,124,124,124,124],"floor_reached":16,"playtime":239,"items_purged":["Strike_R"],"score":204,"play_id":"d39ba8bf-e8ef-4e32-951a-5dba963511c1","local_time":"20201229203225","is_ascension_mode":true,"campfire_choices":[{"data":"Whirlwind","floor":6.0,"key":"SMITH"},{"data":"Body Slam","floor":8.0,"key":"SMITH"},{"data":"Second Wind","floor":10.0,"key":"SMITH"},{"data":"Shockwave","floor":15,"key":"SMITH"}],"circlet_count":0,"master_deck":["AscendersBane","Strike_R","Strike_R","Strike_R","Strike_R","Defend_R","Defend_R","Defend_R","Defend_R","Bash","Second Wind+1","Pommel Strike+1","Whirlwind+1","Body Slam+1","Shockwave+1"],"relics":["Burning Blood","Magic Flower","Omamori","Juzu Bracelet"],"acts_visited":["Exordium"],"potions_floor_usage":[16],"damage_taken":[{"damage":2.0,"enemies":"2 Louse","floor":1.0,"turns":3.0},{"damage":7.0,"enemies":"Cultist","floor":2.0,"turns":4.0},{"damage":16.0,"enemies":"Jaw Worm","floor":3.0,"turns":4.0},{"damage":4.0,"enemies":"Gremlin Gang","floor":4.0,"turns":6.0},{"damage":16.0,"enemies":"Looter","floor":5.0,"turns":4.0},{"damage":25.0,"enemies":"Lagavulin","floor":7.0,"turns":5.0},{"damage":0,"enemies":"Lots of Slimes","floor":14,"turns":1},{"damage":58,"enemies":"Slime Boss","floor":16,"turns":6}],"seed_played":"-1499622268829211084","potions_obtained":[{"floor":1.0,"key":"Fire Potion"},{"floor":4.0,"key":"AttackPotion"},{"floor":7.0,"key":"GamblersBrew"}],"is_trial":false,"path_per_floor":["M","M","M","M","M","R","E","R","T","R","?","$","?","M","R","B"],"character_chosen":"IRONCLAD","items_purchased":[],"campfire_rested":0,"item_purchase_floors":[],"current_hp_per_floor":[75,75,68,73,66,66,50,50,50,50,50,50,43,52,52,0,0],"gold":124,"neow_bonus":"ONE_RARE_RELIC","is_daily":false,"chose_seed":false,"campfire_upgraded":4,"win_rate":0.0,"timestamp":1609241545,"path_taken":["M","M","M","M","M","R","E","R","T","R","?","$","?","M","R","BOSS"],"items_purchased_type":[],"build_version":"2020-12-22","purchased_purges":1,"victory":false,"max_hp_per_floor":[75,75,75,75,75,75,75,75,75,75,75,75,75,75,75,75,75],"relic_stats":{"counters":[8,33],"Magic Flower":[19],"Juzu Bracelet":0,"obtain_stats":[{"Magic Flower":0,"Omamori":7,"Juzu Bracelet":9,"Burning Blood":0},{"Magic Flower":0,"Omamori":6,"Juzu Bracelet":6,"Burning Blood":0},{"Magic Flower":0,"Omamori":26,"Juzu Bracelet":26,"Burning Blood":0}],"Burning Blood":61},"card_choices":[{"not_picked":["Anger","True Grit"],"picked":"Second Wind","floor":1.0},{"not_picked":["Sever Soul","Perfected Strike","Thunderclap"],"picked":"SKIP","floor":2.0},{"not_picked":["Havoc","Ghostly Armor"],"picked":"Pommel Strike","floor":3.0},{"not_picked":["Perfected Strike","Searing Blow"],"picked":"Whirlwind","floor":4.0},{"not_picked":["Spot Weakness","Flame Barrier"],"picked":"Body Slam","floor":5.0},{"not_picked":["Metallicize","Warcry"],"picked":"Shockwave","floor":7.0},{"not_picked":["Heavy Blade","Combust","Iron Wave"],"picked":"SKIP","floor":14}],"player_experience":1722522,"relics_obtained":[{"floor":7.0,"key":"Omamori"},{"floor":9.0,"key":"Juzu Bracelet"}],"event_choices":[{"damage_healed":0.0,"max_hp_gain":0.0,"max_hp_loss":0.0,"gold_gain":0.0,"event_name":"Living Wall","player_choice":"Grow","floor":11.0,"gold_loss":0.0,"damage_taken":0.0,"cards_upgraded":["Pommel Strike"]},{"damage_healed":0,"gold_gain":50,"player_choice":"Touch","damage_taken":7,"max_hp_gain":0,"max_hp_loss":0,"event_name":"FaceTrader","floor":13,"gold_loss":0}],"is_beta":false,"boss_relics":[],"items_purged_floors":[12],"is_endless":false,"potions_floor_spawned":[1,4,7],"killed_by":"Slime Boss","ascension_level":20}}