{"host":"kh6fvhxn285ncg0o","time":1609207848,"event":{"mods":["Act Like it!","BaseMod","Colored Map","Friendly Minions","Keyboard Shortcuts","Minty Spire (QoL Compilation)","Quick Restart","Relic Stats","StSLib","SuperFastMode"],"gold_per_floor":[364,289,309,309,325,325,65,99,99,129,149,149,299,64,64,142,142,162,162,162,181,89,117,117,146,170,170,200,200,300,316,316,389,389,408,408,433,433,447,480,480,512,512,512,547,460,492,522,534,546,558,570,582,63,91,91],"floor_reached":57,"playtime":2275,"items_purged":["Doubt","Strike_R","Strike_R","Strike_R"],"score":3741,"play_id":"93361aad-5cfd-41ea-b28f-78e2b1451437","local_time":"20201229111048","is_ascension_mode":true,"campfire_choices":[{"data":"Bash","floor":6.0,"key":"SMITH"},{"data":"Finesse","floor":12.0,"key":"SMITH"},{"data":"Dark Embrace","floor":15.0,"key":"SMITH"},{"data":"Bloodletting","floor":24.0,"key":"SMITH"},{"data":"Flash of Steel","floor":27.0,"key":"SMITH"},{"floor":29.0,"key":"REST"},{"data":"Rage","floor":32,"key":"SMITH"},{"data":"Body Slam","floor":41,"key":"SMITH"},{"floor":49,"key":"RECALL"},{"data":"Offering","floor":53,"key":"SMITH"}],"circlet_count":0,"master_deck":["AscendersBane","Strike_R","Defend_R","Defend_R+1","Defend_R","Defend_R","Bash+1","Shockwave+1","Dark Embrace+1","Finesse+1","Rampage","Metallicize+1","Barricade+1","Flash of Steel+1","Disarm","Corruption+1","Shrug It Off","Shrug It Off","Combust+1","Bloodletting+1","Shockwave","Rage+1","Fiend Fire","Feel No Pain+1","Flash of Steel","Flash of Steel","Body Slam+1","Feel No Pain+1","Offering+1","Burning Pact","Shrug It Off"],"relics":["Burning Blood","Lantern","Frozen Egg 2","Smiling Mask","Blood Vial","SlaversCollar","TungstenRod","Incense Burner","Matryoshka","White Beast Statue","WingedGreaves","Gambling Chip","Blue Candle","Runic Pyramid","Mango","Oddly Smooth Stone","Mercury Hourglass","War Paint","Juzu Bracelet","Meat on the Bone","Singing Bowl","Nunchaku","MawBank","Membership Card","Bottled Tornado","Toy Ornithopter","Sundial"],"acts_visited":["Exordium","TheCity","TheBeyond","TheEnding"],"potions_floor_usage":[33,45,55,56,56],"damage_taken":[{"damage":10.0,"enemies":"Small Slimes","floor":1.0,"turns":5.0},{"damage":8.0,"enemies":"2 Louse","floor":3.0,"turns":4.0},{"damage":14.0,"enemies":"Cultist","floor":5.0,"turns":5.0},{"damage":44.0,"enemies":"3 Sentries","floor":8.0,"turns":15.0},{"damage":33.0,"enemies":"Lagavulin","floor":10.0,"turns":7.0},{"damage":0.0,"enemies":"Looter","floor":11.0,"turns":4.0},{"damage":8.0,"enemies":"The Guardian","floor":16.0,"turns":15.0},{"damage":20.0,"enemies":"Chosen","floor":18.0,"turns":7.0},{"damage":4.0,"enemies":"3 Byrds","floor":21.0,"turns":9.0},{"damage":13.0,"enemies":"Gremlin Leader","floor":23.0,"turns":5.0},{"damage":14.0,"enemies":"Book of Stabbing","floor":25.0,"turns":6.0},{"damage":44.0,"enemies":"Slavers","floor":28.0,"turns":7.0},{"damage":4.0,"enemies":"Colosseum Slavers","floor":30.0,"turns":6.0},{"damage":23.0,"enemies":"Colosseum Nobs","floor":30.0,"turns":5.0},{"damage":4,"enemies":"Sentry and Sphere","floor":31,"turns":5},{"damage":6,"enemies":"Champ","floor":33,"turns":12},{"damage":2,"enemies":"Orb Walker","floor":35,"turns":5},{"damage":2,"enemies":"Mind Bloom Boss Battle","floor":37,"turns":6},{"damage":9,"enemies":"3 Darklings","floor":39,"turns":7},{"damage":0,"enemies":"Giant Head","floor":40,"turns":5},{"damage":2,"enemies":"Nemesis","floor":42,"turns":7},{"damage":2,"enemies":"Reptomancer","floor":45,"turns":6},{"damage":2,"enemies":"Nemesis","floor":47,"turns":5},{"damage":5,"enemies":"Giant Head","floor":48,"turns":6},{"damage":7,"enemies":"Awakened One","floor":50,"turns":7},{"damage":2,"enemies":"Donu and Deca","floor":51,"turns":5},{"damage":0,"enemies":"Shield and Spear","floor":55,"turns":6},{"damage":7,"enemies":"The Heart","floor":56,"turns":6}],"seed_played":"2056020723142969816","potions_obtained":[{"floor":1.0,"key":"ElixirPotion"},{"floor":5.0,"key":"FairyPotion"},{"floor":8.0,"key":"Fire Potion"},{"floor":23.0,"key":"Weak Potion"},{"floor":28.0,"key":"Explosive Potion"},{"floor":30.0,"key":"Strength Potion"},{"floor":31,"key":"AttackPotion"},{"floor":33,"key":"Block Potion"},{"floor":35,"key":"Swift Potion"},{"floor":40,"key":"PowerPotion"},{"floor":45,"key":"DuplicationPotion"},{"floor":48,"key":"ElixirPotion"},{"floor":55,"key":"Strength Potion"}],"is_trial":false,"path_per_floor":["M","?","M","?","M","R","$","E","T","E","M","R","?","$","R","B",null,"M","?","?","M","$","E","R","E","T","R","E","R","?","M","R","B",null,"M","?","?","T","M","E","R","E","T","?","E","$","E","E","R","B","B",null,"R","$","E","B",null],"character_chosen":"IRONCLAD","items_purchased":["Lantern","Finesse","Flash of Steel","Disarm","Combust+1","Feel No Pain+1","Membership Card","Bottled Tornado","Burning Pact","Toy Ornithopter","Shrug It Off","Swift Potion"],"campfire_rested":1,"item_purchase_floors":[7,7,14,14,22,46,54,54,54,54,54,54],"current_hp_per_floor":[64,64,62,67,59,59,59,21,21,27,35,35,35,35,35,35,64,52,52,52,56,56,51,51,45,45,45,9,30,19,23,23,25,61,67,58,78,78,77,85,85,87,87,87,89,89,89,91,91,90,91,91,91,91,93,93],"gold":91,"neow_bonus":"TWO_FIFTY_GOLD","is_daily":false,"chose_seed":false,"campfire_upgraded":8,"win_rate":0.0,"timestamp":1609207848,"path_taken":["M","?","M","?","M","R","$","E","T","E","M","R","?","$","R","BOSS","M","?","?","?","$","E","R","E","T","R","E","R","?","M","R","BOSS","M","?","?","?","M","E","R","E","T","?","E","$","E","E","R","BOSS","BOSS","R","$","E","BOSS"],"items_purchased_type":["Relic","Card","Card","Card","Card","Card","Relic","Relic","Card","Relic","Card","Potion"],"build_version":"2020-12-22","purchased_purges":4,"victory":true,"max_hp_per_floor":[68,68,68,73,73,73,73,73,73,73,73,73,73,73,73,73,73,73,73,73,73,73,73,73,73,73,73,73,73,73,73,73,73,73,73,73,87,87,87,87,87,87,87,87,89,89,89,91,91,91,91,91,91,91,93,93],"relic_stats":{"Singing Bowl":6,"counters":[28,188],"Blue Candle":[8],"Juzu Bracelet":0,"War Paint":["Shockwave","Defend_R"],"Smiling Mask":175,"MawBank":72,"Burning Blood":141,"Mercury Hourglass":[233],"Blood Vial":33,"Nunchaku":[15],"Sundial":[20],"Gambling Chip":[29],"obtain_stats":[{"Lantern":7,"Singing Bowl":45,"Mango":37,"Incense Burner":23,"Juzu Bracelet":42,"Bottled Tornado":54,"Smiling Mask":9,"Burning Blood":0,"Blood Vial":10,"Nunchaku":47,"Matryoshka":25,"Sundial":55,"Gambling Chip":30,"WingedGreaves":28,"Runic Pyramid":34,"Blue Candle":30,"Oddly Smooth Stone":38,"Frozen Egg 2":8,"War Paint":40,"MawBank":48,"White Beast Statue":26,"Mercury Hourglass":38,"SlaversCollar":17,"Membership Card":54,"TungstenRod":20,"Toy Ornithopter":54,"Meat on the Bone":43},{"Lantern":3,"Singing Bowl":22,"Mango":18,"Incense Burner":10,"Juzu Bracelet":21,"Bottled Tornado":26,"Smiling Mask":4,"Burning Blood":0,"Blood Vial":5,"Nunchaku":23,"Matryoshka":11,"Sundial":27,"Gambling Chip":14,"WingedGreaves":12,"Runic Pyramid":16,"Blue Candle":14,"Oddly Smooth Stone":18,"Frozen Egg 2":4,"War Paint":20,"MawBank":24,"White Beast Statue":11,"Mercury Hourglass":18,"SlaversCollar":7,"Membership Card":26,"TungstenRod":8,"Toy Ornithopter":26,"Meat on the Bone":21},{"Lantern":14,"Singing Bowl":153,"Mango":128,"Incense Burner":76,"Juzu Bracelet":147,"Bottled Tornado":176,"Smiling Mask":29,"Burning Blood":0,"Blood Vial":36,"Nunchaku":158,"Matryoshka":82,"Sundial":182,"Gambling Chip":100,"WingedGreaves":89,"Runic Pyramid":117,"Blue Candle":100,"Oddly Smooth Stone":128,"Frozen Egg 2":29,"War Paint":140,"MawBank":164,"White Beast Statue":82,"Mercury Hourglass":128,"SlaversCollar":55,"Membership Card":176,"TungstenRod":62,"Toy Ornithopter":176,"Meat on the Bone":147}],"TungstenRod":134,"Toy Ornithopter":5,"Meat on the Bone":0},"card_choices":[{"not_picked":["Infernal Blade","Sever Soul"],"picked":"Shockwave","floor":1.0},{"not_picked":["Twin Strike","Warcry"],"picked":"Dark Embrace","floor":3.0},{"not_picked":["Twin Strike","Clash"],"picked":"Rampage","floor":8.0},{"not_picked":["Havoc","Clothesline"],"picked":"Metallicize+1","floor":10.0},{"not_picked":["Carnage","Whirlwind"],"picked":"Barricade+1","floor":11.0},{"not_picked":["Barricade+1","Double Tap"],"picked":"Corruption+1","floor":16.0},{"not_picked":["Headbutt","Infernal Blade"],"picked":"Shrug It Off","floor":18.0},{"not_picked":["Flex","Cleave"],"picked":"Shrug It Off","floor":21.0},{"not_picked":["Sword Boomerang","Anger+1"],"picked":"Bloodletting","floor":23.0},{"not_picked":["Clothesline","Thunderclap","Whirlwind"],"picked":"SKIP","floor":25.0},{"not_picked":["Reckless Charge","Flex"],"picked":"Shockwave","floor":28.0},{"not_picked":["True Grit","Double Tap"],"picked":"Rage","floor":30.0},{"not_picked":["Anger","Thunderclap","Rampage"],"picked":"SKIP","floor":31},{"not_picked":["Impervious","Brutality+1"],"picked":"Fiend Fire","floor":33},{"not_picked":["Combust+1","Infernal Blade"],"picked":"Feel No Pain+1","floor":35},{"not_picked":["Violence","Jack Of All Trades"],"picked":"Flash of Steel","floor":36},{"not_picked":["Sadistic Nature+1","Good Instincts"],"picked":"Flash of Steel","floor":36},{"not_picked":["Flex","Headbutt"],"picked":"Body Slam","floor":37},{"not_picked":["Twin Strike+1","Havoc","Clash"],"picked":"SKIP","floor":39},{"not_picked":["Perfected Strike+1","Anger","Reckless Charge"],"picked":"SKIP","floor":40},{"not_picked":["Disarm","Blood for Blood","Rampage"],"picked":"SKIP","floor":42},{"not_picked":["Cleave","Shrug It Off","Power Through"],"picked":"Singing Bowl","floor":45},{"not_picked":["Flame Barrier","Twin Strike"],"picked":"Offering","floor":47},{"not_picked":["Headbutt+1","Shockwave","Perfected Strike"],"picked":"Singing Bowl","floor":48},{"not_picked":["Clothesline","Thunderclap+1","Dropkick"],"picked":"Singing Bowl","floor":55}],"player_experience":3296352,"relics_obtained":[{"floor":8.0,"key":"Frozen Egg 2"},{"floor":9.0,"key":"Smiling Mask"},{"floor":10.0,"key":"Blood Vial"},{"floor":23.0,"key":"Incense Burner"},{"floor":25.0,"key":"Matryoshka"},{"floor":26.0,"key":"White Beast Statue"},{"floor":28.0,"key":"WingedGreaves"},{"floor":30.0,"key":"Gambling Chip"},{"floor":30.0,"key":"Blue Candle"},{"floor":37,"key":"Mango"},{"floor":38,"key":"Oddly Smooth Stone"},{"floor":38,"key":"Mercury Hourglass"},{"floor":40,"key":"War Paint"},{"floor":42,"key":"Juzu Bracelet"},{"floor":43,"key":"Meat on the Bone"},{"floor":45,"key":"Singing Bowl"},{"floor":47,"key":"Nunchaku"},{"floor":48,"key":"MawBank"},{"floor":55,"key":"Sundial"}],"event_choices":[{"cards_removed":["Strike_R"],"damage_healed":0.0,"max_hp_gain":0.0,"max_hp_loss":0.0,"gold_gain":0.0,"event_name":"The Cleric","player_choice":"Card Removal","floor":2.0,"gold_loss":75.0,"damage_taken":0.0},{"damage_healed":0.0,"max_hp_gain":5.0,"max_hp_loss":0.0,"gold_gain":0.0,"event_name":"Big Fish","player_choice":"Donut","floor":4.0,"gold_loss":0.0,"damage_taken":0.0},{"damage_healed":0.0,"max_hp_gain":0.0,"max_hp_loss":0.0,"gold_gain":150.0,"event_name":"Liars Game","player_choice":"AGREE","floor":13.0,"gold_loss":0.0,"damage_taken":0.0,"cards_obtained":["Doubt"]},{"damage_healed":0.0,"max_hp_gain":0.0,"max_hp_loss":0.0,"gold_gain":0.0,"event_name":"Cursed Tome","player_choice":"Ignored","floor":19.0,"gold_loss":0.0,"damage_taken":0.0},{"damage_healed":0.0,"max_hp_gain":0.0,"max_hp_loss":0.0,"gold_gain":0.0,"event_name":"WeMeetAgain","player_choice":"Gave Potion","floor":20.0,"gold_loss":0.0,"damage_taken":0.0,"relics_obtained":["TungstenRod"]},{"damage_healed":0.0,"max_hp_gain":0.0,"max_hp_loss":0.0,"gold_gain":0.0,"event_name":"Colosseum","player_choice":"Fight","floor":30.0,"gold_loss":0.0,"damage_taken":0.0},{"damage_healed":0.0,"max_hp_gain":0.0,"max_hp_loss":0.0,"gold_gain":0.0,"event_name":"Colosseum","player_choice":"Fought Nobs","floor":30.0,"gold_loss":0.0,"damage_taken":0.0},{"damage_healed":0,"gold_gain":0,"player_choice":"Memory 3","damage_taken":10,"max_hp_gain":0,"max_hp_loss":0,"event_name":"SensoryStone","floor":36,"gold_loss":0},{"damage_healed":0,"gold_gain":0,"player_choice":"Fight","damage_taken":0,"max_hp_gain":0,"max_hp_loss":0,"event_name":"MindBloom","floor":37,"gold_loss":0},{"damage_healed":0,"gold_gain":0,"player_choice":"Ignored","damage_taken":0,"max_hp_gain":0,"max_hp_loss":0,"event_name":"Tomb of Lord Red Mask","floor":44,"gold_loss":0}],"is_beta":false,"boss_relics":[{"not_picked":["Snecko Eye","Black Blood"],"picked":"SlaversCollar"},{"not_picked":["Coffee Dripper","Tiny House"],"picked":"Runic Pyramid"}],"items_purged_floors":[14,22,46,54],"is_endless":false,"potions_floor_spawned":[1,5,8,23,28,30,30,31,33,35,37,39,40,42,45,47,48,55],"ascension_level":20}}