{"host":"a5zr8hf2yymwt50u","time":1609248062,"event":{"mods":["BaseMod","Colored Map","Minty Spire (QoL Compilation)","StSLib","The Bug Knight"],"gold_per_floor":[112,132,145,161,161,194,174,174,244,264,264,44,79,96,96,96,96],"floor_reached":16,"playtime":744,"items_purged":[],"score":112,"play_id":"399124fe-e767-4cc0-b700-146bde2f97ff","local_time":"20201229222102","is_ascension_mode":false,"campfire_choices":[{"data":"HollowMod:ZotesMagnificence","floor":8,"key":"SMITH"},{"data":"HollowMod:MonarchWings","floor":11,"key":"SMITH"},{"data":"HollowMod:GreatSlash","floor":15,"key":"SMITH"}],"circlet_count":0,"master_deck":["HollowMod:NailStrikeStart","HollowMod:NailStrikeStart","HollowMod:NailStrikeStart","HollowMod:QuickDashStart","HollowMod:QuickDashStart","HollowMod:QuickDashStart","HollowMod:QuickDashStart","HollowMod:FocusHealStart","HollowMod:PogoStrike","HollowMod:ZotesMagnificence+1","HollowMod:InfectionAssault","HollowMod:GreatSlash+1","HollowMod:InfectedCysts","HollowMod:MonarchWings+1","HollowMod:Grubsong","HollowMod:InfectedAttack","HollowMod:ShapeofUnn","HollowMod:InfectedAttack","HollowMod:InfectedAttack"],"relics":["HollowMod:VesselMask","Torii","Question Card","PreservedInsect","Nunchaku"],"acts_visited":["Exordium"],"potions_floor_usage":[13,16],"damage_taken":[{"damage":0,"enemies":"Jaw Worm","floor":1,"turns":1},{"damage":3,"enemies":"2 Louse","floor":2,"turns":2},{"damage":0,"enemies":"Cultist","floor":3,"turns":2},{"damage":14,"enemies":"Exordium Thugs","floor":4,"turns":4},{"damage":41,"enemies":"3 Sentries","floor":6,"turns":8},{"damage":0,"enemies":"Lots of Slimes","floor":10,"turns":1},{"damage":13,"enemies":"Lagavulin","floor":13,"turns":5},{"damage":8,"enemies":"Blue Slaver","floor":14,"turns":3},{"damage":24,"enemies":"HollowMod:FalseKnight","floor":16,"turns":2}],"seed_played":"2652952616322022924","potions_obtained":[{"floor":1,"key":"Swift Potion"},{"floor":3,"key":"CultistPotion"},{"floor":7,"key":"Dexterity Potion"},{"floor":10,"key":"Energy Potion"},{"floor":13,"key":"Explosive Potion"}],"is_trial":false,"path_per_floor":["M","M","M","M","?","E","?","R","T","M","R","$","E","M","R","B"],"character_chosen":"THE_BUGKNIGHT","items_purchased":["HollowMod:ShapeofUnn","PreservedInsect"],"campfire_rested":0,"item_purchase_floors":[12,12],"current_hp_per_floor":[75,72,72,64,57,26,26,26,26,26,26,26,23,15,15,0,0],"gold":96,"neow_bonus":"ONE_RANDOM_RARE_CARD","is_daily":false,"chose_seed":false,"campfire_upgraded":3,"win_rate":0.0,"timestamp":1609248062,"path_taken":["M","M","M","M","?","E","?","R","T","M","R","$","E","?","R","BOSS"],"items_purchased_type":["Card","Relic"],"build_version":"2020-12-22","purchased_purges":0,"victory":false,"max_hp_per_floor":[75,75,75,75,75,75,75,75,75,75,75,75,75,75,75,75,75],"card_choices":[{"not_picked":["HollowMod:AbyssShriek","HollowMod:BlackTendrils"],"picked":"HollowMod:InfectionAssault","floor":1},{"not_picked":["HollowMod:DescendingDark","HollowMod:SoulSplash"],"picked":"HollowMod:GreatSlash","floor":2},{"not_picked":["HollowMod:ShadowDash","HollowMod:AbyssShriek"],"picked":"HollowMod:InfectedCysts","floor":3},{"not_picked":["HollowMod:LifebloodCocoon","HollowMod:VengefulVoid"],"picked":"HollowMod:MonarchWings","floor":4},{"not_picked":["HollowMod:SoulVessel","HollowMod:LifebloodCocoon"],"picked":"HollowMod:Grubsong","floor":6},{"not_picked":["HollowMod:WraithStrike","HollowMod:GrimmsGift","HollowMod:NewLittleFool"],"picked":"HollowMod:InfectedAttack","floor":10},{"not_picked":["HollowMod:GreatSlash","HollowMod:GrimmsGift","HollowMod:Grubsong"],"picked":"HollowMod:InfectedAttack","floor":13},{"not_picked":["HollowMod:SoulSplash","HollowMod:AbyssShriek","HollowMod:ChannelNail"],"picked":"HollowMod:InfectedAttack","floor":14}],"player_experience":215087,"relics_obtained":[{"floor":6,"key":"Torii"},{"floor":9,"key":"Question Card"},{"floor":13,"key":"Nunchaku"}],"event_choices":[{"cards_removed":["HollowMod:NailStrikeStart"],"damage_healed":0,"gold_gain":0,"player_choice":"Card Removal","damage_taken":7,"max_hp_gain":0,"max_hp_loss":0,"event_name":"Golden Wing","floor":5,"gold_loss":0},{"damage_healed":0,"gold_gain":0,"player_choice":"Bought 1 Potion","damage_taken":0,"max_hp_gain":0,"max_hp_loss":0,"event_name":"The Woman in Blue","floor":7,"gold_loss":0}],"is_beta":false,"boss_relics":[],"items_purged_floors":[],"is_endless":false,"potions_floor_spawned":[1,3,10,13],"killed_by":"HollowMod:FalseKnight","ascension_level":0}}