{"host":"u3d6mm88zkvj4uc0","time":1609226850,"event":{"mods":["Act Like it!","BaseMod","Downfall","Minty Spire (QoL Compilation)","Replay The Spire","StSLib","[IsaacMod]ÒÔÈö¼âËþ"],"gold_per_floor":[111,126,23,23,33,50,50,50,50,69,69,82,82,82],"floor_reached":13,"playtime":558,"items_purged":[],"score":77,"play_id":"d1f310cd-89ca-49bb-b08f-bfbfba5cdc51","local_time":"20201229152730","is_ascension_mode":false,"campfire_choices":[{"data":"Eruption","floor":7.0,"key":"SMITH"}],"circlet_count":0,"master_deck":["Strike_P","Strike_P","Strike_P","Strike_P","Defend_P","Defend_P","Defend_P","Defend_P","Eruption+1","Vigilance","Replay:Vibes","SandsOfTime","Shame","Tantrum","ForeignInfluence","Regret","EmptyBody","Sickly","Replay:AtTheReady","Replay:ManipulateFuture"],"relics":["HushsDoor","NeowsBlessing","PokeGo","ReplayTheSpireMod:CursedCoin","AnarchistCookbook","Replay:M_StaffOfTheSnake","Frozen Egg 2","Pocketwatch"],"acts_visited":["Exordium"],"potions_floor_usage":[13,13],"damage_taken":[{"damage":0.0,"enemies":"2 Louse","floor":1.0,"turns":1.0},{"damage":0.0,"enemies":"Small Slimes","floor":2.0,"turns":1.0},{"damage":0.0,"enemies":"Cultist","floor":5.0,"turns":1.0},{"damage":0.0,"enemies":"3 Louse","floor":6.0,"turns":1.0},{"damage":40.0,"enemies":"Exordium Thugs","floor":10.0,"turns":4.0},{"damage":2,"enemies":"Large Slime","floor":12,"turns":3},{"damage":35,"enemies":"Gremlin Nob","floor":13,"turns":3}],"seed_played":"-6083408222948189028","potions_obtained":[{"floor":1.0,"key":"EntropicBrew"},{"floor":5.0,"key":"Explosive Potion"},{"floor":12,"key":"hexamod:EctoCoolerPotion"}],"is_trial":false,"path_per_floor":["M","M","$","?","M","M","R","?","T","M","?","M","E"],"character_chosen":"WATCHER","items_purchased":["ReplayTheSpireMod:CursedCoin","AnarchistCookbook"],"campfire_rested":0,"item_purchase_floors":[3,3],"current_hp_per_floor":[72,72,72,72,72,72,72,72,72,32,32,30,0,0],"gold":82,"neow_bonus":"THREE_ENEMY_KILL","is_daily":false,"chose_seed":false,"campfire_upgraded":1,"win_rate":0.0,"timestamp":1609226850,"path_taken":["M","M","$","?","M","M","R","?","T","?","?","M","E"],"items_purchased_type":["Relic","Relic"],"build_version":"2020-12-22","purchased_purges":0,"victory":false,"max_hp_per_floor":[72,72,72,72,72,72,72,72,72,72,72,72,72,72],"card_choices":[{"not_picked":[],"picked":"Bomb","floor":0.0},{"not_picked":["CutThroughFate","WheelKick"],"picked":"Replay:Vibes","floor":1.0},{"not_picked":["Study","Fasting2"],"picked":"SandsOfTime","floor":2.0},{"not_picked":["Adaptation","SashWhip"],"picked":"Tantrum","floor":5.0},{"not_picked":["PathToVictory","MentalFortress"],"picked":"ForeignInfluence","floor":6.0},{"not_picked":["JustLucky","Night Terror"],"picked":"EmptyBody","floor":10.0},{"not_picked":["PathToVictory","SashWhip"],"picked":"Replay:ManipulateFuture","floor":12}],"player_experience":111205,"relics_obtained":[{"floor":9.0,"key":"Pocketwatch"}],"event_choices":[{"damage_healed":0.0,"max_hp_gain":0.0,"max_hp_loss":0.0,"gold_gain":0.0,"event_name":"Big Fish","player_choice":"Box","floor":8.0,"gold_loss":0.0,"damage_taken":0.0,"relics_obtained":["Frozen Egg 2"],"cards_obtained":["Regret"]},{"damage_healed":0,"gold_gain":0,"player_choice":"2 cards matched","damage_taken":0,"max_hp_gain":0,"max_hp_loss":0,"event_name":"Match and Keep!","floor":11,"gold_loss":0,"cards_obtained":["Sickly","Replay:AtTheReady"]}],"is_beta":false,"boss_relics":[],"items_purged_floors":[],"is_endless":false,"potions_floor_spawned":[1,5,12],"killed_by":"Gremlin Nob","ascension_level":0}}