{"host":"sav7uxregyirlf69","time":1609237207,"event":{"mods":["AchievementEnabler","BaseMod","Colored Map","DeckTracker","Keyboard Shortcuts","Minty Spire (QoL Compilation)","READ ME - Guardian Mod","StSLib","SuperFastMode"],"gold_per_floor":[116,116,131,131,16,55,55,75,99,111,142,154,182,194,206,311,323,354,366,401,61,79,113,113,127,127,127,143,143,181,199,199,298,298,312,187,207,220,553,581,581,612,612,630,630,630,661,661,661,661,661],"floor_reached":50,"playtime":1401,"items_purged":["Strike_B","Strike_B","Defend_B"],"score":1315,"play_id":"a510738a-a0b4-4cad-9af3-ac7d79f0d777","local_time":"20201229192007","is_ascension_mode":true,"campfire_choices":[{"data":"Genetic Algorithm","floor":7.0,"key":"SMITH"},{"data":"Consume","floor":10.0,"key":"SMITH"},{"data":"Dualcast","floor":12.0,"key":"SMITH"},{"data":"Turbo","floor":15.0,"key":"SMITH"},{"data":"Creative AI","floor":24.0,"key":"SMITH"},{"data":"Defragment","floor":27.0,"key":"SMITH"},{"data":"Capacitor","floor":32.0,"key":"SMITH"},{"data":"Recycle","floor":41.0,"key":"SMITH"},{"data":"Stack","floor":45.0,"key":"SMITH"},{"floor":49.0,"key":"RECALL"}],"circlet_count":0,"master_deck":["AscendersBane","Defend_B","Defend_B","Zap+1","Dualcast+1","Coolheaded+1","Ball Lightning","Genetic Algorithm+1","Consume+1","Turbo+1","BootSequence","Gash","Creative AI+1","Double Energy+1","Seek+1","Sweeping Beam+1","Cold Snap","Defragment+1","Glacier","Chaos+1","Capacitor+1","Electrodynamics","Loop+1","Recycle+1","Steam Power+1","Stack+1","Self Repair+1"],"relics":["Cracked Core","NeowsBlessing","Blood Vial","MawBank","Mercury Hourglass","Astrolabe","Happy Flower","Ice Cream","Pear","Coffee Dripper","Omamori","Letter Opener","Singing Bowl","Frozen Egg 2"],"acts_visited":["Exordium","TheCity","TheBeyond"],"potions_floor_usage":[],"damage_taken":[{"damage":0.0,"enemies":"2 Louse","floor":1.0,"turns":1.0},{"damage":0.0,"enemies":"Small Slimes","floor":3.0,"turns":1.0},{"damage":0.0,"enemies":"Lagavulin","floor":6.0,"turns":2.0},{"damage":10.0,"enemies":"Jaw Worm","floor":8.0,"turns":5.0},{"damage":1.0,"enemies":"Looter","floor":11.0,"turns":2.0},{"damage":7.0,"enemies":"3 Louse","floor":13.0,"turns":4.0},{"damage":3.0,"enemies":"Hexaghost","floor":16.0,"turns":9.0},{"damage":0.0,"enemies":"Spheric Guardian","floor":18.0,"turns":3.0},{"damage":6.0,"enemies":"2 Thieves","floor":20.0,"turns":5.0},{"damage":0.0,"enemies":"Centurion and Healer","floor":22.0,"turns":8.0},{"damage":1.0,"enemies":"Gremlin Leader","floor":23.0,"turns":10.0},{"damage":17.0,"enemies":"Cultist and Chosen","floor":25.0,"turns":5.0},{"damage":7.0,"enemies":"3 Cultists","floor":28.0,"turns":5.0},{"damage":32.0,"enemies":"Slavers","floor":30.0,"turns":7.0},{"damage":16.0,"enemies":"Sentry and Sphere","floor":31.0,"turns":5.0},{"damage":0.0,"enemies":"Champ","floor":33.0,"turns":11.0},{"damage":0.0,"enemies":"Orb Walker","floor":35.0,"turns":4.0},{"damage":0.0,"enemies":"3 Darklings","floor":37.0,"turns":3.0},{"damage":0.0,"enemies":"Maw","floor":38.0,"turns":6.0},{"damage":21.0,"enemies":"Nemesis","floor":40.0,"turns":9.0},{"damage":17.0,"enemies":"Giant Head","floor":42.0,"turns":9.0},{"damage":21.0,"enemies":"Spire Growth","floor":44.0,"turns":4.0},{"damage":14.0,"enemies":"Nemesis","floor":47.0,"turns":7.0},{"damage":96,"enemies":"Awakened One","floor":50,"turns":7}],"seed_played":"7033858350126580364","potions_obtained":[{"floor":3.0,"key":"Block Potion"},{"floor":8.0,"key":"Block Potion"},{"floor":13.0,"key":"FocusPotion"},{"floor":18.0,"key":"SpeedPotion"},{"floor":19.0,"key":"Regen Potion"},{"floor":31.0,"key":"SpeedPotion"},{"floor":33.0,"key":"Swift Potion"},{"floor":42.0,"key":"Regen Potion"}],"is_trial":false,"path_per_floor":["M","?","M","?","$","E","R","M","T","R","M","R","M","T","R","B",null,"M","?","M","$","M","E","R","M","T","R","M","?","E","M","R","B",null,"M","$","M","M","?","E","R","E","T","M","R","?","E","?","R","B"],"character_chosen":"DEFECT","items_purchased":["Genetic Algorithm","Defragment","Happy Flower"],"campfire_rested":0,"item_purchase_floors":[5,21,21],"current_hp_per_floor":[64,43,43,43,43,43,43,35,35,35,36,36,31,31,31,30,56,58,58,54,54,56,57,57,42,42,42,37,50,45,31,31,33,64,66,66,68,70,70,51,51,36,36,29,29,31,19,76,76,0,0],"gold":661,"neow_bonus":"THREE_ENEMY_KILL","is_daily":false,"chose_seed":false,"campfire_upgraded":9,"win_rate":0.0,"timestamp":1609237207,"path_taken":["M","?","M","?","?","E","R","M","T","R","M","R","M","?","R","BOSS","M","?","M","$","?","E","R","M","T","R","M","?","E","M","R","BOSS","M","$","M","M","?","E","R","E","T","M","R","?","E","?","R","BOSS"],"items_purchased_type":["Card","Card","Relic"],"build_version":"2020-12-22","purchased_purges":3,"victory":false,"max_hp_per_floor":[71,71,71,64,64,64,64,64,64,64,64,64,64,64,64,64,64,64,64,64,64,64,64,64,64,64,64,64,64,74,74,74,74,74,74,74,74,74,74,74,74,74,74,74,74,76,76,76,76,76,76],"card_choices":[{"not_picked":["Rip and Tear","Recycle"],"picked":"Coolheaded","floor":1.0},{"not_picked":["Redo","Lockon"],"picked":"Ball Lightning","floor":3.0},{"not_picked":["Hello World","Rebound"],"picked":"Consume","floor":6.0},{"not_picked":["Hello World","Leap"],"picked":"Turbo","floor":8.0},{"not_picked":["Compile Driver","Steam Power"],"picked":"BootSequence","floor":11.0},{"not_picked":["Hologram","Steam Power"],"picked":"Gash","floor":13.0},{"not_picked":["Rainbow","Thunder Strike"],"picked":"Creative AI","floor":16.0},{"not_picked":["Go for the Eyes","Genetic Algorithm"],"picked":"Cold Snap","floor":18.0},{"not_picked":["Scrape","Streamline","Steam+1"],"picked":"SKIP","floor":20.0},{"not_picked":["Static Discharge+1","Chaos"],"picked":"Glacier","floor":22.0},{"not_picked":["Glacier","Cold Snap"],"picked":"Chaos+1","floor":23.0},{"not_picked":["Leap","Streamline+1","Sweeping Beam+1"],"picked":"SKIP","floor":25.0},{"not_picked":["FTL","Gash"],"picked":"Capacitor","floor":28.0},{"not_picked":["Genetic Algorithm","Ball Lightning+1","Cold Snap"],"picked":"SKIP","floor":30.0},{"not_picked":["Ball Lightning","Lockon","Cold Snap"],"picked":"SKIP","floor":31.0},{"not_picked":["Creative AI","Multi-Cast"],"picked":"Electrodynamics","floor":33.0},{"not_picked":["Tempest","Leap+1","Go for the Eyes"],"picked":"SKIP","floor":35.0},{"not_picked":["Turbo+1","BootSequence"],"picked":"Loop+1","floor":37.0},{"not_picked":["Cold Snap+1","Aggregate","Steam"],"picked":"SKIP","floor":38.0},{"not_picked":["Recycle","Ball Lightning","Melter"],"picked":"SKIP","floor":40.0},{"not_picked":["Ball Lightning","Melter"],"picked":"Recycle","floor":40.0},{"not_picked":["Turbo","Gash"],"picked":"Steam Power+1","floor":42.0},{"not_picked":["Scrape","Ball Lightning"],"picked":"Stack","floor":44.0},{"not_picked":["Forethought","Chrysalis","Good Instincts"],"picked":"Singing Bowl","floor":46.0},{"not_picked":["Skim","Reinforced Body"],"picked":"Self Repair+1","floor":47.0}],"player_experience":1047262,"relics_obtained":[{"floor":6.0,"key":"Blood Vial"},{"floor":9.0,"key":"MawBank"},{"floor":14.0,"key":"Mercury Hourglass"},{"floor":23.0,"key":"Ice Cream"},{"floor":30.0,"key":"Pear"},{"floor":40.0,"key":"Omamori"},{"floor":42.0,"key":"Letter Opener"},{"floor":43.0,"key":"Singing Bowl"},{"floor":47.0,"key":"Frozen Egg 2"}],"event_choices":[{"damage_healed":0.0,"max_hp_gain":0.0,"max_hp_loss":0.0,"gold_gain":0.0,"event_name":"Shining Light","player_choice":"Entered Light","floor":2.0,"gold_loss":0.0,"damage_taken":21.0,"cards_upgraded":["Coolheaded","Zap"]},{"damage_healed":0.0,"max_hp_gain":0.0,"max_hp_loss":7.0,"gold_gain":0.0,"event_name":"Golden Idol","player_choice":"Lose Max HP","floor":4.0,"gold_loss":0.0,"damage_taken":0.0,"relics_obtained":["Golden Idol"]},{"damage_healed":0.0,"max_hp_gain":0.0,"max_hp_loss":0.0,"gold_gain":0.0,"event_name":"Lab","player_choice":"Got Potions","floor":19.0,"gold_loss":0.0,"damage_taken":0.0},{"damage_healed":13.0,"max_hp_gain":0.0,"max_hp_loss":0.0,"gold_gain":0.0,"event_name":"The Library","player_choice":"Heal","floor":29.0,"gold_loss":0.0,"damage_taken":0.0},{"damage_healed":0.0,"max_hp_gain":0.0,"max_hp_loss":0.0,"gold_gain":333.0,"event_name":"The Moai Head","player_choice":"Gave Idol","floor":39.0,"relics_lost":["Golden Idol"],"gold_loss":0.0,"damage_taken":0.0},{"damage_healed":0.0,"max_hp_gain":0.0,"max_hp_loss":0.0,"gold_gain":0.0,"event_name":"SensoryStone","player_choice":"Memory 1","floor":46.0,"gold_loss":0.0,"damage_taken":0.0},{"damage_healed":57.0,"max_hp_gain":0.0,"max_hp_loss":0.0,"gold_gain":0.0,"event_name":"MindBloom","player_choice":"Heal","floor":48.0,"gold_loss":0.0,"damage_taken":0.0,"cards_obtained":["Doubt"]}],"is_beta":false,"boss_relics":[{"not_picked":["Runic Pyramid","SlaversCollar"],"picked":"Astrolabe"},{"not_picked":["Tiny House","Pandora\u0027s Box"],"picked":"Coffee Dripper"}],"items_purged_floors":[5,21,36],"is_endless":false,"potions_floor_spawned":[3,8,13,18,20,31,33,35,42],"killed_by":"Awakened One","ascension_level":20}}