{"host":"sc0o2qwpf9j16a4i","time":1609273591,"event":{"mods":["AchievementEnabler","BaseMod","BetterRewards","Block Reminder","Colored Map","Colored Powertips","Custom Start","Highlight Path","Minty Spire (QoL Compilation)","Relic Stats"],"gold_per_floor":[111,386,397,414,384,384,416,436,436,41,67,81,97,107,107,207,207,227,241,116,135,147,147,181,199,199,199,214,246,246,281,281,385,385,398,415,515,535,554,554,585,585,585,619,153,188,9,25,25,25,25,25,25,53,53],"floor_reached":56,"playtime":2068,"items_purged":["Strike_B","Regret","Strike_B","Strike_B"],"score":1858,"play_id":"c98d85d2-93d5-492e-bcc9-41a13a1070f5","local_time":"20201229222631","is_ascension_mode":true,"campfire_choices":[{"data":"Biased Cognition","floor":6,"key":"SMITH"},{"data":"Biased Cognition","floor":15,"key":"SMITH"},{"data":"Auto Shields","floor":23,"key":"SMITH"},{"data":"Seek","floor":27,"key":"SMITH"},{"data":"Genetic Algorithm","floor":32,"key":"SMITH"},{"data":"Buffer","floor":40,"key":"SMITH"},{"floor":42,"key":"RECALL"},{"data":"Buffer","floor":49,"key":"SMITH"},{"data":"Defragment","floor":52,"key":"SMITH"}],"circlet_count":0,"master_deck":["Strike_B","Defend_B","Defend_B","Defend_B","Defend_B","Zap","Dualcast","Rip and Tear+1","Self Repair","Cold Snap+1","Biased Cognition+1","Beam Cell+1","Cold Snap+1","Auto Shields+1","Compile Driver+1","Biased Cognition+1","Thunder Strike+1","Ball Lightning+1","Defragment+1","Storm","Seek+1","Force Field","Compile Driver+1","Genetic Algorithm+1","Buffer+1","Thunder Strike+1","Coolheaded+1","Force Field+1","Thunder Strike+1","Apotheosis","Buffer+1","Hologram","Defragment+1"],"relics":["Cracked Core","Molten Egg 2","Bronze Scales","Mango","Dead Branch","White Beast Statue","FossilizedHelix","Philosopher\u0027s Stone","Blood Vial","Art of War","Lantern","Bag of Marbles","Oddly Smooth Stone","Snecko Eye","Regal Pillow","Prayer Wheel","Bag of Preparation","Pen Nib","Blue Candle"],"acts_visited":["Exordium","TheCity","TheBeyond","TheEnding"],"potions_floor_usage":[7,8,11,19,24,28,28,29,31,33,35,38,39,41,41,50,54,55,55],"damage_taken":[{"damage":0,"enemies":"2 Louse","floor":1,"turns":2},{"damage":0,"enemies":"Cultist","floor":3,"turns":2},{"damage":2,"enemies":"Small Slimes","floor":4,"turns":2},{"damage":10,"enemies":"Lagavulin","floor":7,"turns":5},{"damage":3,"enemies":"Gremlin Gang","floor":8,"turns":2},{"damage":0,"enemies":"3 Sentries","floor":11,"turns":1},{"damage":0,"enemies":"Lots of Slimes","floor":12,"turns":3},{"damage":0,"enemies":"Looter","floor":13,"turns":2},{"damage":0,"enemies":"3 Louse","floor":14,"turns":2},{"damage":0,"enemies":"Slime Boss","floor":16,"turns":5},{"damage":0,"enemies":"Chosen","floor":18,"turns":3},{"damage":0,"enemies":"2 Thieves","floor":19,"turns":3},{"damage":0,"enemies":"Sentry and Sphere","floor":21,"turns":5},{"damage":0,"enemies":"Centurion and Healer","floor":22,"turns":4},{"damage":0,"enemies":"Book of Stabbing","floor":24,"turns":4},{"damage":8,"enemies":"Snake Plant","floor":25,"turns":3},{"damage":8,"enemies":"Shelled Parasite and Fungi","floor":28,"turns":4},{"damage":20,"enemies":"Slavers","floor":29,"turns":3},{"damage":15,"enemies":"Gremlin Leader","floor":31,"turns":4},{"damage":4,"enemies":"Automaton","floor":33,"turns":9},{"damage":0,"enemies":"3 Darklings","floor":35,"turns":4},{"damage":0,"enemies":"Orb Walker","floor":36,"turns":1},{"damage":12,"enemies":"4 Shapes","floor":38,"turns":3},{"damage":0,"enemies":"3 Darklings","floor":39,"turns":3},{"damage":10,"enemies":"Reptomancer","floor":41,"turns":6},{"damage":0,"enemies":"Nemesis","floor":44,"turns":5},{"damage":16,"enemies":"Reptomancer","floor":46,"turns":5},{"damage":0,"enemies":"Spire Growth","floor":48,"turns":5},{"damage":0,"enemies":"Time Eater","floor":50,"turns":8},{"damage":0,"enemies":"Shield and Spear","floor":54,"turns":4},{"damage":53,"enemies":"The Heart","floor":55,"turns":7}],"seed_played":"-6537828760657373932","potions_obtained":[{"floor":5,"key":"PowerPotion"},{"floor":5,"key":"BlessingOfTheForge"},{"floor":7,"key":"GamblersBrew"},{"floor":8,"key":"BlessingOfTheForge"},{"floor":11,"key":"DistilledChaos"},{"floor":12,"key":"FocusPotion"},{"floor":19,"key":"Weak Potion"},{"floor":24,"key":"Dexterity Potion"},{"floor":28,"key":"Swift Potion"},{"floor":29,"key":"AttackPotion"},{"floor":31,"key":"Fruit Juice"},{"floor":33,"key":"AttackPotion"},{"floor":35,"key":"FearPotion"},{"floor":36,"key":"Energy Potion"},{"floor":38,"key":"Energy Potion"},{"floor":39,"key":"SkillPotion"},{"floor":41,"key":"Dexterity Potion"},{"floor":44,"key":"BlessingOfTheForge"},{"floor":46,"key":"DistilledChaos"},{"floor":54,"key":"SpeedPotion"}],"is_trial":false,"path_per_floor":["M","?","M","M","?","R","E","M","T","$","E","M","M","M","R","B",null,"M","M","$","M","M","R","E","M","T","R","M","E","?","E","R","B",null,"M","M","?","M","M","R","E","R","T","E","$","E","$","M","R","B",null,"R","$","E","B",null],"character_chosen":"DEFECT","items_purchased":["Molten Egg 2","Bronze Scales","Rip and Tear+1","Self Repair","Block Potion","White Beast Statue","Auto Shields","Apotheosis","Bag of Preparation","Buffer","Hologram"],"campfire_rested":0,"item_purchase_floors":[0,0,0,0,0,10,10,45,45,47,47],"current_hp_per_floor":[53,53,60,65,65,65,79,76,76,76,76,83,83,83,83,89,89,89,89,89,89,89,89,89,88,88,88,88,76,76,70,70,75,89,89,89,89,77,91,91,90,90,90,92,92,88,88,94,94,94,94,94,94,94,41],"gold":53,"neow_bonus":"","is_daily":false,"chose_seed":false,"campfire_upgraded":8,"win_rate":0.0,"timestamp":1609273591,"path_taken":["M","?","M","?","?","R","E","M","T","$","E","M","M","M","R","BOSS","M","?","$","M","?","R","E","?","T","R","M","E","?","E","R","BOSS","M","M","?","?","M","R","E","R","T","E","$","E","$","M","R","BOSS","R","$","E","BOSS"],"items_purchased_type":["Relic","Relic","Card","Card","Potion","Relic","Card","Card","Relic","Card","Card"],"build_version":"2020-12-22","purchased_purges":4,"victory":true,"max_hp_per_floor":[75,75,75,75,75,75,89,89,89,89,89,89,89,89,89,89,89,89,89,89,89,89,89,89,89,89,89,89,89,89,89,89,89,89,89,89,89,89,94,94,94,94,94,94,94,94,94,94,94,94,94,94,94,94,94],"relic_stats":{"Blood Vial":16,"Regal Pillow":0,"counters":[84,382],"Bronze Scales":[773],"Dead Branch":[31],"Blue Candle":[0],"Snecko Eye":[107,85,99,104],"Prayer Wheel":1,"Pen Nib":[25],"Art of War":[15],"Bag of Preparation":[10],"obtain_stats":[{"Ice Cream":6,"Calipers":31,"CeramicFish":38,"Vajra":23,"Runic Capacitor":0,"Whetstone":0,"Boot":13,"Blood Vial":30,"Centennial Puzzle":11,"Lizard Tail":47,"MealTicket":45,"Philosopher\u0027s Stone":17,"Prayer Wheel":44,"Kunai":9,"Pear":41,"Happy Flower":45,"Astrolabe":17,"Dead Branch":9,"Blue Candle":54,"Oddly Smooth Stone":31,"Pen Nib":28,"Letter Opener":0,"War Paint":13,"Question Card":28,"Cables":6,"WarpedTongs":37,"OrangePellets":14,"Bronze Scales":26,"Snecko Eye":34,"Molten Egg 2":0,"Black Star":0,"Pocketwatch":38,"Lantern":29,"Regal Pillow":41,"Mango":7,"Juzu Bracelet":41,"Bag of Preparation":45,"Cursed Key":17,"ClockworkSouvenir":0,"Emotion Chip":48,"Matryoshka":11,"Mummified Hand":0,"Tiny Chest":23,"Red Mask":19,"Cracked Core":0,"Potion Belt":13,"The Courier":9,"PreservedInsect":41,"Omamori":25,"Orichalcum":25,"White Beast Statue":10,"Anchor":54,"Busted Crown":34,"Bag of Marbles":54,"Art of War":23,"Toy Ornithopter":26,"TungstenRod":37,"FossilizedHelix":11},{"Ice Cream":3,"Calipers":15,"CeramicFish":18,"Vajra":11,"Runic Capacitor":27,"Whetstone":27,"Boot":33,"Blood Vial":14,"Centennial Puzzle":5,"Lizard Tail":24,"MealTicket":23,"Philosopher\u0027s Stone":63,"Prayer Wheel":79,"Kunai":30,"Pear":20,"Happy Flower":23,"Astrolabe":7,"Dead Branch":58,"Blue Candle":83,"Oddly Smooth Stone":72,"Pen Nib":13,"Letter Opener":27,"War Paint":6,"Question Card":13,"Cables":3,"WarpedTongs":45,"OrangePellets":6,"Bronze Scales":12,"Snecko Eye":73,"Molten Egg 2":53,"Black Star":0,"Pocketwatch":18,"Lantern":71,"Regal Pillow":78,"Mango":57,"Juzu Bracelet":20,"Bag of Preparation":79,"Cursed Key":34,"ClockworkSouvenir":27,"Emotion Chip":24,"Matryoshka":5,"Mummified Hand":27,"Tiny Chest":11,"Red Mask":36,"Cracked Core":0,"Potion Belt":6,"The Courier":4,"PreservedInsect":47,"Omamori":12,"Orichalcum":12,"White Beast Statue":58,"Anchor":26,"Busted Crown":16,"Bag of Marbles":26,"Art of War":39,"Toy Ornithopter":12,"TungstenRod":18,"FossilizedHelix":59},{"Ice Cream":19,"Calipers":93,"CeramicFish":109,"Vajra":70,"Runic Capacitor":166,"Whetstone":166,"Boot":182,"Blood Vial":86,"Centennial Puzzle":29,"Lizard Tail":141,"MealTicket":135,"Philosopher\u0027s Stone":289,"Prayer Wheel":353,"Kunai":174,"Pear":120,"Happy Flower":135,"Astrolabe":48,"Dead Branch":276,"Blue Candle":375,"Oddly Smooth Stone":322,"Pen Nib":82,"Letter Opener":166,"War Paint":37,"Question Card":82,"Cables":19,"WarpedTongs":234,"OrangePellets":37,"Bronze Scales":77,"Snecko Eye":331,"Molten Egg 2":263,"Black Star":0,"Pocketwatch":109,"Lantern":318,"Regal Pillow":348,"Mango":274,"Juzu Bracelet":120,"Bag of Preparation":353,"Cursed Key":192,"ClockworkSouvenir":166,"Emotion Chip":141,"Matryoshka":29,"Mummified Hand":166,"Tiny Chest":70,"Red Mask":196,"Cracked Core":0,"Potion Belt":37,"The Courier":24,"PreservedInsect":241,"Omamori":77,"Orichalcum":77,"White Beast Statue":276,"Anchor":158,"Busted Crown":101,"Bag of Marbles":158,"Art of War":211,"Toy Ornithopter":77,"TungstenRod":109,"FossilizedHelix":277}]},"card_choices":[{"not_picked":["Beam Cell+1","Conserve Battery"],"picked":"Cold Snap+1","floor":1},{"not_picked":["Turbo","Coolheaded"],"picked":"Biased Cognition","floor":3},{"not_picked":["BootSequence","Static Discharge"],"picked":"Beam Cell+1","floor":4},{"not_picked":["Beam Cell+1","Undo"],"picked":"Cold Snap+1","floor":7},{"not_picked":["Rebound+1","Turbo","Skim"],"picked":"SKIP","floor":8},{"not_picked":["Heatsinks","Static Discharge","Cold Snap+1"],"picked":"SKIP","floor":11},{"not_picked":["Force Field","Redo"],"picked":"Compile Driver+1","floor":12},{"not_picked":["Reprogram","Redo","Leap"],"picked":"SKIP","floor":13},{"not_picked":["Chaos","Darkness"],"picked":"Biased Cognition","floor":14},{"not_picked":["Rainbow","Machine Learning"],"picked":"Thunder Strike+1","floor":16},{"not_picked":["Redo","Gash+1"],"picked":"Ball Lightning+1","floor":18},{"not_picked":["Rip and Tear+1","Redo"],"picked":"Defragment+1","floor":19},{"not_picked":["Leap+1","Storm","Skim"],"picked":"SKIP","floor":21},{"not_picked":["Leap+1","Skim"],"picked":"Storm","floor":21},{"not_picked":["Stack","Scrape+1","Fusion"],"picked":"SKIP","floor":22},{"not_picked":["Gash+1","Stack"],"picked":"Seek","floor":24},{"not_picked":["Stack+1","Coolheaded"],"picked":"Force Field","floor":25},{"not_picked":["Turbo+1","Lockon+1"],"picked":"Compile Driver+1","floor":28},{"not_picked":["Steam","Ball Lightning+1","Gash+1"],"picked":"SKIP","floor":29},{"not_picked":["Sweeping Beam+1","Beam Cell+1"],"picked":"Genetic Algorithm","floor":31},{"not_picked":["Seek","Amplify"],"picked":"Buffer","floor":33},{"not_picked":["Leap","Turbo","Beam Cell+1"],"picked":"SKIP","floor":35},{"not_picked":["Undo+1","White Noise"],"picked":"Thunder Strike+1","floor":36},{"not_picked":["Lockon+1","Compile Driver+1","Ball Lightning+1"],"picked":"SKIP","floor":38},{"not_picked":["Doom and Gloom+1","Rebound+1"],"picked":"Coolheaded+1","floor":39},{"not_picked":["Scrape+1","Conserve Battery"],"picked":"Force Field+1","floor":41},{"not_picked":["Chaos","Aggregate+1"],"picked":"Thunder Strike+1","floor":44},{"not_picked":["Hyperbeam+1","Conserve Battery","Redo"],"picked":"SKIP","floor":46},{"not_picked":["Sweeping Beam+1","Undo"],"picked":"Defragment","floor":48},{"not_picked":["Ball Lightning+1","Sweeping Beam+1","Chill"],"picked":"SKIP","floor":48},{"not_picked":["Rebound+1","Turbo","Darkness"],"picked":"SKIP","floor":54}],"player_experience":412644,"relics_obtained":[{"floor":7,"key":"Mango"},{"floor":9,"key":"Dead Branch"},{"floor":11,"key":"FossilizedHelix"},{"floor":24,"key":"Blood Vial"},{"floor":26,"key":"Art of War"},{"floor":29,"key":"Lantern"},{"floor":31,"key":"Oddly Smooth Stone"},{"floor":41,"key":"Regal Pillow"},{"floor":44,"key":"Prayer Wheel"},{"floor":46,"key":"Pen Nib"},{"floor":54,"key":"Blue Candle"}],"event_choices":[{"damage_healed":0,"gold_gain":275,"player_choice":"Desecrate","damage_taken":0,"max_hp_gain":0,"max_hp_loss":0,"event_name":"Golden Shrine","floor":2,"gold_loss":0,"cards_obtained":["Regret"]},{"damage_healed":0,"gold_gain":0,"player_choice":"Bought 2 Potions","damage_taken":0,"max_hp_gain":0,"max_hp_loss":0,"event_name":"The Woman in Blue","floor":5,"gold_loss":0},{"damage_healed":0,"gold_gain":0,"player_choice":"Opened","damage_taken":0,"relics_obtained":["Bag of Marbles"],"max_hp_gain":0,"max_hp_loss":0,"event_name":"The Mausoleum","floor":30,"gold_loss":0},{"damage_healed":0,"gold_gain":100,"player_choice":"Pray","damage_taken":0,"max_hp_gain":0,"max_hp_loss":0,"event_name":"Golden Shrine","floor":37,"gold_loss":0}],"is_beta":false,"boss_relics":[{"not_picked":["SacredBark","FrozenCore"],"picked":"Philosopher\u0027s Stone"},{"not_picked":["Inserter","Black Star"],"picked":"Snecko Eye"}],"items_purged_floors":[0,10,20,45],"is_endless":false,"potions_floor_spawned":[7,8,11,12,13,14,16,18,19,21,22,24,25,28,29,31,33,35,36,38,39,41,44,46,48,54],"ascension_level":1}}