{"host":"kn32u0f2pym5bozc","time":1609242600,"event":{"mods":["2.2 Compatiblity","BaseMod","Better Third Choice","Minty Spire (QoL Compilation)","Permanent Neow","Relic Stats","StSLib","The Animator"],"gold_per_floor":[118,129,153,178,25,58,58,97,122,122,122,181,281,312,312,390,390,419,419,437,437,458,487,515,515,515,566,2,2,2,2,2,82,82,93,117,117,40,59,59,90,90,90,90,113,0,0,0,0,0,0],"floor_reached":50,"playtime":4483,"items_purged":["animator:Strike","animator:Strike"],"score":934,"play_id":"a21e631a-3203-40a5-a15a-dc888395dbca","local_time":"20201229065000","is_ascension_mode":true,"campfire_choices":[{"floor":7.0,"key":"REST"},{"data":"animator:Kuribayashi","floor":10.0,"key":"SMITH"},{"data":"animator:Ara","floor":15.0,"key":"SMITH"},{"floor":25.0,"key":"REST"},{"data":"animator:Kaijin","floor":30.0,"key":"SMITH"},{"floor":32.0,"key":"REST"},{"floor":40.0,"key":"REST"},{"data":"animator:AcuraAkari","floor":42,"key":"SMITH"},{"data":"animator:AcuraShin","floor":44,"key":"SMITH"},{"floor":49,"key":"REST"}],"circlet_count":0,"master_deck":["AscendersBane","animator:Strike_GATE+1","animator:Defend_GATE+1","animator:Strike+1","animator:Defend+1","animator:Defend+1","animator:TukaLunaMarceau+1","animator:Kuribayashi+1","animator:Melzalgald+1","animator:RinTohsaka+1","animator:Verdia+1","animator:YaoHaDucy+1","animator:GuildGirl+1","animator:Archer+1","animator:Gillette+1","animator:Elsword+1","animator:AcuraTooru+1","animator:Ara+1","animator:Saber+1","CurseOfTheBell","animator:Priestess+1","animator:Shinoa+1","animator:Witch+1","animator:Spearman+1","animator:Saitama+1","animator:Demiurge+1","animator:Sonic+1","animator:Fredrika+1","animator:Emonzaemon+1","animator:Kaijin+1","animator:AcuraAkari+1","animator:Raven+1","animator:Tyuule+1","animator:AcuraShin+1","animator:LeleiLaLalena+1","animator:RoryMercury+1","animator:Viivi+1","animator:HigakiRinne+1","animator:FielNirvalen+1","animator:Mikaela+1","animator:Layla+1","animator:Rena+1"],"relics":["animator:LivingPicture","animator:TheMissingPiece","animator:PurgingStone","CaptainsWheel","Whetstone","Prayer Wheel","Regal Pillow","HornCleat","Calling Bell","Akabeko","Gremlin Horn","Thread and Needle","Bag of Preparation","Singing Bowl","Ice Cream","animator:AlchemistGlove","Sozu","animator:WizardHat","Torii","Red Mask","Mark of the Bloom"],"acts_visited":["Exordium","TheCity","TheBeyond"],"potions_floor_usage":[],"damage_taken":[{"damage":3.0,"enemies":"Small Slimes","floor":1.0,"turns":6.0},{"damage":1.0,"enemies":"Cultist","floor":2.0,"turns":4.0},{"damage":0.0,"enemies":"2 Louse","floor":3.0,"turns":3.0},{"damage":5.0,"enemies":"Looter","floor":4.0,"turns":4.0},{"damage":6.0,"enemies":"Gremlin Nob","floor":6.0,"turns":4.0},{"damage":11.0,"enemies":"Lagavulin","floor":8.0,"turns":6.0},{"damage":6.0,"enemies":"3 Sentries","floor":12.0,"turns":8.0},{"damage":0.0,"enemies":"Large Slime","floor":14.0,"turns":5.0},{"damage":2.0,"enemies":"Hexaghost","floor":16.0,"turns":8.0},{"damage":1.0,"enemies":"3 Byrds","floor":18.0,"turns":6.0},{"damage":0.0,"enemies":"Shell Parasite","floor":20.0,"turns":9.0},{"damage":15.0,"enemies":"Centurion and Healer","floor":22.0,"turns":6.0},{"damage":10.0,"enemies":"Gremlin Leader","floor":23.0,"turns":8.0},{"damage":16.0,"enemies":"Shelled Parasite and Fungi","floor":24.0,"turns":6.0},{"damage":16.0,"enemies":"animator:HornedBat","floor":27.0,"turns":9.0},{"damage":7.0,"enemies":"Colosseum Slavers","floor":31.0,"turns":4.0},{"damage":58.0,"enemies":"Automaton","floor":33.0,"turns":10.0},{"damage":0.0,"enemies":"3 Shapes","floor":35.0,"turns":3.0},{"damage":0.0,"enemies":"Orb Walker","floor":36.0,"turns":3.0},{"damage":29.0,"enemies":"Writhing Mass","floor":39.0,"turns":7.0},{"damage":7,"enemies":"Reptomancer","floor":41,"turns":6},{"damage":0,"enemies":"4 Shapes","floor":45,"turns":5},{"damage":64,"enemies":"Time Eater","floor":50,"turns":9}],"seed_played":"-4822034800366189481","potions_obtained":[{"floor":2.0,"key":"PowerPotion"},{"floor":3.0,"key":"SteroidPotion"},{"floor":18.0,"key":"Explosive Potion"},{"floor":20.0,"key":"EssenceOfSteel"},{"floor":24.0,"key":"GamblersBrew"}],"is_trial":false,"path_per_floor":["M","M","M","M","$","E","R","E","T","R","?","E","?","M","R","B",null,"M","?","M","?","M","E","M","R","T","E","$","?","R","?","R","B",null,"M","M","?","$","M","R","E","R","T","R","M","?","?","?","R","B"],"character_chosen":"THE_ANIMATOR","items_purchased":["animator:GuildGirl","animator:Kaijin","animator:AcuraAkari","animator:Raven","animator:AlchemistGlove","animator:FielNirvalen"],"campfire_rested":5,"item_purchase_floors":[5,28,28,28,28,38],"current_hp_per_floor":[41,40,40,35,35,29,48,37,37,37,37,31,31,32,32,30,58,57,57,57,57,42,32,16,51,51,35,35,35,35,28,63,5,52,55,55,46,46,19,55,48,48,48,48,50,50,50,50,50,0,0],"gold":0,"neow_bonus":"ONE_RARE_RELIC","is_daily":false,"chose_seed":false,"campfire_upgraded":5,"win_rate":0.0,"timestamp":1609242600,"path_taken":["M","M","M","M","$","E","R","E","T","R","?","E","?","M","R","BOSS","M","?","M","?","M","E","M","R","T","E","$","?","R","?","R","BOSS","M","M","?","$","M","R","E","R","T","R","M","?","?","?","R","BOSS"],"items_purchased_type":["Card","Card","Card","Card","Relic","Card"],"build_version":"2020-12-22","purchased_purges":2,"victory":false,"max_hp_per_floor":[66,66,66,66,66,66,66,66,66,66,66,66,66,67,67,67,67,67,67,67,67,67,67,67,67,67,67,67,67,67,67,67,67,67,70,70,70,70,72,72,72,72,72,72,74,74,74,71,71,71,71],"relic_stats":{"Sozu":2,"Regal Pillow":45,"Mark of the Bloom":36,"Gremlin Horn":[26,27],"Singing Bowl":6,"Torii":3,"counters":[23,139],"Prayer Wheel":10,"Bag of Preparation":[20],"Whetstone":["animator:YaoHaDucy","animator:Strike"],"obtain_stats":[{"Ice Cream":27,"Regal Pillow":9,"animator:WizardHat":41,"Mark of the Bloom":47,"Gremlin Horn":17,"Singing Bowl":26,"Torii":43,"animator:TheMissingPiece":0,"Thread and Needle":17,"Bag of Preparation":23,"Whetstone":6,"Akabeko":17,"Calling Bell":17,"Sozu":34,"CaptainsWheel":0,"HornCleat":12,"animator:PurgingStone":0,"Prayer Wheel":8,"animator:LivingPicture":0,"Red Mask":46,"animator:AlchemistGlove":28},{"Ice Cream":15,"Regal Pillow":6,"animator:WizardHat":21,"Mark of the Bloom":22,"Gremlin Horn":9,"Singing Bowl":14,"Torii":21,"animator:TheMissingPiece":0,"Thread and Needle":9,"Bag of Preparation":13,"Whetstone":5,"Akabeko":9,"Calling Bell":9,"Sozu":17,"CaptainsWheel":0,"HornCleat":7,"animator:PurgingStone":0,"Prayer Wheel":6,"animator:LivingPicture":0,"Red Mask":22,"animator:AlchemistGlove":15},{"Ice Cream":92,"Regal Pillow":27,"animator:WizardHat":125,"Mark of the Bloom":130,"Gremlin Horn":48,"Singing Bowl":83,"Torii":125,"animator:TheMissingPiece":0,"Thread and Needle":48,"Bag of Preparation":77,"Whetstone":21,"Akabeko":48,"Calling Bell":48,"Sozu":106,"CaptainsWheel":0,"HornCleat":35,"animator:PurgingStone":0,"Prayer Wheel":27,"animator:LivingPicture":0,"Red Mask":130,"animator:AlchemistGlove":92}]},"card_choices":[{"not_picked":["animator:Demiurge","animator:Souei"],"picked":"animator:Melzalgald","floor":1.0},{"not_picked":["animator:Demiurge","animator:Lu"],"picked":"animator:RinTohsaka","floor":2.0},{"not_picked":["animator:Shion","animator:Illya"],"picked":"animator:Verdia","floor":3.0},{"not_picked":["animator:LeleiLaLalena","animator:TukaLunaMarceau"],"picked":"animator:YaoHaDucy","floor":4.0},{"not_picked":["animator:CowGirl","animator:UneriGinkaku"],"picked":"animator:Archer","floor":6.0},{"not_picked":["animator:Eris","animator:MetalKnight"],"picked":"animator:Gillette","floor":8.0},{"not_picked":["animator:SilverFang","animator:Vesta"],"picked":"animator:Elsword","floor":12.0},{"not_picked":["animator:Viivi","animator:Guy"],"picked":"animator:AcuraTooru","floor":14.0},{"not_picked":["animator:DwarfShaman","animator:Kazuma"],"picked":"animator:Ara","floor":14.0},{"not_picked":["animator:Sora","animator:GoblinSlayer"],"picked":"animator:Saber","floor":16.0},{"not_picked":["animator:Souei","animator:LeleiLaLalena"],"picked":"animator:Priestess","floor":18.0},{"not_picked":["animator:Shuna","animator:Hakurou+1"],"picked":"animator:Shinoa","floor":18.0},{"not_picked":["animator:ZankiKiguchi","animator:LizardPriest"],"picked":"animator:Witch","floor":20.0},{"not_picked":["animator:Konayuki","animator:DolaRiku"],"picked":"animator:Spearman","floor":20.0},{"not_picked":["animator:RoryMercury","animator:Gillette"],"picked":"animator:Saitama","floor":22.0},{"not_picked":["animator:DolaStephanie","animator:Priestess"],"picked":"animator:Demiurge+1","floor":22.0},{"not_picked":["animator:TukaLunaMarceau","animator:Emonzaemon"],"picked":"animator:Sonic+1","floor":24.0},{"not_picked":["animator:UneriGinkaku","animator:Archer"],"picked":"animator:Fredrika","floor":24.0},{"not_picked":["animator:Raven","animator:Nanami"],"picked":"animator:Emonzaemon","floor":27.0},{"not_picked":["animator:FeridBathory","animator:Gilgamesh"],"picked":"animator:AcuraShin","floor":33.0},{"not_picked":["animator:LizardPriest","animator:Shion"],"picked":"animator:LeleiLaLalena","floor":35.0},{"not_picked":["animator:Konayuki","animator:Mitsurugi","animator:Nanami"],"picked":"Singing Bowl","floor":35.0},{"not_picked":["animator:YaoHaDucy","animator:Bozes"],"picked":"animator:RoryMercury","floor":36.0},{"not_picked":["animator:Hitei+1","animator:Shinoa"],"picked":"animator:Viivi","floor":36.0},{"not_picked":["animator:Fredrika","animator:Geryuganshoop"],"picked":"animator:Mikaela+1","floor":39.0},{"not_picked":["animator:Geryuganshoop","animator:AcuraAkari","animator:LizardPriest"],"picked":"Singing Bowl","floor":39.0},{"not_picked":["animator:Shuna+1","animator:ChaikaTrabant"],"picked":"animator:Layla","floor":41},{"not_picked":["animator:Shuna","animator:Togame"],"picked":"animator:Rena","floor":45},{"not_picked":["animator:Genos+1","animator:TsurugaMeisai+1","animator:Shion"],"picked":"Singing Bowl","floor":45}],"player_experience":769985,"relics_obtained":[{"floor":6.0,"key":"Whetstone"},{"floor":8.0,"key":"Prayer Wheel"},{"floor":9.0,"key":"Regal Pillow"},{"floor":12.0,"key":"HornCleat"},{"floor":17.0,"key":"Akabeko"},{"floor":17.0,"key":"Gremlin Horn"},{"floor":17.0,"key":"Thread and Needle"},{"floor":23.0,"key":"Bag of Preparation"},{"floor":26.0,"key":"Singing Bowl"},{"floor":27.0,"key":"Ice Cream"},{"floor":41,"key":"animator:WizardHat"},{"floor":43,"key":"Torii"}],"event_choices":[{"damage_healed":0.0,"max_hp_gain":0.0,"max_hp_loss":0.0,"gold_gain":0.0,"event_name":"Living Wall","player_choice":"Grow","floor":11.0,"gold_loss":0.0,"damage_taken":0.0,"cards_upgraded":["animator:Archer"]},{"damage_healed":0.0,"max_hp_gain":0.0,"max_hp_loss":0.0,"gold_gain":100.0,"event_name":"Wheel of Change","player_choice":"Gold","floor":13.0,"gold_loss":0.0,"damage_taken":0.0},{"damage_healed":0.0,"max_hp_gain":0.0,"max_hp_loss":0.0,"gold_gain":0.0,"event_name":"Vampires","player_choice":"Ignored","floor":19.0,"gold_loss":0.0,"damage_taken":0.0},{"cards_removed":["animator:Defend"],"damage_healed":0.0,"max_hp_gain":0.0,"max_hp_loss":0.0,"gold_gain":0.0,"event_name":"betterThird:BetterWriting","player_choice":"Elegance","floor":21.0,"gold_loss":0.0,"damage_taken":0.0},{"damage_healed":0.0,"max_hp_gain":0.0,"max_hp_loss":0.0,"gold_gain":0.0,"event_name":"The Library","player_choice":"Read","floor":29.0,"gold_loss":0.0,"damage_taken":0.0,"cards_obtained":["animator:Tyuule"]},{"damage_healed":0.0,"max_hp_gain":0.0,"max_hp_loss":0.0,"gold_gain":0.0,"event_name":"Colosseum","player_choice":"Fight","floor":31.0,"gold_loss":0.0,"damage_taken":0.0},{"damage_healed":0.0,"max_hp_gain":0.0,"max_hp_loss":0.0,"gold_gain":0.0,"event_name":"Colosseum","player_choice":"Fled From Nobs","floor":31.0,"gold_loss":0.0,"damage_taken":0.0},{"damage_healed":0.0,"max_hp_gain":0.0,"max_hp_loss":0.0,"gold_gain":0.0,"event_name":"Winding Halls","player_choice":"Embrace Madness","floor":37.0,"gold_loss":0.0,"damage_taken":9.0,"cards_obtained":["animator:HigakiRinne"]},{"damage_healed":0,"gold_gain":0,"player_choice":"Paid","damage_taken":0,"relics_obtained":["Red Mask"],"max_hp_gain":0,"max_hp_loss":0,"event_name":"Tomb of Lord Red Mask","floor":46,"gold_loss":113},{"damage_healed":0,"gold_gain":0,"player_choice":"Upgrade","damage_taken":0,"relics_obtained":["Mark of the Bloom"],"max_hp_gain":0,"max_hp_loss":0,"event_name":"MindBloom","floor":47,"gold_loss":0,"cards_upgraded":["animator:Strike_GATE","animator:Defend_GATE","animator:Defend","animator:TukaLunaMarceau","animator:Melzalgald","animator:RinTohsaka","animator:Verdia","animator:GuildGirl","animator:Gillette","animator:Elsword","animator:AcuraTooru","animator:Saber","animator:Priestess","animator:Shinoa","animator:Witch","animator:Spearman","animator:Saitama","animator:Fredrika","animator:Emonzaemon","animator:Raven","animator:Tyuule","animator:LeleiLaLalena","animator:RoryMercury","animator:Viivi","animator:HigakiRinne","animator:FielNirvalen","animator:Layla","animator:Rena"]},{"cards_removed":["Parasite"],"damage_healed":0,"gold_gain":0,"player_choice":"Removed","damage_taken":0,"max_hp_gain":0,"max_hp_loss":0,"event_name":"The Cursed Forest","floor":48,"gold_loss":0}],"is_beta":false,"boss_relics":[{"not_picked":["animator:VividPicture","Mark of Pain"],"picked":"Calling Bell"},{"not_picked":["animator:RacePiece","Busted Crown"],"picked":"Sozu"}],"items_purged_floors":[5,28],"is_endless":false,"potions_floor_spawned":[2,3,4,18,20,24,36],"killed_by":"Time Eater","ascension_level":13}}