{"host":"coame8l8goqx0svj","time":1609283257,"event":{"mods":["BaseMod","Downfall","Minty Spire (QoL Compilation)","StSLib"],"gold_per_floor":[99,99,99,99,99,99,99,99,99,99,47,47,47,47,47,47,47,47],"floor_reached":16,"playtime":955,"items_purged":[],"score":184,"play_id":"5bde87dd-8765-4ef0-8678-8670b1e67ebe","local_time":"20201230000737","is_ascension_mode":true,"campfire_choices":[{"floor":1,"key":"RECALL"},{"floor":8,"key":"REST"},{"data":"champ:Circumvent","floor":12,"key":"SMITH"}],"circlet_count":0,"master_deck":["AscendersBane","champ:Strike","champ:Strike","champ:Strike","champ:Strike","champ:Defend","champ:Defend","champ:Defend","champ:Defend","champ:Execute","champ:Taunt","champ:Circumvent","Pain","champ:ShieldWall","champ:Circumvent+1","champ:SteelEdge","champ:ArenaPreparation","champ:BerserkerStyle","champ:IronFortress"],"relics":["downfall:Hecktoplasm","WarpedTongs","Art of War","Juzu Bracelet","downfall:HeartBlessingRed","downfall:HeartBlessingGreen","Dream Catcher","Pen Nib","downfall:BrokenWingStatue"],"acts_visited":["Exordium"],"potions_floor_usage":[16],"damage_taken":[{"damage":3,"enemies":"2 Louse","floor":2,"turns":4},{"damage":8,"enemies":"Cultist","floor":4,"turns":4},{"damage":14,"enemies":"Jaw Worm","floor":5,"turns":4},{"damage":29,"enemies":"Lagavulin","floor":6,"turns":9},{"damage":37,"enemies":"3 Sentries","floor":9,"turns":8},{"damage":10,"enemies":"downfall:FleeingMerchant","floor":11,"turns":4},{"damage":26,"enemies":"3 Louse","floor":15,"turns":2},{"damage":27,"enemies":"downfall:Defect","floor":16,"turns":5}],"seed_played":"-4214733678446830926","potions_obtained":[{"floor":4,"key":"SpeedPotion"},{"floor":6,"key":"champ:OpenerPotion"},{"floor":10,"key":"downfall:CursedFountainPotion"}],"is_trial":false,"path_per_floor":["R","M","?","M","M","E","T","R","E","?","$","R","?","?","M","B"],"character_chosen":"THE_CHAMP","items_purchased":["champ:IronFortress"],"campfire_rested":1,"item_purchase_floors":[11],"current_hp_per_floor":[73,73,73,70,61,42,42,66,34,34,34,34,27,27,25,0,0,0],"gold":47,"neow_bonus":"BOSS_RELIC","is_daily":false,"chose_seed":false,"campfire_upgraded":1,"win_rate":0.0,"timestamp":1609283257,"path_taken":["R","M","?","M","?","E","T","R","E","?","$","R","?","?","M","BOSS"],"items_purchased_type":["Card"],"build_version":"2020-12-22","purchased_purges":0,"victory":false,"max_hp_per_floor":[81,81,81,81,81,81,81,81,81,81,81,81,81,81,81,81,81,81],"card_choices":[{"not_picked":["champ:BringItOn","champ:Haymaker"],"picked":"champ:Circumvent","floor":2},{"not_picked":["champ:AdrenalArmor","champ:CrookedStrike"],"picked":"champ:ShieldWall","floor":4},{"not_picked":["champ:FanOfKnives","champ:BladeFlurry"],"picked":"champ:Circumvent","floor":5},{"not_picked":["champ:FanOfKnives","champ:BladeFlurry"],"picked":"champ:SteelEdge","floor":6},{"not_picked":["champ:GladiatorsShout","champ:HeartStrike"],"picked":"champ:ArenaPreparation","floor":9},{"not_picked":["champ:FanOfKnives","champ:FocusedGladiator"],"picked":"champ:BerserkerStyle","floor":11},{"not_picked":["champ:PerfectedStrike","champ:FocusedGladiator","champ:IronFortress"],"picked":"SKIP","floor":15}],"player_experience":1722294,"relics_obtained":[{"floor":6,"key":"Art of War"},{"floor":7,"key":"Juzu Bracelet"},{"floor":9,"key":"Dream Catcher"}],"event_choices":[{"damage_healed":0,"gold_gain":0,"player_choice":"Rummage","damage_taken":0,"relics_obtained":["WarpedTongs"],"max_hp_gain":0,"max_hp_loss":0,"event_name":"Accursed Blacksmith","floor":3,"gold_loss":0,"cards_obtained":["Pain"]},{"damage_healed":0,"gold_gain":0,"player_choice":"Success","damage_taken":7,"relics_obtained":["Pen Nib"],"max_hp_gain":0,"max_hp_loss":0,"event_name":"Scrap Ooze","floor":13,"gold_loss":0}],"is_beta":false,"boss_relics":[],"items_purged_floors":[],"is_endless":false,"potions_floor_spawned":[4,6,9,15],"killed_by":"downfall:Defect","ascension_level":14}}