{"host":"i9lxfrw7gw0fop00","time":1609221577,"event":{"mods":["2.2 Compatiblity","AchievementEnabler","BaseMod","Beaked The Cultist","Better Altar","Better Match","Better Note","Better Sensory Stone","Better Skull","Better Third Choice","Colored Map","Colored Powertips","Downfall","Friendly Minions","Glutton Mod","Hermit","Minty Spire (QoL Compilation)","Permanent Neow","Quick Restart","Rare Cards Sparkle","Relic Sorter","Replay The Spire","Robot Space Explorer","Shade Mod","StSLib","The Construct","The Dragon Tamer","The Jungle","The Marked"],"gold_per_floor":[99,118,118,129,129,141,141,176,26,45,45,30,30,49,64,164,164,89,102,112,97,107,138,183,183,193,193,193,218,231,561,581,679,679,771,787,805,49,49,68,68,94,111,111,140,152,169,194,207,207,207,237,32,32,32],"floor_reached":56,"playtime":5082,"items_purged":["Slimebound:Strike_Slimebound"],"score":1358,"play_id":"2d7709e7-1e79-4345-98e2-4315c7cbb509","local_time":"20201229025937","is_ascension_mode":true,"campfire_choices":[{"floor":1.0,"key":"RECALL"},{"data":"Slimebound:Gluttony","floor":9.0,"key":"SMITH"},{"data":"Slimebound:CorrosiveSpit","floor":13.0,"key":"SMITH"},{"data":"Slimebound:Strike_Slimebound","floor":18.0,"key":"PURGE"},{"data":"Slimebound:DuplicatedForm","floor":54,"key":"SMITH"},{"data":"Slimebound:Gluttony","floor":54,"key":"SMITH"}],"circlet_count":0,"master_deck":["Slimebound:Tackle","Slimebound:Defend_Slimebound","Slimebound:Defend_Slimebound","Slimebound:Defend_Slimebound","Slimebound:Split","Slimebound:CorrosiveSpit+1","Slimebound:Gluttony+1","Slimebound:SplitMire","Slimebound:HauntingLick","Slimebound:FinishingTackle","Slimebound:LeechingTouch","Slimebound:RejuvenatingLick","Slimebound:SlimeSpikes","Slimebound:AcidTongue","Slimebound:OozeBath","Slimebound:SplitMire+1","Slimebound:SpikyOuterGoop+1","Slimebound:SpikyOuterGoop","Slimebound:LeechEnergy","Slimebound:MegaLick","Slimebound:LeechEnergy","Slimebound:Schlurp","Slimebound:TongueLash+1","Slimebound:AcidTongue+1","Slimebound:OneTwoCombo","Slimebound:HauntingLick+1","Slimebound:LeadByExample+1","Slimebound:LeadByExample+1","Parasite","Slimebound:DuplicatedForm+1","Slimebound:HauntingLick","Slimebound:Gluttony+1"],"relics":["Slimebound:AbsorbEndCombat","Replay:Arrowhead","downfall:ShatteredFragment","Gambling Chip","Quantum Egg","downfall:HeartBlessingBlue","downfall:HeartBlessingGreen","Sozu","downfall:HeartBlessingRed","beaked:ShinyBauble","Potion Belt","The Courier","MealTicket","Runic Pyramid","Matryoshka","Thread and Needle","Blue Doll","Darkstone Periapt","Gremlin Horn","Toy Ornithopter","Juzu Bracelet","Pondfish Scales","Replay:Bottled Snecko"],"acts_visited":["Exordium","TheCity","TheBeyond","TheEnding"],"potions_floor_usage":[55],"damage_taken":[{"damage":12.0,"enemies":"2 Louse","floor":2.0,"turns":3.0},{"damage":9.0,"enemies":"Jaw Worm","floor":4.0,"turns":3.0},{"damage":8.0,"enemies":"Small Slimes","floor":6.0,"turns":3.0},{"damage":29.0,"enemies":"Lagavulin","floor":8.0,"turns":6.0},{"damage":15.0,"enemies":"Blue Slaver","floor":10.0,"turns":3.0},{"damage":27.0,"enemies":"downfall:FleeingMerchant","floor":12.0,"turns":4.0},{"damage":11.0,"enemies":"Exordium Wildlife","floor":14.0,"turns":3.0},{"damage":7.0,"enemies":"Blue Slaver","floor":15.0,"turns":2.0},{"damage":55.0,"enemies":"downfall:Defect","floor":16.0,"turns":6.0},{"damage":17.0,"enemies":"Shell Parasite","floor":19.0,"turns":3.0},{"damage":15.0,"enemies":"Centurion and Healer","floor":20.0,"turns":4.0},{"damage":27.0,"enemies":"downfall:FleeingMerchant","floor":21.0,"turns":4.0},{"damage":12.0,"enemies":"3 Cultists","floor":22.0,"turns":5.0},{"damage":12.0,"enemies":"Replay:Snechameleon","floor":23.0,"turns":6.0},{"damage":30.0,"enemies":"Cultist and Chosen","floor":26.0,"turns":5.0},{"damage":45.0,"enemies":"Slavers","floor":29.0,"turns":4.0},{"damage":13.0,"enemies":"Chosen and Byrds","floor":30.0,"turns":4.0},{"damage":25.0,"enemies":"downfall:FleeingMerchant","floor":31.0,"turns":4.0},{"damage":12,"enemies":"Centurion and Healer","floor":32,"turns":4},{"damage":35,"enemies":"downfall:Watcher","floor":33,"turns":7},{"damage":36,"enemies":"3 Darklings","floor":36,"turns":4},{"damage":23,"enemies":"3 Shapes","floor":37,"turns":4},{"damage":14,"enemies":"Spire Growth","floor":40,"turns":4},{"damage":21,"enemies":"beaked:SuperParasite","floor":42,"turns":6},{"damage":19,"enemies":"Writhing Mass","floor":43,"turns":4},{"damage":14,"enemies":"Reptomancer","floor":45,"turns":5},{"damage":22,"enemies":"Sphere and 2 Shapes","floor":46,"turns":4},{"damage":39,"enemies":"Spire Growth","floor":47,"turns":3},{"damage":91,"enemies":"Nemesis","floor":48,"turns":5},{"damage":36,"enemies":"Writhing Mass","floor":49,"turns":4},{"damage":37,"enemies":"downfall:Ironclad","floor":50,"turns":8},{"damage":53,"enemies":"downfall:CharBossMerchant","floor":52,"turns":7},{"damage":46,"enemies":"downfall:NeowBoss","floor":55,"turns":18}],"seed_played":"3165776325536218533","potions_obtained":[{"floor":4.0,"key":"Elixir"},{"floor":14.0,"key":"Explosive Potion"},{"floor":15.0,"key":"GamblersBrew"}],"is_trial":false,"path_per_floor":["R","M","?","M","T","M","T","E","R","M","?","$","R","M","M","B",null,"R_BF","M","M","$","M","E","T","?","M","?","T","E","M","$","M","B",null,"R_BF","M","M","$","?","M","T","E","M","?","E","M","M","E","M","B",null,"E","$","R","B",null],"character_chosen":"SLIMEBOUND","items_purchased":["Matryoshka","Thread and Needle","Replay:Arrowhead","Replay:Bottled Snecko"],"campfire_rested":0,"item_purchase_floors":[38,38,38,53],"current_hp_per_floor":[60,60,42,60,60,60,60,50,60,61,61,67,67,70,70,49,70,70,70,70,70,70,70,70,70,57,57,57,50,70,70,70,70,70,70,64,70,70,70,70,70,70,76,76,76,76,76,36,63,76,76,76,76,76,76],"gold":32,"neow_bonus":"TRANSFORM_CARD","is_daily":false,"chose_seed":false,"campfire_upgraded":4,"win_rate":0.0,"timestamp":1609221577,"path_taken":["R","M","?","M","?","M","T","E","R","M","?","?","R","M","M","BOSS","R_BF","M","M","$","M","E","T","?","M","?","?","E","M","?","M","BOSS","R_BF","M","M","$","?","M","T","E","?","?","E","M","M","E","M","BOSS","E","$","R","BOSS"],"items_purchased_type":["Relic","Relic","Relic","Relic"],"build_version":"2020-12-22","purchased_purges":1,"victory":true,"max_hp_per_floor":[60,60,60,60,60,60,60,60,70,70,70,70,70,70,70,70,70,70,70,70,70,70,70,70,70,70,70,70,70,70,70,70,70,70,70,70,70,70,70,70,70,70,76,76,76,76,76,76,76,76,76,76,76,76,76],"card_choices":[{"not_picked":["Slimebound:SamplingLick","Slimebound:ForwardTackle"],"picked":"Slimebound:SplitMire","floor":2.0},{"not_picked":["Slimebound:PressTheAttack","Slimebound:FinishingTackle"],"picked":"Slimebound:HauntingLick","floor":4.0},{"not_picked":["Slimebound:ViciousTackle","Slimebound:FirmFortitude"],"picked":"Slimebound:FinishingTackle","floor":6.0},{"not_picked":["Slimebound:SlimeBarrage","Slimebound:SlimeSlap"],"picked":"Slimebound:LeechingTouch","floor":8.0},{"not_picked":["Slimebound:FirmFortitude","Slimebound:LeechEnergy"],"picked":"Slimebound:RejuvenatingLick","floor":10.0},{"not_picked":["Slimebound:GoopTackle","Slimebound:PressTheAttack"],"picked":"Slimebound:SlimeSpikes","floor":12.0},{"not_picked":["Slimebound:ComboTackle","Slimebound:FinishingTackle"],"picked":"Slimebound:AcidTongue","floor":14.0},{"not_picked":["Slimebound:Prepare","Slimebound:ComboTackle","Slimebound:ProtectTheBoss"],"picked":"SKIP","floor":15.0},{"not_picked":["Slimebound:LeechLife","Slimebound:RallyTheTroops"],"picked":"Slimebound:OozeBath","floor":16.0},{"not_picked":["Slimebound:ItLooksTasty","Slimebound:SlimeTap"],"picked":"Slimebound:SplitMire+1","floor":19.0},{"not_picked":["Slimebound:PressTheAttack","Slimebound:LeechingTouch"],"picked":"Slimebound:SpikyOuterGoop+1","floor":20.0},{"not_picked":["Slimebound:SplitMire","Slimebound:HauntingLick"],"picked":"Slimebound:SpikyOuterGoop","floor":21.0},{"not_picked":["Slimebound:ViciousTackle+1","Slimebound:PressTheAttack","Slimebound:FinishingTackle"],"picked":"SKIP","floor":22.0},{"not_picked":["Slimebound:LeechingTouch+1","Slimebound:FinishingTackle+1"],"picked":"Slimebound:LeechEnergy","floor":23.0},{"not_picked":["Slimebound:RainOfGoop+1","Slimebound:LevelUp"],"picked":"Slimebound:MegaLick","floor":26.0},{"not_picked":["Slimebound:Overexert","Slimebound:LevelUp"],"picked":"Slimebound:LeechEnergy","floor":29.0},{"not_picked":["Slimebound:PressTheAttack+1","Slimebound:SplitBruiser+1"],"picked":"Slimebound:Schlurp","floor":30.0},{"not_picked":["Slimebound:Repurpose","Slimebound:FinishingTackle+1"],"picked":"Slimebound:TongueLash","floor":31},{"not_picked":["Slimebound:FlameTackle","Slimebound:SplitLeeching+1"],"picked":"Slimebound:AcidTongue+1","floor":32},{"not_picked":["Slimebound:Teamwork","Slimebound:CheckThePlaybook"],"picked":"Slimebound:OneTwoCombo","floor":33},{"not_picked":["Slimebound:SplitBruiser","Slimebound:GrowthPunch","Slimebound:ProtectTheBoss"],"picked":"SKIP","floor":36},{"not_picked":["Slimebound:SamplingLick+1","Slimebound:ProtectTheBoss"],"picked":"Slimebound:HauntingLick+1","floor":37},{"not_picked":["Slimebound:SplitMire","Slimebound:SlimeSpikes"],"picked":"Slimebound:LeadByExample+1","floor":40},{"not_picked":["Slimebound:ComboTackle","Slimebound:Schlurp"],"picked":"Slimebound:LeadByExample+1","floor":42},{"not_picked":["Slimebound:SplitAcid+1","Slimebound:FinishingTackle","Slimebound:Schlurp"],"picked":"SKIP","floor":43},{"not_picked":["Slimebound:GoopTackle+1","Slimebound:GrowthPunch","Slimebound:RollThrough"],"picked":"SKIP","floor":45},{"not_picked":["Slimebound:LeechingTouch+1","Slimebound:SplitAcid"],"picked":"Slimebound:DuplicatedForm","floor":46},{"not_picked":["Slimebound:FlameTackle","Slimebound:LeechEnergy"],"picked":"Slimebound:HauntingLick","floor":47},{"not_picked":["Slimebound:FinishingTackle+1","Slimebound:SplitBruiser","Slimebound:SplitLeeching"],"picked":"SKIP","floor":48},{"not_picked":["Slimebound:LeechingTouch+1","Slimebound:Schlurp","Slimebound:SlimeSpikes+1"],"picked":"SKIP","floor":49},{"not_picked":["Slimebound:GoopSpray+1","Slimebound:LivingWall+1"],"picked":"Slimebound:Gluttony","floor":52}],"player_experience":226492,"relics_obtained":[{"floor":7.0,"key":"Gambling Chip"},{"floor":8.0,"key":"Quantum Egg"},{"floor":23.0,"key":"beaked:ShinyBauble"},{"floor":24.0,"key":"Potion Belt"},{"floor":28.0,"key":"The Courier"},{"floor":29.0,"key":"MealTicket"},{"floor":41,"key":"Blue Doll"},{"floor":41,"key":"Darkstone Periapt"},{"floor":42,"key":"Gremlin Horn"},{"floor":45,"key":"Toy Ornithopter"},{"floor":48,"key":"Juzu Bracelet"},{"floor":52,"key":"Pondfish Scales"}],"event_choices":[{"damage_healed":0,"gold_gain":0,"player_choice":"Upgraded","damage_taken":0,"max_hp_gain":0,"max_hp_loss":0,"event_name":"Upgrade Shrine","floor":39,"gold_loss":0,"cards_upgraded":["Slimebound:TongueLash"]}],"is_beta":false,"boss_relics":[{"not_picked":["downfall:Hecktoplasm","Cursed Key"],"picked":"Sozu"},{"not_picked":["Philosopher\u0027s Stone","Replay:Bronze Core"],"picked":"Runic Pyramid"}],"items_purged_floors":[38],"is_endless":false,"potions_floor_spawned":[4,14,15,16,20,22,26,32,37,40,45,47,52],"ascension_level":1}}