{"host":"0vvyo81nhayerbzl","time":1609242638,"event":{"mods":["Act Like it!","BaseMod","Friendly Minions","Highlight Path","Lobotomy","LobotomyExtend","Minty Spire (QoL Compilation)","Quick Restart","StSLib","UnlockEverythingMod","【功能Mod】混沌之环修复补丁","篝火指南"],"gold_per_floor":[118,130,142,142,142,142,92,125,197,231,243,323,323,337,337,434,434,453,453,6,6,6,39,39,98,98,126,176,204,223,270,270,368,368,378,470,520,520,587,652,752,817,841,1072,1072,1187,1187,1247,1247,1277,1277],"floor_reached":52,"playtime":7748,"items_purged":["SpecialBullet"],"score":1196,"play_id":"6ea479db-1084-4285-9e71-e2960d5ad58a","local_time":"20201229195038","is_ascension_mode":true,"campfire_choices":[{"floor":45.0,"key":"RECALL"}],"circlet_count":0,"master_deck":["SpecialBullet","SpecialBullet","SpecialBullet","SpecialBullet","SpecialBullet","SpecialBullet","DisciplinaryCode","CentralCode","ExtractionCode","Apotheosis+1","VoidDream","Regret_ego+1","Twilight+1","UniverseFragment","InformationCode","Rudolta","TheSmile+1","Horn+1","WelfareCode","Twilight+1","GoldRush","GreenStem","Shame","Mimicry","BlackArmy","RecordCode","Variant","Amita","CherryBlossom","Spore+1","SoundOfStar","SoundOfStar","Diffraction","Yin"],"relics":["CogitoBucket","RabbitCall","LetterFromLob","Omamori","Gremlin Horn","Kunai","ChangeAnything","Calling Bell","Bag of Marbles","Pantograph","Mango","Necronomicon","Chemical X","Whetstone","Potion Belt","White Beast Statue","CaptainsWheel","Ice Cream","War Paint","Theresia","Du-Vu Doll","Vajra","Coffee Dripper","LuminousBracelet","AtMidnight","Toy Ornithopter","TungstenRod","Incense Burner"],"acts_visited":[],"potions_floor_usage":[],"damage_taken":[{"damage":6.0,"enemies":"Cultist","floor":1.0,"turns":3.0},{"damage":4.0,"enemies":"Small Slimes","floor":2.0,"turns":4.0},{"damage":1.0,"enemies":"2 Louse","floor":3.0,"turns":3.0},{"damage":2.0,"enemies":"Lagavulin","floor":8.0,"turns":9.0},{"damage":16.0,"enemies":"Gremlin Nob","floor":10.0,"turns":3.0},{"damage":0.0,"enemies":"2 Fungi Beasts","floor":11.0,"turns":4.0},{"damage":21.0,"enemies":"Exordium Thugs","floor":12.0,"turns":8.0},{"damage":3.0,"enemies":"Red Slaver","floor":14.0,"turns":4.0},{"damage":6.0,"enemies":"Hexaghost","floor":16.0,"turns":11.0},{"damage":18.0,"enemies":"3 Byrds","floor":18.0,"turns":6.0},{"damage":9.0,"enemies":"Slavers","floor":23.0,"turns":7.0},{"damage":5.0,"enemies":"Gremlin Leader","floor":25.0,"turns":4.0},{"damage":31.0,"enemies":"Book of Stabbing","floor":27.0,"turns":5.0},{"damage":5.0,"enemies":"Spheric Guardian","floor":28.0,"turns":5.0},{"damage":0.0,"enemies":"Gremlin Leader","floor":29.0,"turns":4.0},{"damage":0.0,"enemies":"Snake Plant","floor":30.0,"turns":2.0},{"damage":2.0,"enemies":"Book of Stabbing","floor":31.0,"turns":3.0},{"damage":0.0,"enemies":"Automaton","floor":33.0,"turns":10.0},{"damage":0.0,"enemies":"3 Darklings","floor":35.0,"turns":13.0},{"damage":9.0,"enemies":"3 Shapes","floor":36.0,"turns":9.0},{"damage":0.0,"enemies":"Spire Growth","floor":37.0,"turns":4.0},{"damage":7.0,"enemies":"Writhing Mass","floor":39.0,"turns":6.0},{"damage":59.0,"enemies":"Reptomancer","floor":40.0,"turns":4.0},{"damage":8.0,"enemies":"Transient","floor":42.0,"turns":5.0},{"damage":67.0,"enemies":"Nemesis","floor":44.0,"turns":21.0},{"damage":4.0,"enemies":"Giant Head","floor":46.0,"turns":9.0},{"damage":1.0,"enemies":"Maw","floor":48.0,"turns":6.0},{"damage":28.0,"enemies":"Donu and Deca","floor":50.0,"turns":4.0},{"damage":0,"enemies":"Malkuth","floor":52,"turns":5},{"damage":23,"enemies":"Hod","floor":52,"turns":4},{"damage":0,"enemies":"Tiphereth","floor":52,"turns":3},{"damage":0,"enemies":"Hokma","floor":52,"turns":15},{"damage":0,"enemies":"Angela","floor":52,"turns":7}],"seed_played":"2030832189518112845","potions_obtained":[{"floor":30.0,"key":"Regen Potion"}],"is_trial":false,"path_per_floor":["M","M","M","?","?","R","?","E","T","E","M","M","R","M","R","B",null,"M","?","$","?","?","E","R","E","T","E","M","E","M","E","R","B",null,"M","M","M","?","M","E","?","M","T","E","R","E","R","M","R","B",null,null],"character_chosen":"Angela","items_purchased":["Chemical X","GreenStem","Whetstone"],"campfire_rested":0,"item_purchase_floors":[20,20,20],"current_hp_per_floor":[64,60,59,45,57,57,57,55,55,39,39,18,18,15,15,9,84,66,50,50,50,50,45,45,43,43,20,22,22,22,26,26,60,84,99,99,89,89,89,35,35,32,32,83,83,83,83,87,87,64,64],"gold":1277,"neow_bonus":"RANDOM_COLORLESS_2","is_daily":false,"chose_seed":false,"campfire_upgraded":0,"win_rate":0.0,"timestamp":1609242638,"path_taken":["M","M","?","?","?","R","?","E","T","E","M","M","R","?","R","BOSS","M","?","$","?","?","E","R","E","T","E","M","E","M","E","R","BOSS","M","M","M","?","?","E","?","M","T","E","R","E","R","?","R","BOSS"],"items_purchased_type":["Relic","Card","Relic"],"build_version":"2020-12-22","purchased_purges":1,"victory":true,"max_hp_per_floor":[70,70,70,70,70,70,70,70,70,70,70,70,70,70,70,70,84,84,84,84,84,84,84,84,84,84,84,84,84,84,84,84,84,84,99,99,89,89,89,89,89,89,89,89,89,89,89,89,89,89,89],"card_choices":[{"not_picked":["Thinking Ahead","Secret Technique"],"picked":"Apotheosis","floor":0.0},{"not_picked":["MeatLantern","Yin"],"picked":"VoidDream","floor":1.0},{"not_picked":["Harmony"],"picked":"Regret_ego","floor":1.0},{"not_picked":["RedEyes","Noise"],"picked":"SKIP","floor":1.0},{"not_picked":["Regret_ego"],"picked":"Twilight","floor":2.0},{"not_picked":["RapturousDream","Soda"],"picked":"SKIP","floor":2.0},{"not_picked":["WallGazer","NakedNest"],"picked":"UniverseFragment","floor":3.0},{"not_picked":["Harvest","RedEyes"],"picked":"SKIP","floor":3.0},{"not_picked":["InTheNameOfLoveAndHate","Harvest"],"picked":"SKIP","floor":3.0},{"not_picked":["SolemnVow","Laetitia_ego"],"picked":"SKIP","floor":8.0},{"not_picked":["CherryBlossom","Loneliness"],"picked":"SKIP","floor":8.0},{"not_picked":["SpiderBud","MHz"],"picked":"Rudolta","floor":10.0},{"not_picked":["RapturousDream"],"picked":"TheSmile","floor":10.0},{"not_picked":["BloodyDesire","LifeForTheDareDevil"],"picked":"SKIP","floor":11.0},{"not_picked":["Loneliness"],"picked":"Horn","floor":12.0},{"not_picked":["RapturousDream","WristCuter"],"picked":"SKIP","floor":12.0},{"not_picked":["Discord","Gaze"],"picked":"SKIP","floor":14.0},{"not_picked":["Lantern","Galaxy"],"picked":"SKIP","floor":14.0},{"not_picked":["CENSORED_ego"],"picked":"Twilight","floor":16.0},{"not_picked":["DaCapo"],"picked":"GoldRush","floor":16.0},{"not_picked":["Regret_ego","Wingbeat"],"picked":"SKIP","floor":18.0},{"not_picked":["Harvest"],"picked":"Mimicry","floor":23.0},{"not_picked":["Alriune","MeatLantern"],"picked":"BlackArmy","floor":23.0},{"not_picked":["WristCuter","Regret_ego"],"picked":"SKIP","floor":23.0},{"not_picked":["RedShoes","SpiderBud"],"picked":"Variant","floor":25.0},{"not_picked":["Beak","MagicBullet"],"picked":"SKIP","floor":25.0},{"not_picked":["BearPaw","RedEyes"],"picked":"SKIP","floor":25.0},{"not_picked":["ShedSkin"],"picked":"Amita","floor":27.0},{"not_picked":["Lantern+1","RapturousDream"],"picked":"SKIP","floor":27.0},{"not_picked":["GreenStem"],"picked":"CherryBlossom","floor":28.0},{"not_picked":["Beak","BlueScar+1"],"picked":"SKIP","floor":28.0},{"not_picked":["CherryBlossom"],"picked":"Spore+1","floor":29.0},{"not_picked":["SolemnVow+1","Logging"],"picked":"SKIP","floor":29.0},{"not_picked":["Soda+1","RapturousDream+1"],"picked":"SKIP","floor":30.0},{"not_picked":["RedEyes","BearPaw"],"picked":"SKIP","floor":31.0},{"not_picked":["Galaxy","Harmony"],"picked":"SKIP","floor":31.0},{"not_picked":["Justitia"],"picked":"SoundOfStar","floor":33.0},{"not_picked":["Heaven+1","FrostShard+1"],"picked":"SKIP","floor":35.0},{"not_picked":["Galaxy","Harmony"],"picked":"SKIP","floor":35.0},{"not_picked":["CherryBlossom","Horn+1"],"picked":"SKIP","floor":36.0},{"not_picked":["RapturousDream+1","DaCapo"],"picked":"SKIP","floor":36.0},{"not_picked":["Horn","Heaven"],"picked":"SKIP","floor":37.0},{"not_picked":["CUTE","ScreamingWedge+1"],"picked":"SKIP","floor":37.0},{"not_picked":["Lantern+1","GrinderMk4"],"picked":"SKIP","floor":39.0},{"not_picked":["BloodyDesire","Noise+1"],"picked":"SKIP","floor":39.0},{"not_picked":["BearPaw+1","WristCuter+1"],"picked":"SKIP","floor":40.0},{"not_picked":["Amita+1","InTheNameOfLoveAndHate+1"],"picked":"SKIP","floor":40.0},{"not_picked":["CherryBlossom"],"picked":"SoundOfStar","floor":42.0},{"not_picked":["Reverberation+1","Lamp+1"],"picked":"SKIP","floor":42.0},{"not_picked":["Tough+1","TodaysExpression"],"picked":"SKIP","floor":44.0},{"not_picked":["LifeForTheDareDevil+1","Horn+1"],"picked":"SKIP","floor":44.0},{"not_picked":["Moonlight+1","Penitence+1"],"picked":"SKIP","floor":46.0},{"not_picked":["Justitia","SomewhereSpear+1"],"picked":"SKIP","floor":46.0},{"not_picked":["FourthMatchFlame+1"],"picked":"Diffraction","floor":48.0},{"not_picked":["PunishingBird","MeltingLove"],"picked":"Yin","floor":48.0},{"not_picked":["Harvest","TodaysExpression"],"picked":"SKIP","floor":48.0}],"player_experience":208044,"relics_obtained":[{"floor":1.0,"key":"LetterFromLob"},{"floor":8.0,"key":"Omamori"},{"floor":9.0,"key":"Gremlin Horn"},{"floor":10.0,"key":"Kunai"},{"floor":17.0,"key":"Bag of Marbles"},{"floor":17.0,"key":"Pantograph"},{"floor":17.0,"key":"Mango"},{"floor":19.0,"key":"Necronomicon"},{"floor":23.0,"key":"White Beast Statue"},{"floor":25.0,"key":"CaptainsWheel"},{"floor":26.0,"key":"Ice Cream"},{"floor":27.0,"key":"War Paint"},{"floor":29.0,"key":"Du-Vu Doll"},{"floor":31.0,"key":"Vajra"},{"floor":35.0,"key":"AtMidnight"},{"floor":40.0,"key":"Toy Ornithopter"},{"floor":44.0,"key":"TungstenRod"},{"floor":46.0,"key":"Incense Burner"}],"event_choices":[{"damage_healed":0.0,"max_hp_gain":0.0,"max_hp_loss":0.0,"gold_gain":0.0,"event_name":"Shining Light","player_choice":"Entered Light","floor":4.0,"gold_loss":0.0,"damage_taken":14.0,"cards_upgraded":["Regret_ego","Twilight"]},{"cards_removed":["SpecialBullet"],"damage_healed":0.0,"max_hp_gain":0.0,"max_hp_loss":0.0,"gold_gain":0.0,"event_name":"The Cleric","player_choice":"Card Removal","floor":7.0,"gold_loss":50.0,"damage_taken":0.0},{"damage_healed":0.0,"max_hp_gain":0.0,"max_hp_loss":0.0,"gold_gain":0.0,"event_name":"Cursed Tome","player_choice":"Obtained Book","floor":19.0,"gold_loss":0.0,"damage_taken":16.0},{"damage_healed":0.0,"max_hp_gain":0.0,"max_hp_loss":0.0,"gold_gain":0.0,"event_name":"Addict","player_choice":"Stole Relic","floor":21.0,"gold_loss":0.0,"damage_taken":0.0,"relics_obtained":["Potion Belt"],"cards_obtained":["Shame"]},{"damage_healed":0.0,"max_hp_gain":0.0,"max_hp_loss":0.0,"gold_gain":0.0,"event_name":"Vampires","player_choice":"Ignored","floor":22.0,"gold_loss":0.0,"damage_taken":0.0},{"damage_healed":0.0,"max_hp_gain":0.0,"max_hp_loss":0.0,"gold_gain":0.0,"event_name":"SecretPortal","player_choice":"Ignored","floor":38.0,"gold_loss":0.0,"damage_taken":0.0},{"damage_healed":0.0,"max_hp_gain":0.0,"max_hp_loss":0.0,"gold_gain":100.0,"event_name":"Golden Shrine","player_choice":"Pray","floor":41.0,"gold_loss":0.0,"damage_taken":0.0}],"is_beta":false,"boss_relics":[{"not_picked":["Runic Pyramid","Cursed Key"],"picked":"Calling Bell"},{"not_picked":["Philosopher\u0027s Stone","Sozu"],"picked":"Coffee Dripper"}],"items_purged_floors":[20],"is_endless":false,"potions_floor_spawned":[30,52,52,52,52,52],"ascension_level":3}}