{"host":"cxizwatl5v7zq6a5","time":1609253244,"event":{"mods":["AchievementEnabler","Act Like it!","BaseMod","Colored Map","Colored Powertips","Downfall","Friendly Minions","Gensokyo","Hermit","Hubris","Infinite Spire","Marisa????????","Minty Spire (QoL Compilation)","Quick Restart","READ ME - Guardian Mod","Rare Cards Sparkle","Remilia??????","Replay The Spire","StSLib","The Cursed","The Jungle","The Servant 0.9.4"],"gold_per_floor":[116,116,116,116,116,116,195,215,215,215,249,262,262,293,293,396,396,406,406,406,406,406],"floor_reached":21,"playtime":770,"items_purged":[],"score":203,"play_id":"b97052c2-81d0-4fe3-8ae3-14aff020cac2","local_time":"20201229224724","is_ascension_mode":true,"campfire_choices":[{"data":"Uppercut","floor":6,"key":"SMITH"},{"data":"Anger","floor":15,"key":"SMITH"}],"circlet_count":0,"master_deck":["Strike_R","Strike_R+1","Strike_R","Strike_R","Strike_R+1","Defend_R","Defend_R","Defend_R","Defend_R","Bash","Hallucinations","Uppercut+1","Flex","Shrug It Off","Rage","Anger+1","Immolate+1","Body Slam+1","Juggernaut","Rampage+1"],"relics":["Burning Blood","NeowsBlessing","Ring of Hypnosis","ReplayTheSpireMod:Ring of Challenge","Replay:Baseball","infinitespire:ShieldingShard","Simple Rune","Molten Egg 2","Honey Jar","hubris:Towel","hubris:BottledHeart"],"acts_visited":["Exordium","TheCity"],"potions_floor_usage":[],"damage_taken":[{"damage":0,"enemies":"Small Slimes","floor":1,"turns":1},{"damage":11,"enemies":"3 Sentries","floor":7,"turns":3},{"damage":0,"enemies":"Jaw Worm","floor":8,"turns":1},{"damage":17,"enemies":"Gremlin Nob","floor":11,"turns":4},{"damage":0,"enemies":"Cultist","floor":12,"turns":3},{"damage":9,"enemies":"Lagavulin","floor":14,"turns":5},{"damage":34,"enemies":"Fading Forest","floor":16,"turns":11},{"damage":0,"enemies":"2 Thieves","floor":18,"turns":2}],"seed_played":"7713939725814672251","potions_obtained":[{"floor":7,"key":"BloodPotion"},{"floor":11,"key":"Strength Potion"},{"floor":14,"key":"DuplicationPotion"}],"is_trial":false,"path_per_floor":["M","?","?","?","$","R","E","M","T","$","E","M","?","E","R","B",null,"M","?","?","?"],"character_chosen":"IRONCLAD","items_purchased":[],"campfire_rested":0,"item_purchase_floors":[],"current_hp_per_floor":[80,80,80,80,80,80,75,80,80,80,69,75,75,72,72,54,80,80,80,1,0,0],"gold":406,"neow_bonus":"THREE_ENEMY_KILL","is_daily":false,"chose_seed":false,"campfire_upgraded":2,"win_rate":0.0,"timestamp":1609253244,"path_taken":["M","?","?","?","$","R","E","?","T","$","E","M","?","E","R","BOSS","M","?","?","?"],"items_purchased_type":[],"build_version":"2020-12-22","purchased_purges":0,"victory":false,"max_hp_per_floor":[80,80,80,80,80,80,80,80,80,80,80,80,80,80,80,80,80,80,80,1,1,1],"card_choices":[{"not_picked":["Wild Strike","ReplayTheSpireMod:Strike From Hell"],"picked":"Armaments","floor":1},{"not_picked":["Havoc","Metallicize"],"picked":"Flex","floor":7},{"not_picked":["hubris:ReadiedAction","Run Through"],"picked":"Shrug It Off","floor":8},{"not_picked":["Bloodletting","Thunderclap"],"picked":"Rage","floor":11},{"not_picked":["Shrug It Off","Exhume"],"picked":"Anger","floor":12},{"not_picked":["Sword Boomerang+1","Exhume"],"picked":"Body Slam+1","floor":14},{"not_picked":["Brutality","Limit Break"],"picked":"Juggernaut","floor":16},{"not_picked":["Cleave+1","Body Slam+1","Headbutt+1"],"picked":"Rampage+1","floor":18}],"player_experience":114072,"relics_obtained":[{"floor":2,"key":"Ring of Hypnosis"},{"floor":2,"key":"ReplayTheSpireMod:Ring of Challenge"},{"floor":7,"key":"Replay:Baseball"},{"floor":9,"key":"infinitespire:ShieldingShard"},{"floor":11,"key":"Simple Rune"},{"floor":14,"key":"Molten Egg 2"}],"event_choices":[{"damage_healed":0,"gold_gain":0,"player_choice":"1 cards matched","damage_taken":0,"max_hp_gain":0,"max_hp_loss":0,"event_name":"Match and Keep!","floor":4,"gold_loss":0,"cards_obtained":["Uppercut"]}],"is_beta":false,"boss_relics":[{"not_picked":["Runic Dome","Replay:Grab Bag"],"picked":"Honey Jar"}],"items_purged_floors":[],"is_endless":false,"potions_floor_spawned":[7,11,14],"ascension_level":1}}