{"host":"qfskrnw3pl1q86j0","time":1609243338,"event":{"mods":["BaseMod","Block Reminder","Hermit","Marisa????????","Minty Spire (QoL Compilation)","Quick Restart","Random Character Button","StSLib","The Poker Player","slay the spire mod where everything is the same but ironclad has a cowboy hat"],"gold_per_floor":[112,125,145,145,161,161,174,187,187,187,220,111,111,128,128,230,230,244,48,48,64,75,26,26,46,128,128,128,148,182,199,199,297,297,316,332,332,352,364,364,364,364],"floor_reached":41,"playtime":2161,"items_purged":["Strike_B"],"score":419,"play_id":"c761b049-d6ec-4a66-bd12-d31aeeeae85f","local_time":"20201229130218","is_ascension_mode":false,"campfire_choices":[{"data":"Dualcast","floor":6.0,"key":"SMITH"},{"data":"Compile Driver","floor":10.0,"key":"SMITH"},{"data":"Glacier","floor":13.0,"key":"SMITH"},{"data":"Blizzard","floor":15.0,"key":"SMITH"},{"data":"Multi-Cast","floor":24.0,"key":"SMITH"},{"data":"Buffer","floor":27.0,"key":"SMITH"},{"floor":32.0,"key":"REST"},{"data":"Coolheaded","floor":40,"key":"SMITH"}],"circlet_count":0,"master_deck":["Strike_B","Strike_B","Strike_B","Defend_B","Defend_B","Defend_B","Defend_B","Zap+1","Dualcast+1","Glacier+1","Conserve Battery","Leap","Compile Driver+1","Coolheaded+1","Multi-Cast+1","Blizzard+1","Buffer+1","Coolheaded","Hologram+1","Ball Lightning","Cold Snap+1","Coolheaded+1","Defragment+1"],"relics":["Cracked Core","Peace Pipe","Potion Belt","Philosopher\u0027s Stone","Lee\u0027s Waffle","MutagenicStrength","Gremlin Horn","Blue Candle","Black Star"],"acts_visited":["Exordium","TheCity","TheBeyond"],"potions_floor_usage":[41],"damage_taken":[{"damage":5.0,"enemies":"Small Slimes","floor":1.0,"turns":2.0},{"damage":0.0,"enemies":"Cultist","floor":2.0,"turns":3.0},{"damage":1.0,"enemies":"Jaw Worm","floor":3.0,"turns":4.0},{"damage":0.0,"enemies":"Blue Slaver","floor":5.0,"turns":3.0},{"damage":2.0,"enemies":"Red Slaver","floor":7.0,"turns":4.0},{"damage":0.0,"enemies":"3 Louse","floor":8.0,"turns":3.0},{"damage":32.0,"enemies":"Gremlin Nob","floor":11.0,"turns":4.0},{"damage":0.0,"enemies":"2 Fungi Beasts","floor":14.0,"turns":4.0},{"damage":19.0,"enemies":"The Guardian","floor":16.0,"turns":14.0},{"damage":5.0,"enemies":"Chosen","floor":18.0,"turns":8.0},{"damage":11.0,"enemies":"3 Byrds","floor":21.0,"turns":6.0},{"damage":31.0,"enemies":"Cultist and Chosen","floor":22.0,"turns":12.0},{"damage":13.0,"enemies":"Sentry and Sphere","floor":25.0,"turns":8.0},{"damage":0.0,"enemies":"Centurion and Healer","floor":29.0,"turns":7.0},{"damage":14.0,"enemies":"Book of Stabbing","floor":30.0,"turns":7.0},{"damage":0.0,"enemies":"Snecko","floor":31.0,"turns":7.0},{"damage":3.0,"enemies":"Automaton","floor":33.0,"turns":12.0},{"damage":0,"enemies":"3 Shapes","floor":35,"turns":6},{"damage":11,"enemies":"3 Darklings","floor":36,"turns":6},{"damage":1,"enemies":"Sphere and 2 Shapes","floor":38,"turns":6},{"damage":13,"enemies":"Jaw Worm Horde","floor":39,"turns":7},{"damage":79,"enemies":"Giant Head","floor":41,"turns":11}],"seed_played":"-8694197942133717583","potions_obtained":[{"floor":3.0,"key":"PowerPotion"},{"floor":5.0,"key":"GamblersBrew"},{"floor":7.0,"key":"Dexterity Potion"},{"floor":14.0,"key":"SneckoOil"},{"floor":16.0,"key":"Strength Potion"},{"floor":18.0,"key":"EssenceOfSteel"},{"floor":31.0,"key":"Explosive Potion"},{"floor":38,"key":"SkillPotion"},{"floor":39,"key":"FocusPotion"}],"is_trial":false,"path_per_floor":["M","M","M","?","M","R","M","M","T","R","E","$","R","M","R","B",null,"M","$","?","M","M","$","R","M","T","R","?","M","E","M","R","B",null,"M","M","?","M","M","R","E"],"character_chosen":"DEFECT","items_purchased":["Blizzard","Coolheaded","Lee\u0027s Waffle","Ball Lightning"],"campfire_rested":1,"item_purchase_floors":[12,19,19,23],"current_hp_per_floor":[70,70,69,69,69,69,67,67,67,67,35,35,35,35,35,16,75,70,82,82,71,40,40,40,27,27,27,15,15,1,1,25,22,82,82,71,71,70,57,57,0,0],"gold":364,"neow_bonus":"UPGRADE_CARD","is_daily":false,"chose_seed":false,"campfire_upgraded":7,"win_rate":0.0,"timestamp":1609243338,"path_taken":["M","M","M","?","?","R","M","M","T","R","E","?","R","M","R","BOSS","M","$","?","M","M","$","R","M","T","R","?","M","E","M","R","BOSS","M","M","?","M","M","R","E"],"items_purchased_type":["Card","Card","Relic","Card"],"build_version":"2020-12-22","purchased_purges":1,"victory":false,"max_hp_per_floor":[75,75,75,75,75,75,75,75,75,75,75,75,75,75,75,75,75,75,82,82,82,82,82,82,82,82,82,82,82,82,82,82,82,82,82,82,78,78,78,78,78,78],"card_choices":[{"not_picked":["Beam Cell","Rebound"],"picked":"Glacier","floor":1.0},{"not_picked":["Streamline","Barrage"],"picked":"Conserve Battery","floor":2.0},{"not_picked":["Double Energy","Turbo"],"picked":"Leap","floor":3.0},{"not_picked":["Auto Shields","Gash"],"picked":"Compile Driver","floor":5.0},{"not_picked":["Force Field","Auto Shields","Conserve Battery"],"picked":"SKIP","floor":7.0},{"not_picked":["Conserve Battery","Static Discharge"],"picked":"Coolheaded","floor":8.0},{"not_picked":["Hologram","Scrape"],"picked":"Multi-Cast","floor":11.0},{"not_picked":["Fusion","Beam Cell","Steam Power"],"picked":"SKIP","floor":14.0},{"not_picked":["Electrodynamics","Thunder Strike"],"picked":"Buffer","floor":16.0},{"not_picked":["Auto Shields","Reprogram+1","Redo"],"picked":"SKIP","floor":18.0},{"not_picked":["Steam","Scrape"],"picked":"Hologram+1","floor":21.0},{"not_picked":["Steam","Gash+1","Redo"],"picked":"SKIP","floor":22.0},{"not_picked":["Steam","Reboot","Recycle"],"picked":"SKIP","floor":25.0},{"not_picked":["Compile Driver","Streamline","Beam Cell"],"picked":"SKIP","floor":29.0},{"not_picked":["Ball Lightning","Machine Learning"],"picked":"Cold Snap+1","floor":30.0},{"not_picked":["Aggregate+1","Genetic Algorithm","Darkness+1"],"picked":"SKIP","floor":31.0},{"not_picked":["Ball Lightning","Melter"],"picked":"Coolheaded+1","floor":35},{"not_picked":["Steam Power","Cold Snap","Go for the Eyes"],"picked":"SKIP","floor":36},{"not_picked":["Conserve Battery","Self Repair+1","Sunder"],"picked":"SKIP","floor":38},{"not_picked":["BootSequence","Coolheaded"],"picked":"Defragment+1","floor":39}],"player_experience":872635,"relics_obtained":[{"floor":9.0,"key":"Peace Pipe"},{"floor":11.0,"key":"Potion Belt"},{"floor":26.0,"key":"Gremlin Horn"},{"floor":30.0,"key":"Blue Candle"}],"event_choices":[{"damage_healed":0.0,"max_hp_gain":0.0,"max_hp_loss":0.0,"gold_gain":0.0,"event_name":"The Woman in Blue","player_choice":"Bought 0 Potions","floor":4.0,"gold_loss":0.0,"damage_taken":0.0},{"damage_healed":0.0,"max_hp_gain":0.0,"max_hp_loss":0.0,"gold_gain":0.0,"event_name":"Drug Dealer","player_choice":"Inject Mutagens","floor":20.0,"gold_loss":0.0,"damage_taken":0.0,"relics_obtained":["MutagenicStrength"]},{"damage_healed":0.0,"max_hp_gain":0.0,"max_hp_loss":0.0,"gold_gain":0.0,"event_name":"Knowing Skull","player_choice":"POTION ","floor":28.0,"potions_obtained":["LiquidMemories"],"gold_loss":0.0,"damage_taken":12.0,"cards_obtained":[]},{"damage_healed":0,"gold_gain":0,"player_choice":"Max HP","damage_taken":0,"max_hp_gain":0,"max_hp_loss":4,"event_name":"Winding Halls","floor":37,"gold_loss":0}],"is_beta":false,"boss_relics":[{"not_picked":["Empty Cage","Fusion Hammer"],"picked":"Philosopher\u0027s Stone"},{"not_picked":["Pandora\u0027s Box","Nuclear Battery"],"picked":"Black Star"}],"items_purged_floors":[12],"is_endless":false,"potions_floor_spawned":[3,5,7,14,16,18,29,31,38,39],"killed_by":"Giant Head","ascension_level":0}}