{"host":"appz8zkad29u9482","time":1609274285,"event":{"mods":["2.2 Compatiblity","Act Like it!","Aspiration","BaseMod","Better Altar","Better Match","Better Note","Better Skull","Better Third Choice","BetterRewards","CapriCore","Chen","Conspire","Disable Question Mark Monsters","Energized Spire","Gensokyo","GifTheSpireLib","Gold Saver","Halation","Hermit","Hubris","Infinite Spire","Jedi Mod","Marisa????????","Minty Spire (QoL Compilation)","Permanent Neow","Reimu??????","Replay The Spire","Spicy Shops","StSLib","Strawberry Spire","Stuff the Spire","The Immortal","The Servant 0.9.4","Yakumo Yukari mod","yUi"],"gold_per_floor":[983,1003,204,204,67,67,101,101,124,124,137,137,169,184,184,286,286,302,415,426,426,443,478,478,478,478],"floor_reached":24,"playtime":1564,"items_purged":["MokouMod:Strike","MokouMod:Strike"],"score":235,"play_id":"b55a9bdf-70c3-4d99-9d0e-aa723e2f7af2","local_time":"20201229103805","is_ascension_mode":true,"campfire_choices":[{"floor":6,"key":"RECALL"},{"floor":8,"key":"REST"},{"data":"MokouMod:HeartofFire","floor":12,"key":"SMITH"},{"data":"MokouMod:HouraiForge","floor":15,"key":"SMITH"}],"circlet_count":0,"master_deck":["MokouMod:Strike","MokouMod:Strike","MokouMod:Strike","MokouMod:Defend+1","MokouMod:Defend","MokouMod:Defend","MokouMod:HeatSpark","MokouMod:UncontrollableSolarReaction","MokouMod:ResoluteFlare","MokouMod:FlareStarter","MokouMod:BlazingComet+1","MokouMod:HeartofFire+1","MokouMod:HeatSpark","MokouMod:HeatSpark","MokouMod:HeatSpark","MokouMod:HeatSpark","MokouMod:HeatSpark","MokouMod:ScorchedEarth+1","MokouMod:HouraiForge+1","MokouMod:PhoenixForm","MokouMod:IgnitionBlast","MokouMod:RetainTemperature"],"relics":["MokouMod:PhoenixFeather","halation:PrussianBluePaint","hubris:Zylophone","strawberrySpire:BrokenPrinter","Bottled Lightning","conspire:TopHat","Vajra","Replay:Grab Bag","aspiration:FutureDiary","energizedSpire:RedRose","SlaversCollar","aspiration:PoetsPen_weak","Bag of Preparation","Replay:Rubber Ducky","Replay:Kaleidoscope"],"acts_visited":["Exordium","TheCity"],"potions_floor_usage":[7,22,23],"damage_taken":[{"damage":0,"enemies":"Small Slimes","floor":1,"turns":3},{"damage":5,"enemies":"Jaw Worm","floor":2,"turns":4},{"damage":44,"enemies":"strawberrySpire:EnergyPylons","floor":7,"turns":5},{"damage":0,"enemies":"2 Louse","floor":11,"turns":3},{"damage":16,"enemies":"Gremlin Nob","floor":13,"turns":3},{"damage":9,"enemies":"2 Fungi Beasts","floor":14,"turns":3},{"damage":21,"enemies":"The Guardian","floor":16,"turns":9},{"damage":16,"enemies":"3 Byrds","floor":18,"turns":5},{"damage":4,"enemies":"Shell Parasite","floor":20,"turns":3},{"damage":5,"enemies":"Snecko","floor":22,"turns":2},{"damage":33,"enemies":"Book of Stabbing","floor":23,"turns":3},{"damage":27,"enemies":"Centurion and Healer","floor":24,"turns":2}],"seed_played":"-743695063819673132","potions_obtained":[{"floor":2,"key":"Languid Potion"},{"floor":13,"key":"Elixir"},{"floor":16,"key":"PowerPotion"},{"floor":20,"key":"conspire:TimeTravelPotion"},{"floor":22,"key":"Toxic Potion"}],"is_trial":false,"path_per_floor":["M","M","$","?","$","R","E","R","T","?","M","R","E","M","R","B",null,"M","?","M","?","M","E","M"],"character_chosen":"MKU","items_purchased":["MokouMod:BlazingComet+1","MokouMod:HeartofFire","halation:PrussianBluePaint","hubris:Zylophone","strawberrySpire:BrokenPrinter","MokouMod:ScorchedEarth"],"campfire_rested":1,"item_purchase_floors":[3,3,3,3,3,5],"current_hp_per_floor":[75,70,70,70,70,70,26,48,48,48,48,48,32,23,23,2,75,59,8,4,4,17,2,0,0,0],"gold":478,"neow_bonus":"TRANSFORM_CARD","is_daily":false,"chose_seed":false,"campfire_upgraded":2,"win_rate":0.0,"timestamp":1609274285,"path_taken":["M","M","$","?","?","R","E","R","T","?","M","R","E","M","R","BOSS","M","?","?","?","M","E","M"],"items_purchased_type":["Card","Card","Relic","Relic","Relic","Card"],"build_version":"2020-12-22","purchased_purges":2,"victory":false,"max_hp_per_floor":[75,75,75,75,75,75,75,75,75,75,75,75,75,75,75,75,75,75,75,75,75,75,75,75,75,75],"card_choices":[{"not_picked":["MokouMod:BurningDraft","MokouMod:Firecracker"],"picked":"MokouMod:ResoluteFlare","floor":1},{"not_picked":["MokouMod:InfernalWave","MokouMod:RoaringFlare"],"picked":"MokouMod:FlareStarter","floor":2},{"not_picked":["MokouMod:ResoluteFlare","MokouMod:Trailblazer","MokouMod:UncontrollableSolarReaction"],"picked":"SKIP","floor":7},{"not_picked":["MokouMod:InfernalWave","MokouMod:IcarusDive","MokouMod:TemporalFireSeal"],"picked":"SKIP","floor":11},{"not_picked":["MokouMod:Firecracker","MokouMod:Stoke"],"picked":"MokouMod:HouraiForge","floor":13},{"not_picked":["MokouMod:SearingShot","MokouMod:ImperishableFlame","MokouMod:UncontrollableSolarReaction"],"picked":"SKIP","floor":14},{"not_picked":["MokouMod:SacredFire","MokouMod:Geothermal"],"picked":"MokouMod:PhoenixForm","floor":16},{"not_picked":["MokouMod:RoaringFlare","MokouMod:Firecracker","MokouMod:Afterburner"],"picked":"SKIP","floor":18},{"not_picked":["MokouMod:RoaringFlare","MokouMod:Overheat","MokouMod:ResoluteFlare"],"picked":"SKIP","floor":20},{"not_picked":["MokouMod:InfernalWave+1","MokouMod:Rekindle"],"picked":"MokouMod:IgnitionBlast","floor":22},{"not_picked":["MokouMod:ResoluteFlare","MokouMod:IndiscriminateIgnition"],"picked":"MokouMod:RetainTemperature","floor":23}],"player_experience":372820,"relics_obtained":[{"floor":7,"key":"Bottled Lightning"},{"floor":10,"key":"conspire:TopHat"},{"floor":13,"key":"Vajra"},{"floor":23,"key":"Replay:Kaleidoscope"}],"event_choices":[{"damage_healed":0,"gold_gain":113,"player_choice":"GO UP RE RE ","damage_taken":58,"relics_obtained":["Bag of Preparation","Replay:Rubber Ducky"],"max_hp_gain":0,"max_hp_loss":0,"event_name":"betterSkull:BetterSkull","floor":19,"gold_loss":0,"cards_upgraded":["MokouMod:ScorchedEarth"]}],"is_beta":false,"boss_relics":[{"not_picked":["conspire:SpecialSausage","Black Star"],"picked":"Replay:Grab Bag"},{"not_picked":["strawberrySpire:RottenAvocado","StuffTheSpire:ModemDavis"],"picked":"aspiration:FutureDiary"},{"not_picked":["halation:IncompleteEncyclopedia","Painkiller Herb"],"picked":"energizedSpire:RedRose"},{"not_picked":["halation:PlatinumPhoenix","Snecko Eye"],"picked":"SlaversCollar"},{"not_picked":["Replay:Drink Me","hubris:Backtick"],"picked":"aspiration:PoetsPen_weak"}],"items_purged_floors":[3,5],"is_endless":false,"potions_floor_spawned":[2,13,16,20,22],"killed_by":"Centurion and Healer","ascension_level":1}}