{"host":"79pwvnyrdes6uj7k","time":1609221493,"event":{"mods":["2.2 Compatiblity","Astrologer","BaseMod","Beaked The Cultist","Colored Powertips","Downfall","Exacting","Friendly Minions","HexUI Lib","Highlight Path","Hubris","Infinite Spire","JesterMod","Mad Scientist","Mimic Mod","Minty Spire (QoL Compilation)","Random Character Button","Replay The Spire","Reworked Bosses","Shop Mod","Somnambulant","StSLib","The Cursed","The Disciple","The Factory","The Judge","The Jungle","The Marked","The Poker Player","The Runesmith","TheHeartMod"],"gold_per_floor":[99,112,287,387,487,503,503,521,569,494,944,969,969,969,998,998,998],"floor_reached":16,"playtime":1396,"items_purged":[],"score":100,"play_id":"cb83c3d1-cc53-4828-8e90-472c6776c5d8","local_time":"20201228235813","is_ascension_mode":false,"campfire_choices":[{"floor":1,"key":"RECALL"},{"floor":10,"key":"REST"},{"floor":13,"key":"REST"}],"circlet_count":0,"master_deck":["Runesmith:Strike_RS","Runesmith:Strike_RS","Runesmith:Strike_RS","Runesmith:Defend_RS","Runesmith:Defend_RS","Runesmith:Defend_RS","Runesmith:CraftFirestone","Runesmith:Fortify","Runesmith:HammerThrow+1","Runesmith:CraftProtectio","Runesmith:Accelerate","Runesmith:CraftMagma","Runesmith:FissionHammer","Runesmith:HeatedChisel","Slimebound:Icky","Slimebound:Icky","Slimebound:Icky","Runesmith:ReplicatingBarrier","Runesmith:EarthShield"],"relics":["Replay:Bronze Core","Replay:WaspNest","downfall:HeartBlessingRed","PreservedInsect"],"acts_visited":["Exordium"],"potions_floor_usage":[12,12,12],"damage_taken":[{"damage":5,"enemies":"Jaw Worm","floor":2,"turns":7},{"damage":45,"enemies":"downfall:Heads","floor":5,"turns":10},{"damage":0,"enemies":"Small Slimes","floor":6,"turns":3},{"damage":0,"enemies":"2 Louse","floor":8,"turns":3},{"damage":4,"enemies":"Large Slime","floor":9,"turns":6},{"damage":11,"enemies":"Lagavulin","floor":12,"turns":5},{"damage":30,"enemies":"Gremlin Gang","floor":15,"turns":4},{"damage":20,"enemies":"downfall:Silent","floor":16,"turns":4}],"seed_played":"2130476674932307908","potions_obtained":[{"floor":2,"key":"Swift Potion"},{"floor":6,"key":"Venom Potion"},{"floor":8,"key":"champ:CounterPotion"},{"floor":12,"key":"sneckomod:MuddlingPotion"}],"is_trial":false,"path_per_floor":["R","M","?","?","?","M","T","M","M","R","?","E","R","?","M","B"],"character_chosen":"RUNESMITH_CLASS","items_purchased":[],"campfire_rested":2,"item_purchase_floors":[],"current_hp_per_floor":[70,65,65,65,20,20,20,20,16,37,37,26,47,47,17,0,0],"gold":998,"neow_bonus":"BOSS_RELIC","is_daily":false,"chose_seed":false,"campfire_upgraded":0,"win_rate":0.0,"timestamp":1609221493,"path_taken":["R","M","?","?","?","M","T","?","M","R","?","E","R","?","M","BOSS"],"items_purchased_type":[],"build_version":"2020-12-22","purchased_purges":0,"victory":false,"max_hp_per_floor":[70,70,70,70,70,70,70,70,70,70,70,70,70,70,70,70,70],"card_choices":[{"not_picked":["Runesmith:ShiftingStrike","Runesmith:ChiselStab"],"picked":"Runesmith:HammerThrow","floor":2},{"not_picked":["Runesmith:HeatExchange","Runesmith:BackupBattery"],"picked":"Runesmith:CraftProtectio","floor":5},{"not_picked":["Runesmith:Retool","Runesmith:ChiselStab"],"picked":"Runesmith:CraftMagma","floor":6},{"not_picked":["Runesmith:ShiftingStrike","Runesmith:HeatedChisel"],"picked":"Runesmith:FissionHammer","floor":8},{"not_picked":["Runesmith:Retool","Runesmith:CraftProtectio"],"picked":"Runesmith:HeatedChisel","floor":9},{"not_picked":["Runesmith:Discharge","Runesmith:CraftProtectio"],"picked":"Runesmith:ReplicatingBarrier","floor":12},{"not_picked":["Runesmith:RuneHurl","Runesmith:HeatedChisel"],"picked":"Runesmith:EarthShield","floor":15}],"player_experience":345028,"relics_obtained":[{"floor":7,"key":"Replay:WaspNest"},{"floor":12,"key":"PreservedInsect"}],"event_choices":[],"is_beta":false,"boss_relics":[],"items_purged_floors":[],"is_endless":false,"potions_floor_spawned":[2,6,8,12],"killed_by":"downfall:Silent","ascension_level":0}}