{"host":"r53pw7z744tg3fxg","time":1609201106,"event":{"mods":["AchievementEnabler","BaseMod","Colored Map","Colored Powertips","Highlight Path","Minty Spire (QoL Compilation)","Quick Restart","Transform Curses"],"gold_per_floor":[118,132,207,28,42,42,68,68,91,105,105,137,212,4,4,105,105,116,116,116,13,26,26,37,37,37,24,24,55,55,84,84,181,231,251,19,31,82,96,96,112,112,112,112,17,28,63,80,80,80],"floor_reached":51,"playtime":2411,"items_purged":["Regret"],"score":1119,"play_id":"33d2ad46-7df9-49f1-9774-13705c722369","local_time":"20201228171826","is_ascension_mode":true,"campfire_choices":[{"data":"Halt","floor":6.0,"key":"SMITH"},{"floor":8.0,"key":"REST"},{"floor":15.0,"key":"REST"},{"data":"LessonLearned","floor":23.0,"key":"SMITH"},{"floor":25.0,"key":"REST"},{"data":"Judgement","floor":30.0,"key":"SMITH"},{"data":"PathToVictory","floor":32.0,"key":"SMITH"},{"floor":40.0,"key":"REST"},{"data":"DevaForm","floor":42.0,"key":"SMITH"},{"data":"Wish","floor":44.0,"key":"SMITH"},{"floor":49.0,"key":"REST"}],"circlet_count":0,"master_deck":["AscendersBane","Strike_P","Strike_P+1","Strike_P","Strike_P","Defend_P","Defend_P+1","Defend_P+1","Defend_P","Eruption+1","Vigilance","Tantrum","Halt+1","EmptyBody","FollowUp","EmptyFist","PathToVictory+1","InnerPeace","LessonLearned+1","CurseOfTheBell","BattleHymn+1","BowlingBash+1","SandsOfTime+1","ThirdEye","Judgement+1","CrushJoints+1","Wish+1","ClearTheMind+1","Chrysalis","DevaForm+1","Prostrate","Prostrate","Blind+1","LikeWater+1","ConjureBlade","FlurryOfBlows"],"relics":["PureWater","Oddly Smooth Stone","Pen Nib","Centennial Puzzle","CloakClasp","Tiny Chest","Membership Card","Calling Bell","Strawberry","Letter Opener","Lizard Tail","Regal Pillow","Medical Kit","Eternal Feather","Damaru","Dead Branch","Tiny House","Ginger","Orichalcum","StrikeDummy","Lantern"],"acts_visited":["Exordium","TheCity","TheBeyond"],"potions_floor_usage":[50,50,50],"damage_taken":[{"damage":0.0,"enemies":"Jaw Worm","floor":1.0,"turns":2.0},{"damage":0.0,"enemies":"Cultist","floor":2.0,"turns":3.0},{"damage":0.0,"enemies":"Small Slimes","floor":5.0,"turns":3.0},{"damage":11.0,"enemies":"Lagavulin","floor":7.0,"turns":5.0},{"damage":0.0,"enemies":"3 Louse","floor":10.0,"turns":3.0},{"damage":15.0,"enemies":"3 Sentries","floor":12.0,"turns":6.0},{"damage":3.0,"enemies":"Slime Boss","floor":16.0,"turns":7.0},{"damage":6.0,"enemies":"3 Byrds","floor":18.0,"turns":6.0},{"damage":18.0,"enemies":"Shell Parasite","floor":22.0,"turns":7.0},{"damage":18.0,"enemies":"Cultist and Chosen","floor":24.0,"turns":6.0},{"damage":1.0,"enemies":"Gremlin Leader","floor":29.0,"turns":4.0},{"damage":33.0,"enemies":"Slavers","floor":31.0,"turns":4.0},{"damage":68.0,"enemies":"Collector","floor":33.0,"turns":10.0},{"damage":2.0,"enemies":"3 Darklings","floor":35.0,"turns":4.0},{"damage":27.0,"enemies":"Orb Walker","floor":37.0,"turns":5.0},{"damage":14.0,"enemies":"3 Darklings","floor":39.0,"turns":6.0},{"damage":28.0,"enemies":"Spire Growth","floor":41.0,"turns":4.0},{"damage":22.0,"enemies":"4 Shapes","floor":46.0,"turns":4.0},{"damage":9.0,"enemies":"Giant Head","floor":47.0,"turns":6.0},{"damage":43.0,"enemies":"Writhing Mass","floor":48.0,"turns":6.0},{"damage":68,"enemies":"Donu and Deca","floor":50,"turns":10}],"seed_played":"-467346745017679940","potions_obtained":[{"floor":1.0,"key":"Explosive Potion"},{"floor":2.0,"key":"Block Potion"},{"floor":18.0,"key":"BlessingOfTheForge"},{"floor":24.0,"key":"ColorlessPotion"},{"floor":34.0,"key":"FairyPotion"},{"floor":37.0,"key":"Ambrosia"},{"floor":41.0,"key":"SpeedPotion"}],"is_trial":false,"path_per_floor":["M","M","?","$","M","R","E","R","T","M","?","E","?","$","R","B",null,"M","?","T","$","M","R","M","R","T","$","?","E","R","E","R","B",null,"M","$","M","T","M","R","M","R","T","R","$","M","E","M","R","B",null],"character_chosen":"WATCHER","items_purchased":["EmptyBody","Oddly Smooth Stone","Membership Card","Energy Potion","Medical Kit","BowlingBash","ThirdEye","Ginger","Chrysalis","Blind","EntropicBrew"],"campfire_rested":5,"item_purchase_floors":[4,4,14,14,21,21,27,36,36,45,45],"current_hp_per_floor":[65,65,58,58,58,58,47,68,68,68,68,53,42,42,63,60,76,70,70,70,70,52,52,34,72,72,72,72,71,79,46,61,33,73,71,71,44,44,30,84,56,74,74,84,84,62,53,10,71,3],"gold":80,"neow_bonus":"UPGRADE_CARD","is_daily":false,"chose_seed":false,"campfire_upgraded":6,"win_rate":0.0,"timestamp":1609201106,"path_taken":["M","M","?","?","M","R","E","R","T","M","?","E","?","?","R","BOSS","M","?","?","$","?","R","M","R","T","?","?","E","R","E","R","BOSS","M","$","M","?","M","R","M","R","T","R","$","M","E","M","R","BOSS"],"items_purchased_type":["Card","Relic","Relic","Potion","Relic","Card","Card","Relic","Card","Card","Potion"],"build_version":"2020-12-22","purchased_purges":1,"victory":true,"max_hp_per_floor":[72,72,72,72,72,72,72,72,72,72,72,72,72,72,72,72,79,79,79,79,79,79,79,79,79,79,79,79,79,79,79,79,79,84,84,84,84,84,84,84,84,84,84,84,84,84,84,84,84,84],"card_choices":[{"not_picked":["TalkToTheHand","Collect"],"picked":"Tantrum","floor":1.0},{"not_picked":["Collect","Meditate"],"picked":"Halt","floor":2.0},{"not_picked":["BowlingBash","EmptyMind"],"picked":"FollowUp","floor":5.0},{"not_picked":["EmptyBody","JustLucky"],"picked":"EmptyFist","floor":7.0},{"not_picked":["SignatureMove","WaveOfTheHand"],"picked":"PathToVictory","floor":10.0},{"not_picked":["Vengeance","WreathOfFlame"],"picked":"InnerPeace","floor":12.0},{"not_picked":["Alpha","Scrawl"],"picked":"LessonLearned","floor":16.0},{"not_picked":["PathToVictory","SashWhip"],"picked":"BattleHymn","floor":18.0},{"not_picked":["Wireheading","Halt+1","Tantrum"],"picked":"SKIP","floor":22.0},{"not_picked":["FlurryOfBlows","FlyingSleeves"],"picked":"SandsOfTime+1","floor":24.0},{"not_picked":["MentalFortress","PathToVictory","Worship+1"],"picked":"SKIP","floor":29.0},{"not_picked":["Judgement","FlyingSleeves"],"picked":"CrushJoints+1","floor":31.0},{"not_picked":["Brilliance","LessonLearned"],"picked":"Wish","floor":33.0},{"not_picked":["WaveOfTheHand","PathToVictory"],"picked":"ClearTheMind+1","floor":34.0},{"not_picked":["ThirdEye+1","Protect","Halt"],"picked":"SKIP","floor":35.0},{"not_picked":["FlurryOfBlows+1","SashWhip+1"],"picked":"DevaForm","floor":37.0},{"not_picked":["ThirdEye+1","Swivel"],"picked":"Prostrate","floor":39.0},{"not_picked":["FollowUp","BowlingBash"],"picked":"Prostrate","floor":41.0},{"not_picked":["InnerPeace+1","WindmillStrike"],"picked":"LikeWater+1","floor":46.0},{"not_picked":["TalkToTheHand","Worship+1"],"picked":"ConjureBlade","floor":47.0},{"not_picked":["CrushJoints+1","EmptyBody+1"],"picked":"FlurryOfBlows","floor":48.0}],"player_experience":1164446,"relics_obtained":[{"floor":7.0,"key":"Pen Nib"},{"floor":9.0,"key":"Centennial Puzzle"},{"floor":12.0,"key":"Tiny Chest"},{"floor":17.0,"key":"Strawberry"},{"floor":17.0,"key":"Letter Opener"},{"floor":17.0,"key":"Lizard Tail"},{"floor":20.0,"key":"Regal Pillow"},{"floor":26.0,"key":"Eternal Feather"},{"floor":29.0,"key":"Damaru"},{"floor":31.0,"key":"Dead Branch"},{"floor":38.0,"key":"Orichalcum"},{"floor":43.0,"key":"StrikeDummy"},{"floor":47.0,"key":"Lantern"}],"event_choices":[{"damage_healed":0.0,"max_hp_gain":0.0,"max_hp_loss":0.0,"gold_gain":75.0,"event_name":"FaceTrader","player_choice":"Touch","floor":3.0,"gold_loss":0.0,"damage_taken":7.0},{"damage_healed":0.0,"max_hp_gain":0.0,"max_hp_loss":0.0,"gold_gain":0.0,"event_name":"Big Fish","player_choice":"Box","floor":11.0,"gold_loss":0.0,"damage_taken":0.0,"relics_obtained":["CloakClasp"],"cards_obtained":["Regret"]},{"damage_healed":0.0,"max_hp_gain":0.0,"max_hp_loss":0.0,"gold_gain":75.0,"event_name":"World of Goop","player_choice":"Gather Gold","floor":13.0,"gold_loss":0.0,"damage_taken":11.0},{"damage_healed":0.0,"max_hp_gain":0.0,"max_hp_loss":0.0,"gold_gain":0.0,"event_name":"Accursed Blacksmith","player_choice":"Forge","floor":19.0,"gold_loss":0.0,"damage_taken":0.0,"cards_upgraded":["BattleHymn"]},{"damage_healed":0.0,"max_hp_gain":0.0,"max_hp_loss":0.0,"gold_gain":0.0,"event_name":"The Library","player_choice":"Read","floor":28.0,"gold_loss":0.0,"damage_taken":0.0,"cards_obtained":["Judgement"]}],"is_beta":false,"boss_relics":[{"not_picked":["Snecko Eye","Cursed Key"],"picked":"Calling Bell"},{"not_picked":["Astrolabe","Runic Dome"],"picked":"Tiny House"}],"items_purged_floors":[14],"is_endless":false,"potions_floor_spawned":[1,2,18,24,33,37,41],"ascension_level":10}}