{"host":"dcj2yvrgcvh5dl2s","time":1609219720,"event":{"mods":["BaseMod","Better Note","Block Reminder","Colored Powertips","DeckTracker","Minty Spire (QoL Compilation)","Quick Restart","Rare Cards Sparkle","Relic Stats","StSLib"],"gold_per_floor":[113,38,38,55,65,98,98,98,98],"floor_reached":8,"playtime":305,"items_purged":["Strike_R"],"score":106,"play_id":"0d8012b7-b5b2-4c62-b1e1-47a1c1e042ba","local_time":"20201229152840","is_ascension_mode":true,"campfire_choices":[{"data":"Body Slam","floor":7,"key":"SMITH"}],"circlet_count":0,"master_deck":["AscendersBane","Strike_R","Strike_R","Strike_R","Strike_R","Defend_R","Defend_R","Defend_R","Defend_R","Bash","Whirlwind+1","Disarm","Body Slam+1"],"relics":["Burning Blood","NeowsBlessing","Art of War"],"acts_visited":["Exordium"],"potions_floor_usage":[6,6],"damage_taken":[{"damage":0,"enemies":"Small Slimes","floor":1,"turns":1},{"damage":0,"enemies":"2 Louse","floor":4,"turns":1},{"damage":0,"enemies":"Jaw Worm","floor":5,"turns":1},{"damage":35,"enemies":"3 Sentries","floor":6,"turns":5},{"damage":58,"enemies":"Lagavulin","floor":8,"turns":8}],"seed_played":"8675135445976452215","potions_obtained":[{"floor":4,"key":"SkillPotion"},{"floor":5,"key":"SkillPotion"}],"is_trial":false,"path_per_floor":["M","$","?","M","M","E","R","E"],"character_chosen":"IRONCLAD","items_purchased":[],"campfire_rested":0,"item_purchase_floors":[],"current_hp_per_floor":[74,74,74,75,75,46,46,0,0],"gold":98,"neow_bonus":"THREE_ENEMY_KILL","is_daily":false,"chose_seed":false,"campfire_upgraded":1,"win_rate":0.0,"timestamp":1609219720,"path_taken":["M","$","?","M","M","E","R","E"],"items_purchased_type":[],"build_version":"2020-12-22","purchased_purges":1,"victory":false,"max_hp_per_floor":[75,75,75,75,75,75,75,75,75],"relic_stats":{"counters":[5,16],"Art of War":[3],"obtain_stats":[{"NeowsBlessing":0,"Art of War":6,"Burning Blood":0},{"NeowsBlessing":0,"Art of War":4,"Burning Blood":0},{"NeowsBlessing":0,"Art of War":8,"Burning Blood":0}],"Burning Blood":13},"card_choices":[{"not_picked":["Sword Boomerang","Thunderclap"],"picked":"Whirlwind","floor":1},{"not_picked":["Pommel Strike","Dropkick"],"picked":"Disarm","floor":4},{"not_picked":["Havoc","Anger","Wild Strike"],"picked":"SKIP","floor":5},{"not_picked":["Spot Weakness","Wild Strike"],"picked":"Body Slam","floor":6}],"player_experience":2099520,"relics_obtained":[{"floor":6,"key":"Art of War"}],"event_choices":[{"damage_healed":0,"gold_gain":0,"player_choice":"Grow","damage_taken":0,"max_hp_gain":0,"max_hp_loss":0,"event_name":"Living Wall","floor":3,"gold_loss":0,"cards_upgraded":["Whirlwind"]}],"is_beta":false,"boss_relics":[],"items_purged_floors":[2],"is_endless":false,"potions_floor_spawned":[4,5],"killed_by":"Lagavulin","ascension_level":18}}