{"host":"kstmajdnxm8lto3o","time":1609201112,"event":{"mods":["Aspiration","BaseMod","Better Third Choice","BetterRewards","CCEM","Conspire","Downfall","Gremlin Skip","Highlight Path","Hubris","Minty Spire (QoL Compilation)","Replay The Spire","Shop Mod","Spicy Shops","StSLib"],"gold_per_floor":[210,220,237,237,251,251,280,293,293,293,293,303,330,330,330,433,433,445,720,736,750,96,127,140,140,190,206,206,206,206,106,106,207,207,223,223,79,89,89,89,119,119,119,119,119],"floor_reached":44,"playtime":2507,"items_purged":["Regret","conspire:NecroticWound"],"score":542,"play_id":"771c944f-9e2e-4926-9166-04c378f77dd4","local_time":"20201228191832","is_ascension_mode":true,"campfire_choices":[{"data":"Genetic Algorithm","floor":6,"key":"SMITH"},{"data":"BasicCrystalCard","floor":15,"key":"SMITH"},{"floor":25,"key":"REST"},{"data":"hubris:EnhanceAbility","floor":32,"key":"SMITH"},{"data":"Defragment","floor":40,"key":"SMITH"},{"floor":42,"key":"REST"}],"circlet_count":0,"master_deck":["Strike_B+1","Strike_B","Strike_B","Strike_B","Defend_B","Defend_B","Defend_B","Defend_B","Zap+1","Go for the Eyes","Genetic Algorithm+1","Cold Snap","Rip and Tear","BasicCrystalCard+1","Ball Lightning","Bash","Defragment+1","Leap","Lockon","Beam Cell","Streamline","hubris:EnhanceAbility+1","Loop","Auto Shields","Crystallizer+1","Sweeping Beam","Core Surge","Conserve Battery+1","Go for the Eyes+1","hubris:EnhanceAbility+1","Fusion+1"],"relics":["Iron Core","hubris:PeanutButter","BranchBurnRelic","SlaversCollar","CaptainsWheel","Toxic Egg 2","betterThird:NestCultRelic","Busted Crown","MerchantsRug","Strange Spoon","Orichalcum","Shuriken"],"acts_visited":["Exordium","TheCity","TheBeyond"],"potions_floor_usage":[8,18,23,33,44],"damage_taken":[{"damage":2,"enemies":"Small Slimes","floor":1,"turns":3},{"damage":0,"enemies":"conspire:RoseBush","floor":2,"turns":3},{"damage":0,"enemies":"Jaw Worm","floor":3,"turns":4},{"damage":8,"enemies":"Red Slaver","floor":5,"turns":4},{"damage":0,"enemies":"Replay:BlueRogue","floor":7,"turns":7},{"damage":0,"enemies":"3 Louse","floor":8,"turns":2},{"damage":7,"enemies":"conspire:2 RoseBushes","floor":12,"turns":4},{"damage":0,"enemies":"Gremlin Nob","floor":13,"turns":3},{"damage":43,"enemies":"Fading Forest","floor":16,"turns":11},{"damage":13,"enemies":"conspire:FuzzyDice","floor":18,"turns":6},{"damage":8,"enemies":"Shell Parasite","floor":20,"turns":6},{"damage":17,"enemies":"Snake Plant","floor":21,"turns":4},{"damage":4,"enemies":"Slavers","floor":23,"turns":5},{"damage":0,"enemies":"conspire:HollyBat","floor":24,"turns":6},{"damage":3,"enemies":"Chosen and Byrds","floor":27,"turns":9},{"damage":68,"enemies":"hubris:MusketHawk","floor":33,"turns":7},{"damage":3,"enemies":"3 Shapes","floor":35,"turns":5},{"damage":26,"enemies":"3 Darklings","floor":38,"turns":6},{"damage":60,"enemies":"Nemesis","floor":41,"turns":7},{"damage":39,"enemies":"Reptomancer","floor":44,"turns":2}],"seed_played":"-6181750325312774354","potions_obtained":[{"floor":1,"key":"Adrenaline Potion"},{"floor":2,"key":"Toxic Potion"},{"floor":3,"key":"Block Potion"},{"floor":8,"key":"FearPotion"},{"floor":21,"key":"Toxic Potion"},{"floor":23,"key":"PowerPotion"},{"floor":27,"key":"Dexterity Potion"},{"floor":33,"key":"LiquidBronze"},{"floor":38,"key":"Adrenaline Potion"}],"is_trial":false,"path_per_floor":["M","M","M","?","M","R","E","M","T","?","?","M","E","?","R","B",null,"M","?","M","M","$","E","M","R","T","M","?","?","?","$","R","B",null,"M","?","$","M","?","R","E","R","T","E"],"character_chosen":"DEFECT","items_purchased":["hubris:EnhanceAbility","MerchantsRug","Strange Spoon"],"campfire_rested":2,"item_purchase_floors":[22,37,37],"current_hp_per_floor":[73,73,73,73,65,65,65,65,65,65,50,43,43,51,51,42,75,62,62,54,37,37,33,33,55,55,67,67,67,67,67,67,14,75,72,72,72,46,46,46,1,23,23,0,0],"gold":119,"neow_bonus":"HUNDRED_GOLD","is_daily":false,"chose_seed":false,"campfire_upgraded":4,"win_rate":0.0,"timestamp":1609201112,"path_taken":["M","M","M","?","M","R","E","M","T","?","?","M","E","?","R","BOSS","M","?","M","M","$","E","?","R","T","M","?","?","?","$","R","BOSS","M","?","$","M","?","R","E","R","T","E"],"items_purchased_type":["Card","Relic","Relic"],"build_version":"2020-12-22","purchased_purges":2,"victory":false,"max_hp_per_floor":[75,75,75,75,75,75,75,75,75,75,75,75,75,75,75,75,75,75,75,75,75,75,75,75,75,75,75,75,75,75,75,75,75,75,75,75,75,75,75,75,75,75,75,75,75],"card_choices":[{"not_picked":["ReplayTheSpireMod:System Scan","Redo"],"picked":"Go for the Eyes","floor":1},{"not_picked":["Turbo","Beam Cell"],"picked":"Genetic Algorithm","floor":2},{"not_picked":["Barrage","Time Bomb"],"picked":"Cold Snap","floor":3},{"not_picked":["Beam Cell","Leap"],"picked":"Rip and Tear","floor":5},{"not_picked":["Conserve Battery","Recycle"],"picked":"BasicCrystalCard","floor":7},{"not_picked":["Turbo","Barrage"],"picked":"Ball Lightning","floor":8},{"not_picked":["Clash","conspire:SharedLibrary"],"picked":"Defragment","floor":12},{"not_picked":["Rebound","ReplayTheSpireMod:GoodbyeWorld"],"picked":"Leap","floor":13},{"not_picked":["Electrodynamics","Offering"],"picked":"ReplayTheSpireMod:Fabricate Wheel","floor":16},{"not_picked":["Gash","Redo"],"picked":"Lockon","floor":18},{"not_picked":["Go for the Eyes","Hello World+1","Ball Lightning"],"picked":"SKIP","floor":18},{"not_picked":["aspiration:Polymerization","BasicCrystalCard"],"picked":"Beam Cell","floor":20},{"not_picked":["Thunder Strike","Consume","Gash"],"picked":"SKIP","floor":20},{"not_picked":["FTL","FIFO Queue"],"picked":"Streamline","floor":21},{"not_picked":["Force Field+1","FTL","BasicCrystalCard"],"picked":"SKIP","floor":21},{"not_picked":["Cold Snap","Seek"],"picked":"Loop","floor":23},{"not_picked":["Conserve Battery","Steam"],"picked":"Auto Shields","floor":24},{"not_picked":["Hologram","Panic Button+1"],"picked":"Crystallizer+1","floor":24},{"not_picked":["Sunder","Cold Snap"],"picked":"Sweeping Beam","floor":27},{"not_picked":["Beam Cell","Consume","Cold Snap"],"picked":"SKIP","floor":27},{"not_picked":["Multi-Cast+1","Amplify+1"],"picked":"Core Surge","floor":33},{"not_picked":[],"picked":"Conserve Battery+1","floor":35},{"not_picked":["Steam+1"],"picked":"SKIP","floor":35},{"not_picked":[],"picked":"Go for the Eyes+1","floor":38},{"not_picked":[],"picked":"Fusion+1","floor":41}],"player_experience":488480,"relics_obtained":[{"floor":7,"key":"Dead Branch"},{"floor":13,"key":"hubris:PeanutButter"},{"floor":23,"key":"CaptainsWheel"},{"floor":41,"key":"Orichalcum"},{"floor":43,"key":"Shuriken"}],"event_choices":[{"damage_healed":0,"gold_gain":0,"player_choice":"Disagree","damage_taken":0,"max_hp_gain":0,"max_hp_loss":0,"event_name":"conspire:LoneGhost","floor":4,"gold_loss":0},{"damage_healed":65,"gold_gain":0,"player_choice":"Upgrade","damage_taken":15,"max_hp_gain":0,"max_hp_loss":75,"event_name":"betterThird:BetterShining","floor":11,"gold_loss":0,"cards_upgraded":["Strike_B","Zap"]},{"damage_healed":0,"gold_gain":275,"player_choice":"Desecrate","damage_taken":0,"max_hp_gain":0,"max_hp_loss":0,"event_name":"Golden Shrine","floor":19,"gold_loss":0,"cards_obtained":["Regret"]},{"damage_healed":0,"gold_gain":0,"player_choice":"Madness","damage_taken":0,"relics_obtained":["betterThird:NestCultRelic"],"max_hp_gain":0,"max_hp_loss":0,"event_name":"betterThird:BetterNest","floor":30,"gold_loss":0},{"damage_healed":0,"gold_gain":0,"player_choice":"Copied","damage_taken":0,"max_hp_gain":0,"max_hp_loss":0,"event_name":"Duplicator","floor":39,"gold_loss":0,"cards_obtained":["hubris:EnhanceAbility"]}],"is_beta":false,"boss_relics":[{"not_picked":["Coffee Dripper","ReplayTheSpireMod:DimensionalGlitch"],"picked":"SlaversCollar"},{"not_picked":["conspire:RunicOctahedron","conspire:RoyalGoblet"],"picked":"Busted Crown"}],"items_purged_floors":[22,31],"is_endless":false,"potions_floor_spawned":[1,2,3,8,21,23,27,33,38],"killed_by":"Reptomancer","ascension_level":1}}