{"host":"q4axc00jr2bozlh9","time":1609243366,"event":{"mods":["AchievementEnabler","BaseMod","Bestiary","Colored Map","Colored Powertips","Curses Come First","Minty Spire (QoL Compilation)","Relic Stats","StSLib","SuperFastMode"],"gold_per_floor":[10,29,47,122,136,169,182,182,182,72,90,90,108,142,142,245,245,220,220,220],"floor_reached":19,"playtime":1338,"items_purged":["Regret"],"score":181,"play_id":"0da023d8-dd93-494b-a2c3-6fa09af859d7","local_time":"20201229130246","is_ascension_mode":false,"campfire_choices":[{"floor":12,"key":"REST"},{"data":"Armaments","floor":15,"key":"SMITH"}],"circlet_count":0,"master_deck":["Strike_R","Strike_R","Strike_R","Strike_R","Strike_R","Defend_R","Defend_R","Defend_R","Defend_R","Bash","Chrysalis","Armaments","Feel No Pain","Armaments+1","Iron Wave","Demon Form","Rupture","Whirlwind","Reaper"],"relics":["Burning Blood","Potion Belt","Vajra","Ancient Tea Set","Bottled Tornado","Black Star"],"acts_visited":["Exordium","TheCity"],"potions_floor_usage":[],"damage_taken":[{"damage":3,"enemies":"Cultist","floor":1,"turns":5},{"damage":6,"enemies":"Jaw Worm","floor":2,"turns":4},{"damage":3,"enemies":"2 Louse","floor":3,"turns":5},{"damage":9,"enemies":"Large Slime","floor":5,"turns":12},{"damage":25,"enemies":"3 Sentries","floor":6,"turns":24},{"damage":30,"enemies":"Exordium Wildlife","floor":7,"turns":6},{"damage":14,"enemies":"3 Louse","floor":11,"turns":4},{"damage":4,"enemies":"Large Slime","floor":13,"turns":7},{"damage":10,"enemies":"Lagavulin","floor":14,"turns":7},{"damage":17,"enemies":"Hexaghost","floor":16,"turns":9},{"damage":46,"enemies":"2 Thieves","floor":18,"turns":5},{"damage":40,"enemies":"Masked Bandits","floor":19,"turns":3}],"seed_played":"-4623823108229712351","potions_obtained":[{"floor":2,"key":"ElixirPotion"},{"floor":5,"key":"LiquidBronze"},{"floor":6,"key":"Block Potion"},{"floor":14,"key":"PowerPotion"}],"is_trial":false,"path_per_floor":["M","M","M","?","M","E","M","?","T","$","M","R","M","E","R","B",null,"M","?"],"character_chosen":"IRONCLAD","items_purchased":["Whirlwind"],"campfire_rested":1,"item_purchase_floors":[10],"current_hp_per_floor":[80,80,80,69,66,47,23,23,23,23,15,39,41,37,37,26,80,40,0,0],"gold":220,"neow_bonus":"RANDOM_COLORLESS_2","is_daily":false,"chose_seed":false,"campfire_upgraded":1,"win_rate":0.0,"timestamp":1609243366,"path_taken":["M","M","M","?","M","E","M","?","T","?","?","R","M","E","R","BOSS","M","?"],"items_purchased_type":["Card"],"build_version":"2020-12-22","purchased_purges":1,"victory":false,"max_hp_per_floor":[80,80,80,80,80,80,80,80,80,80,80,80,80,80,80,80,80,80,80,80],"relic_stats":{"counters":[12,91],"Black Star":0,"obtain_stats":[{"Potion Belt":6,"Vajra":8,"Black Star":17,"Bottled Tornado":14,"Ancient Tea Set":9,"Burning Blood":0},{"Potion Belt":5,"Vajra":6,"Black Star":10,"Bottled Tornado":9,"Ancient Tea Set":6,"Burning Blood":0},{"Potion Belt":50,"Vajra":56,"Black Star":83,"Bottled Tornado":74,"Ancient Tea Set":56,"Burning Blood":0}],"Burning Blood":60},"card_choices":[{"not_picked":["Secret Weapon","Master of Strategy"],"picked":"Chrysalis","floor":0},{"not_picked":["Flame Barrier","Seeing Red"],"picked":"Armaments","floor":1},{"not_picked":["Heavy Blade","Anger"],"picked":"Feel No Pain","floor":2},{"not_picked":["Warcry","Reckless Charge"],"picked":"Armaments","floor":3},{"not_picked":["True Grit","Warcry"],"picked":"Iron Wave","floor":5},{"not_picked":["Combust","Uppercut"],"picked":"Demon Form","floor":6},{"not_picked":["Clash","Headbutt"],"picked":"Rupture","floor":7},{"not_picked":["Iron Wave","Feel No Pain","Dark Embrace"],"picked":"SKIP","floor":11},{"not_picked":["Armaments","Spot Weakness","Warcry"],"picked":"SKIP","floor":13},{"not_picked":["Iron Wave","Clash","Headbutt"],"picked":"SKIP","floor":14},{"not_picked":["Limit Break","Double Tap"],"picked":"Reaper","floor":16},{"not_picked":["Clash","Thunderclap","Iron Wave"],"picked":"SKIP","floor":18}],"player_experience":169295,"relics_obtained":[{"floor":6,"key":"Potion Belt"},{"floor":9,"key":"Ancient Tea Set"},{"floor":14,"key":"Bottled Tornado"}],"event_choices":[{"damage_healed":0,"gold_gain":75,"player_choice":"Gather Gold","damage_taken":11,"max_hp_gain":0,"max_hp_loss":0,"event_name":"World of Goop","floor":4,"gold_loss":0},{"damage_healed":0,"gold_gain":0,"player_choice":"Box","damage_taken":0,"relics_obtained":["Vajra"],"max_hp_gain":0,"max_hp_loss":0,"event_name":"Big Fish","floor":8,"gold_loss":0,"cards_obtained":["Regret"]},{"damage_healed":0,"gold_gain":0,"player_choice":"Fought Bandits","damage_taken":0,"max_hp_gain":0,"max_hp_loss":0,"event_name":"Masked Bandits","floor":19,"gold_loss":0}],"is_beta":false,"boss_relics":[{"not_picked":["SlaversCollar","Runic Dome"],"picked":"Black Star"}],"items_purged_floors":[10],"is_endless":false,"potions_floor_spawned":[2,5,6,14],"killed_by":"Masked Bandits","ascension_level":0}}