{"host":"597bhbb8x3urrkc4","time":1609278913,"event":{"mods":["Aspiration","Astrologer","Bard","BaseMod","Beaked The Cultist","Better Altar","Better Match","Better Sensory Stone","Better Skull","Better Third Choice","Challenge The Spire","Clockwork Mod","Conspire","DeckTracker","GifTheSpireLib","GungeonMod","Hermit","HexUI Lib","Highlight Path","Hubris","Infinite Spire","Mad Scientist","Minty Spire (QoL Compilation)","Random Character Button","Replay The Spire","Reworked Bosses","Shade Mod","Somnambulant","StSLib","The Blackbeard","The Construct","The Cursed","The Disciple","The Forsaken","The Gatherer","The Hayseed","The Hierophant","The Judge","The Jungle","The Problem Sleuth","The Runesmith","The Servant 0.9.4","The Spell Scribe","The Valiant","TheArtist","TheBandit","TheFirefly","Wandering Minibosses","thorton"],"gold_per_floor":[111,111,129,139,151,151,179,197,221,235,343,356,356,391,391,486,486,498,515,534,449,449,449,217,217,217,247,247,260,260,270,270,375,375,412,412,412],"floor_reached":36,"playtime":75689,"items_purged":["hermit:Adapt"],"score":471,"play_id":"c54479b3-9767-41dc-a6b3-681706be05c4","local_time":"20201229155513","is_ascension_mode":false,"campfire_choices":[{"data":"hermit:Snapshot","floor":6,"key":"SMITH"},{"floor":15,"key":"REST"},{"floor":23,"key":"REST"},{"floor":25,"key":"REST"},{"floor":30,"key":"REST"},{"floor":32,"key":"REST"}],"circlet_count":0,"master_deck":["hermit:Strike_Hermit+1","hermit:Strike_Hermit","hermit:Strike_Hermit","hermit:Strike_Hermit+1","hermit:Defend_Hermit","hermit:Defend_Hermit","hermit:Defend_Hermit","hermit:Snapshot+1","hermit:Covet","hermit:Grudge+1","hermit:Ricochet","hermit:Vantage","hermit:Deadeye","hermit:Dissolve","hermit:Snipe","hermit:LuckOfTheDraw","hermit:LoneWolf+1","hermit:Showdown+1","hermit:Reprieve"],"relics":["hermit:Momento","Whetstone","PreservedInsect","Replay:Rubber Ducky","conspire:GlowingRock","Omamori","thethorton:CrushedCigarette","conspire:TopHat","aspiration:Lifesprig","hubris:MysteriousPyramids","Regal Pillow","betterThird:NestCultRelic","aspiration:MobileForge","infinitespire:EvilPickle"],"acts_visited":["Exordium","TheCity","TheBeyond"],"potions_floor_usage":[5,7,14,14,19,33],"damage_taken":[{"damage":0,"enemies":"2 Louse","floor":1,"turns":3},{"damage":0,"enemies":"Cultist","floor":3,"turns":3},{"damage":2,"enemies":"Small Slimes","floor":4,"turns":4},{"damage":0,"enemies":"Gremlin Gang","floor":5,"turns":3},{"damage":13,"enemies":"Gremlin Nob","floor":7,"turns":3},{"damage":5,"enemies":"Exordium Wildlife","floor":8,"turns":5},{"damage":5,"enemies":"Lots of Slimes","floor":10,"turns":2},{"damage":11,"enemies":"Large Slime","floor":12,"turns":5},{"damage":0,"enemies":"3 Sentries","floor":14,"turns":3},{"damage":0,"enemies":"Fading Forest","floor":16,"turns":11},{"damage":43,"enemies":"Chosen","floor":18,"turns":8},{"damage":13,"enemies":"2 Thieves","floor":19,"turns":4},{"damage":22,"enemies":"Centurion and Healer","floor":20,"turns":5},{"damage":28,"enemies":"Book of Stabbing","floor":27,"turns":4},{"damage":31,"enemies":"Shelled Parasite and Fungi","floor":29,"turns":5},{"damage":35,"enemies":"3 Cultists","floor":31,"turns":5},{"damage":47,"enemies":"Pondfish","floor":33,"turns":9},{"damage":35,"enemies":"3 Shapes","floor":35,"turns":6},{"damage":57,"enemies":"Orb Walker","floor":36,"turns":5}],"seed_played":"3155652370165343075","potions_obtained":[{"floor":3,"key":"GamblersBrew"},{"floor":4,"key":"Fire Potion"},{"floor":5,"key":"Fire Potion"},{"floor":12,"key":"Energy Potion"},{"floor":18,"key":"Regen Potion"},{"floor":19,"key":"BlessingOfTheForge"},{"floor":35,"key":"Energy Potion"}],"is_trial":false,"path_per_floor":["M","?","M","M","M","R","E","M","T","M","?","M","T","E","R","B",null,"M","M","M","?","?","R","$","R","T","E","?","M","R","M","R","B",null,"M","M"],"character_chosen":"HERMIT","items_purchased":["aspiration:Lifesprig"],"campfire_rested":5,"item_purchase_floors":[24],"current_hp_per_floor":[82,82,82,80,80,80,67,62,62,57,21,10,10,10,34,34,82,39,38,16,16,16,40,40,64,64,36,36,5,44,9,48,1,82,51,0,0],"gold":412,"neow_bonus":"TEN_PERCENT_HP_BONUS","is_daily":false,"chose_seed":false,"campfire_upgraded":1,"win_rate":0.0,"timestamp":1609278913,"path_taken":["M","?","M","?","?","R","E","M","T","M","?","?","?","E","R","BOSS","M","M","?","?","?","R","$","R","T","E","?","M","R","M","R","BOSS","M","M"],"items_purchased_type":["Relic"],"build_version":"2020-12-22","purchased_purges":1,"victory":false,"max_hp_per_floor":[82,82,82,82,82,82,82,82,82,82,82,82,82,82,82,82,82,82,82,82,82,82,82,82,82,82,82,82,82,82,82,82,82,82,82,82,82],"card_choices":[{"not_picked":["hermit:Desperado","hermit:Horror","hermit:Manifest"],"picked":"SKIP","floor":1},{"not_picked":["hermit:BodyArmor","hermit:Glare","hermit:Horror"],"picked":"SKIP","floor":3},{"not_picked":["hermit:PistolWhip","hermit:LowProfile","hermit:SprayPray"],"picked":"SKIP","floor":4},{"not_picked":["hermit:LowProfile","hermit:Vantage"],"picked":"hermit:Grudge","floor":5},{"not_picked":["hermit:Glare","hermit:BodyArmor"],"picked":"hermit:Ricochet","floor":7},{"not_picked":["hermit:Ricochet","hermit:Coalescence","hermit:FlashPowder"],"picked":"SKIP","floor":8},{"not_picked":["hermit:WideOpen","hermit:Dive"],"picked":"hermit:Vantage","floor":10},{"not_picked":["hermit:Manifest","hermit:Ricochet"],"picked":"hermit:Deadeye","floor":12},{"not_picked":["hermit:PistolWhip","hermit:Brawl"],"picked":"hermit:Dissolve","floor":14},{"not_picked":["hermit:Roughhouse","hermit:Gambit"],"picked":"hermit:Adapt","floor":16},{"not_picked":["hermit:GoldenBullet","hermit:Brawl"],"picked":"hermit:Snipe","floor":18},{"not_picked":["hermit:Headshot","hermit:HoleUp+1"],"picked":"hermit:LuckOfTheDraw","floor":19},{"not_picked":["hermit:Manifest+1","hermit:HighCaliber"],"picked":"hermit:LoneWolf+1","floor":20},{"not_picked":["hermit:Misfire","hermit:Determination+1"],"picked":"hermit:Showdown+1","floor":27},{"not_picked":["hermit:Misfire","hermit:NoHoldsBarred","hermit:Manifest"],"picked":"SKIP","floor":29},{"not_picked":["hermit:Ricochet+1","hermit:Dissolve","hermit:HoleUp"],"picked":"SKIP","floor":31},{"not_picked":["hermit:OverwhelmingPower","hermit:FatalDesire"],"picked":"hermit:Reprieve","floor":33},{"not_picked":["hermit:Grudge","hermit:ItchyTrigger","hermit:Scavenge"],"picked":"SKIP","floor":35}],"player_experience":983184,"relics_obtained":[{"floor":7,"key":"Whetstone"},{"floor":9,"key":"PreservedInsect"},{"floor":13,"key":"conspire:GlowingRock"},{"floor":14,"key":"Omamori"},{"floor":26,"key":"hubris:MysteriousPyramids"},{"floor":27,"key":"Regal Pillow"}],"event_choices":[{"cards_removed":["hermit:Defend_Hermit"],"damage_healed":0,"gold_gain":0,"player_choice":"Offered Basic","damage_taken":0,"max_hp_gain":0,"max_hp_loss":0,"event_name":"Bonfire Elementals","floor":2,"gold_loss":0},{"damage_healed":0,"gold_gain":108,"player_choice":"GO UP RE ","damage_taken":41,"relics_obtained":["Replay:Rubber Ducky"],"max_hp_gain":0,"max_hp_loss":0,"event_name":"betterSkull:BetterSkull","floor":11,"gold_loss":0,"cards_upgraded":["hermit:Strike_Hermit"]},{"damage_healed":0,"gold_gain":0,"player_choice":"Obtained Relic","damage_taken":0,"relics_obtained":["conspire:TopHat"],"max_hp_gain":0,"max_hp_loss":0,"event_name":"Addict","floor":21,"gold_loss":85},{"damage_healed":0,"gold_gain":0,"player_choice":"Madness","damage_taken":0,"relics_obtained":["betterThird:NestCultRelic"],"max_hp_gain":0,"max_hp_loss":0,"event_name":"betterThird:BetterNest","floor":28,"gold_loss":0}],"is_beta":false,"boss_relics":[{"not_picked":["hubris:CrackedHourglass","Painkiller Herb"],"picked":"thethorton:CrushedCigarette"},{"not_picked":["Runesmith:UraniumAnvil","Fusion Hammer"],"picked":"aspiration:MobileForge"}],"items_purged_floors":[24],"is_endless":false,"potions_floor_spawned":[3,4,5,12,18,19,35],"killed_by":"Orb Walker","ascension_level":0}}