{"host":"4dbgro9q4v1tkbhe","time":1609227584,"event":{"mods":["BaseMod","Minty Spire (QoL Compilation)","Quick Restart","Replay The Spire","StSLib"],"gold_per_floor":[111,111,186,196,196,209,209,222,247,258,270,280,293,352,352,425,425,425,425],"floor_reached":18,"playtime":623,"items_purged":[],"score":512,"play_id":"e28d32ac-3ea0-4265-8dbe-cbc58152a147","local_time":"20201229153944","is_ascension_mode":true,"campfire_choices":[{"data":"Bash","floor":7.0,"key":"SMITH"},{"floor":15.0,"key":"REST"}],"circlet_count":0,"master_deck":["AscendersBane","Strike_R","Strike_R","Strike_R","Strike_R","Strike_R","Defend_R","Defend_R","Defend_R","Bash+1","Bloodletting","Run Through","ReplayTheSpireMod:Limb From Limb","ReplayTheSpireMod:LeadingStrike","Reaper"],"relics":["Burning Blood","FaceOfCleric","Vajra","SlaversCollar"],"acts_visited":["Exordium","TheCity"],"potions_floor_usage":[],"damage_taken":[{"damage":6.0,"enemies":"2 Louse","floor":1.0,"turns":3.0},{"damage":5.0,"enemies":"Small Slimes","floor":4.0,"turns":3.0},{"damage":3.0,"enemies":"Cultist","floor":6.0,"turns":3.0},{"damage":33.0,"enemies":"Large Slime","floor":8.0,"turns":6.0},{"damage":16.0,"enemies":"Blue Slaver","floor":10.0,"turns":4.0},{"damage":16.0,"enemies":"Exordium Thugs","floor":11.0,"turns":4.0},{"damage":13.0,"enemies":"Lots of Slimes","floor":12.0,"turns":5.0},{"damage":13.0,"enemies":"2 Fungi Beasts","floor":13.0,"turns":4.0},{"damage":36.0,"enemies":"The Guardian","floor":16.0,"turns":7.0},{"damage":63,"enemies":"3 Byrds","floor":18,"turns":5}],"seed_played":"6910592235680028265","potions_obtained":[{"floor":4.0,"key":"Energy Potion"},{"floor":6.0,"key":"Regen Potion"},{"floor":11.0,"key":"BlessingOfTheForge"},{"floor":12.0,"key":"Weak Potion"},{"floor":13.0,"key":"Milkshake"}],"is_trial":true,"path_per_floor":["M","?","?","M","?","M","R","M","T","M","M","M","M","?","R","B",null,"M"],"character_chosen":"IRONCLAD","items_purchased":[],"campfire_rested":1,"item_purchase_floors":[],"current_hp_per_floor":[68,68,57,58,58,62,62,36,36,27,30,24,18,18,42,13,65,7,7],"gold":425,"neow_bonus":"","is_daily":false,"chose_seed":false,"campfire_upgraded":1,"win_rate":0.0,"timestamp":1609227584,"path_taken":["M","?","?","M","?","?","R","M","T","M","M","M","M","?","R","BOSS","M"],"items_purchased_type":[],"build_version":"2020-12-22","purchased_purges":0,"victory":false,"max_hp_per_floor":[75,75,75,75,75,76,76,77,77,78,79,80,81,81,81,82,82,82,82],"card_choices":[{"not_picked":["Cleave","Power Through"],"picked":"Bloodletting","floor":1.0},{"not_picked":["Anger","Abandon","Iron Wave"],"picked":"SKIP","floor":4.0},{"not_picked":["Clash","Perfected Strike"],"picked":"Run Through","floor":6.0},{"not_picked":["Armaments","Burning Pact","Anger"],"picked":"SKIP","floor":8.0},{"not_picked":["Life Link","Headbutt","Clothesline"],"picked":"SKIP","floor":10.0},{"not_picked":["Shrug It Off","Inflame"],"picked":"ReplayTheSpireMod:Limb From Limb","floor":11.0},{"not_picked":["Thunderclap","Body Slam","Ghostly Armor"],"picked":"SKIP","floor":12.0},{"not_picked":["Havoc","Clothesline"],"picked":"ReplayTheSpireMod:LeadingStrike","floor":13.0},{"not_picked":["Berserk","Demon Form"],"picked":"Reaper","floor":16.0}],"player_experience":281845,"relics_obtained":[{"floor":9.0,"key":"Vajra"}],"event_choices":[{"damage_healed":0.0,"max_hp_gain":0.0,"max_hp_loss":0.0,"gold_gain":75.0,"event_name":"World of Goop","player_choice":"Gather Gold","floor":3.0,"gold_loss":0.0,"damage_taken":11.0},{"damage_healed":0.0,"max_hp_gain":0.0,"max_hp_loss":0.0,"gold_gain":0.0,"event_name":"FaceTrader","player_choice":"Trade","floor":5.0,"gold_loss":0.0,"damage_taken":0.0,"relics_obtained":["FaceOfCleric"]},{"damage_healed":0.0,"max_hp_gain":0.0,"max_hp_loss":0.0,"gold_gain":59.0,"event_name":"Golden Wing","player_choice":"Gained Gold","floor":14.0,"gold_loss":0.0,"damage_taken":0.0}],"is_beta":false,"boss_relics":[{"not_picked":["Calling Bell","Philosopher\u0027s Stone"],"picked":"SlaversCollar"}],"items_purged_floors":[],"is_endless":true,"potions_floor_spawned":[4,6,11,12,13],"killed_by":"3 Byrds","ascension_level":20}}