{"host":"3qkmyeoym75lj4wn","time":1609263975,"event":{"mods":["2.2 Compatiblity","BaseMod","Block Reminder","Colored Powertips","Highlight Path","Minty Spire (QoL Compilation)","Permanent Neow","Potion Indicator Mod","Rare Cards Sparkle","Relic Stats","StSLib"],"gold_per_floor":[113,113,113,141,141,141,66,108,108,138,138,162,210,210,210,210,210],"floor_reached":16,"playtime":390,"items_purged":["Strike_R"],"score":216,"play_id":"7ef572d6-0c59-4b2b-b9d3-36582266499d","local_time":"20201229174615","is_ascension_mode":true,"campfire_choices":[{"data":"Carnage","floor":6,"key":"SMITH"},{"data":"Clothesline","floor":11,"key":"SMITH"},{"data":"Bash","floor":15,"key":"SMITH"}],"circlet_count":0,"master_deck":["AscendersBane","Strike_R","Strike_R","Strike_R","Strike_R","Defend_R","Defend_R","Defend_R","Defend_R","Bash+1","Finesse","Carnage+1","Iron Wave","Thunderclap","Clothesline+1","Flame Barrier","Feel No Pain"],"relics":["Burning Blood","Golden Idol","CeramicFish","StoneCalendar","Bag of Preparation"],"acts_visited":["Exordium"],"potions_floor_usage":[8,13],"damage_taken":[{"damage":0,"enemies":"Cultist","floor":1,"turns":3},{"damage":7,"enemies":"Small Slimes","floor":4,"turns":4},{"damage":32,"enemies":"Gremlin Nob","floor":8,"turns":4},{"damage":0,"enemies":"2 Louse","floor":10,"turns":3},{"damage":16,"enemies":"2 Fungi Beasts","floor":12,"turns":3},{"damage":18,"enemies":"3 Sentries","floor":13,"turns":6},{"damage":26,"enemies":"The Guardian","floor":16,"turns":6}],"seed_played":"-7238603907198718407","potions_obtained":[{"floor":1,"key":"Fire Potion"},{"floor":10,"key":"Explosive Potion"}],"is_trial":false,"path_per_floor":["M","?","?","M","?","R","$","E","T","M","R","M","E","?","R","B"],"character_chosen":"IRONCLAD","items_purchased":[],"campfire_rested":0,"item_purchase_floors":[],"current_hp_per_floor":[74,68,63,62,67,67,67,41,41,47,47,37,25,25,25,0,0],"gold":210,"neow_bonus":"RANDOM_COLORLESS","is_daily":false,"chose_seed":false,"campfire_upgraded":3,"win_rate":0.0,"timestamp":1609263975,"path_taken":["M","?","?","M","?","R","?","E","T","M","R","M","E","?","R","BOSS"],"items_purchased_type":[],"build_version":"2020-12-22","purchased_purges":1,"victory":false,"max_hp_per_floor":[75,68,68,68,73,73,73,73,73,73,73,73,73,73,73,73,73],"relic_stats":{"counters":[7,29],"Golden Idol":26,"CeramicFish":45,"StoneCalendar":[0],"Bag of Preparation":[2],"obtain_stats":[{"Golden Idol":2,"CeramicFish":3,"StoneCalendar":8,"Bag of Preparation":13,"Burning Blood":0},{"Golden Idol":1,"CeramicFish":1,"StoneCalendar":3,"Bag of Preparation":6,"Burning Blood":0},{"Golden Idol":3,"CeramicFish":3,"StoneCalendar":11,"Bag of Preparation":23,"Burning Blood":0}],"Burning Blood":36},"card_choices":[{"not_picked":["Discovery","Deep Breath"],"picked":"Finesse","floor":0},{"not_picked":["Warcry","Metallicize"],"picked":"Carnage","floor":1},{"not_picked":["Anger","True Grit"],"picked":"Iron Wave","floor":4},{"not_picked":["Twin Strike","Pommel Strike"],"picked":"Thunderclap","floor":8},{"not_picked":["Inflame","Evolve"],"picked":"Clothesline","floor":10},{"not_picked":["Wild Strike","Anger"],"picked":"Flame Barrier","floor":12},{"not_picked":["Clothesline","Twin Strike"],"picked":"Feel No Pain","floor":13}],"player_experience":1607769,"relics_obtained":[{"floor":8,"key":"StoneCalendar"},{"floor":13,"key":"Bag of Preparation"}],"event_choices":[{"damage_healed":0,"gold_gain":0,"player_choice":"Lose Max HP","damage_taken":0,"relics_obtained":["Golden Idol"],"max_hp_gain":0,"max_hp_loss":7,"event_name":"Golden Idol","floor":2,"gold_loss":0},{"damage_healed":0,"gold_gain":0,"player_choice":"Success","damage_taken":5,"relics_obtained":["CeramicFish"],"max_hp_gain":0,"max_hp_loss":0,"event_name":"Scrap Ooze","floor":3,"gold_loss":0},{"damage_healed":0,"gold_gain":0,"player_choice":"Donut","damage_taken":0,"max_hp_gain":5,"max_hp_loss":0,"event_name":"Big Fish","floor":5,"gold_loss":0},{"damage_healed":0,"gold_gain":0,"player_choice":"Ignored","damage_taken":0,"max_hp_gain":0,"max_hp_loss":0,"event_name":"Liars Game","floor":14,"gold_loss":0}],"is_beta":false,"boss_relics":[],"items_purged_floors":[7],"is_endless":false,"potions_floor_spawned":[1,10],"killed_by":"The Guardian","ascension_level":20}}