{"host":"jksa5rawk3m4gilz","time":1609260794,"event":{"mods":["BaseMod","Colored Map","Highlight Path","Minty Spire (QoL Compilation)","Quick Restart"],"gold_per_floor":[119,294,219,219,169,169,122,163,163,206,206,241,241,241,241,337,400,400,400],"floor_reached":18,"playtime":364,"items_purged":["Doubt"],"score":366,"play_id":"868c8973-dbd3-48de-af18-d1ac29215ccf","local_time":"20201229175314","is_ascension_mode":true,"campfire_choices":[{"data":"Gash","floor":6,"key":"SMITH"},{"data":"Beam Cell","floor":11,"key":"SMITH"},{"floor":13,"key":"REST"},{"data":"Zap","floor":15,"key":"SMITH"}],"circlet_count":0,"master_deck":["AscendersBane","Strike_B","Strike_B","Strike_B","Defend_B","Defend_B","Defend_B","Defend_B","Zap+1","Dualcast","Gash+1","Steam+1","Beam Cell+1","Seek","Gash"],"relics":["Cracked Core","NeowsBlessing","Golden Idol","Mummified Hand","Matryoshka","Prayer Wheel","Akabeko","Tiny House"],"acts_visited":["Exordium","TheCity"],"potions_floor_usage":[],"damage_taken":[{"damage":0,"enemies":"Small Slimes","floor":1,"turns":1},{"damage":0,"enemies":"Gremlin Nob","floor":8,"turns":1},{"damage":0,"enemies":"3 Sentries","floor":10,"turns":1},{"damage":30,"enemies":"Lagavulin","floor":12,"turns":7},{"damage":42,"enemies":"The Guardian","floor":16,"turns":13},{"damage":21,"enemies":"Shell Parasite","floor":18,"turns":4}],"seed_played":"1154285754376281077","potions_obtained":[{"floor":8,"key":"LiquidMemories"},{"floor":10,"key":"Explosive Potion"},{"floor":17,"key":"Energy Potion"}],"is_trial":false,"path_per_floor":["M","?","$","?","?","R","$","E","T","E","R","E","R","?","R","B",null,"M"],"character_chosen":"DEFECT","items_purchased":["Steam"],"campfire_rested":1,"item_purchase_floors":[7],"current_hp_per_floor":[68,68,68,50,50,50,50,50,50,50,50,20,42,47,47,5,66,45,45],"gold":400,"neow_bonus":"THREE_ENEMY_KILL","is_daily":false,"chose_seed":false,"campfire_upgraded":3,"win_rate":0.0,"timestamp":1609260794,"path_taken":["M","?","$","?","?","R","?","E","T","E","R","E","R","?","R","BOSS","M"],"items_purchased_type":["Card"],"build_version":"2020-12-22","purchased_purges":1,"victory":false,"max_hp_per_floor":[75,75,75,75,75,75,75,75,75,75,75,75,75,80,80,80,85,85,85],"card_choices":[{"not_picked":["Beam Cell","Steam Power"],"picked":"Gash","floor":1},{"not_picked":["Conserve Battery","Rebound","Leap"],"picked":"SKIP","floor":8},{"not_picked":["Cold Snap","Barrage"],"picked":"Beam Cell","floor":10},{"not_picked":["Machine Learning","Cold Snap","Stack"],"picked":"SKIP","floor":12},{"not_picked":["Creative AI","Multi-Cast"],"picked":"Seek","floor":16},{"not_picked":["Steam","Compile Driver"],"picked":"Gash","floor":17}],"player_experience":2090328,"relics_obtained":[{"floor":8,"key":"Mummified Hand"},{"floor":9,"key":"Matryoshka"},{"floor":10,"key":"Prayer Wheel"},{"floor":12,"key":"Akabeko"}],"event_choices":[{"damage_healed":0,"gold_gain":175,"player_choice":"AGREE","damage_taken":0,"max_hp_gain":0,"max_hp_loss":0,"event_name":"Liars Game","floor":2,"gold_loss":0,"cards_obtained":["Doubt"]},{"damage_healed":0,"gold_gain":0,"player_choice":"Take Damage","damage_taken":18,"relics_obtained":["Golden Idol"],"max_hp_gain":0,"max_hp_loss":0,"event_name":"Golden Idol","floor":4,"gold_loss":0},{"cards_removed":["Strike_B"],"damage_healed":0,"gold_gain":0,"player_choice":"Card Removal","damage_taken":0,"max_hp_gain":0,"max_hp_loss":0,"event_name":"The Cleric","floor":5,"gold_loss":50},{"damage_healed":0,"gold_gain":0,"player_choice":"Donut","damage_taken":0,"max_hp_gain":5,"max_hp_loss":0,"event_name":"Big Fish","floor":14,"gold_loss":0}],"is_beta":false,"boss_relics":[{"not_picked":["Snecko Eye","Coffee Dripper"],"picked":"Tiny House"}],"items_purged_floors":[3],"is_endless":false,"potions_floor_spawned":[8,10],"killed_by":"Shell Parasite","ascension_level":13}}