{"host":"851hhqouejqwzba1","time":1609232990,"event":{"mods":["BaseMod","Minty Spire (QoL Compilation)","Permanent Neow","Shop Mod","StSLib","óô»ðÖ¸ÄÏ"],"gold_per_floor":[15,15,35,54,68,68,80,141,141,151,151,180,180,57,57,157,157,167,185,45,45,45,45,73,73,73,73,73,84,33,48,48,143,143,158,185,202,41,54,54,85,85,110,110,121,121,134,145,145,145],"floor_reached":51,"playtime":4813,"items_purged":["Strike_G","Strike_G","Strike_G"],"score":1133,"play_id":"f2757bd5-446a-4244-8f0b-b30db3f31378","local_time":"20201229170950","is_ascension_mode":true,"campfire_choices":[{"data":"Deadly Poison","floor":6.0,"key":"SMITH"},{"data":"Dagger Spray","floor":11.0,"key":"SMITH"},{"data":"Tools of the Trade","floor":15.0,"key":"SMITH"},{"data":"Neutralize","floor":23.0,"key":"SMITH"},{"data":"Backflip","floor":25.0,"key":"SMITH"},{"data":"Reflex","floor":27.0,"key":"SMITH"},{"data":"Concentrate","floor":32.0,"key":"SMITH"},{"data":"Burst","floor":40.0,"key":"SMITH"},{"data":"Blur","floor":42.0,"key":"SMITH"},{"data":"Acrobatics","floor":49.0,"key":"SMITH"}],"circlet_count":0,"master_deck":["AscendersBane","Strike_G","Strike_G","Defend_G","Defend_G","Defend_G","Defend_G","Defend_G","Survivor","Neutralize+1","Dagger Spray+1","Deadly Poison+1","Reflex+1","Backflip+1","Acrobatics+1","Eviscerate","Sucker Punch","Tools of the Trade+1","Prepared+1","Well Laid Plans","Bane","Concentrate+1","Blur+1","Burst+1","Bullet Time"],"relics":["Ring of the Snake","Tough Bandages","Strawberry","Tiny Chest","StrikeDummy","FaceOfCleric","HoveringKite","Regal Pillow","Bag of Preparation","Mummified Hand","Runic Pyramid","Art of War","Nunchaku","Vajra"],"acts_visited":["Exordium","TheCity","TheBeyond"],"potions_floor_usage":[50],"damage_taken":[{"damage":3.0,"enemies":"Jaw Worm","floor":1.0,"turns":6.0},{"damage":0.0,"enemies":"Cultist","floor":3.0,"turns":5.0},{"damage":0.0,"enemies":"2 Louse","floor":4.0,"turns":2.0},{"damage":18.0,"enemies":"Lots of Slimes","floor":5.0,"turns":3.0},{"damage":0.0,"enemies":"Exordium Wildlife","floor":7.0,"turns":3.0},{"damage":7.0,"enemies":"Gremlin Nob","floor":8.0,"turns":3.0},{"damage":0.0,"enemies":"Large Slime","floor":10.0,"turns":5.0},{"damage":10.0,"enemies":"3 Sentries","floor":12.0,"turns":8.0},{"damage":14.0,"enemies":"The Guardian","floor":16.0,"turns":9.0},{"damage":5.0,"enemies":"Shell Parasite","floor":18.0,"turns":5.0},{"damage":0.0,"enemies":"3 Byrds","floor":19.0,"turns":3.0},{"damage":0.0,"enemies":"Gremlin Leader","floor":24.0,"turns":6.0},{"damage":8.0,"enemies":"Snecko","floor":29.0,"turns":4.0},{"damage":4.0,"enemies":"Sentry and Sphere","floor":31.0,"turns":4.0},{"damage":5.0,"enemies":"Collector","floor":33.0,"turns":14.0},{"damage":21.0,"enemies":"3 Darklings","floor":35.0,"turns":7.0},{"damage":1.0,"enemies":"3 Shapes","floor":37.0,"turns":5.0},{"damage":0.0,"enemies":"Maw","floor":39.0,"turns":7.0},{"damage":5.0,"enemies":"Giant Head","floor":41.0,"turns":9.0},{"damage":24.0,"enemies":"Jaw Worm Horde","floor":45.0,"turns":4.0},{"damage":0.0,"enemies":"Transient","floor":47.0,"turns":5.0},{"damage":0.0,"enemies":"Spire Growth","floor":48.0,"turns":5.0},{"damage":11,"enemies":"Donu and Deca","floor":50,"turns":10}],"seed_played":"-1175160018055241134","potions_obtained":[{"floor":2.0,"key":"LiquidBronze"},{"floor":2.0,"key":"Ancient Potion"},{"floor":2.0,"key":"LiquidMemories"},{"floor":4.0,"key":"Poison Potion"},{"floor":5.0,"key":"LiquidMemories"},{"floor":12.0,"key":"GamblersBrew"},{"floor":16.0,"key":"PowerPotion"},{"floor":18.0,"key":"AttackPotion"},{"floor":29.0,"key":"BlessingOfTheForge"},{"floor":33.0,"key":"FearPotion"},{"floor":37.0,"key":"Regen Potion"},{"floor":45.0,"key":"ColorlessPotion"}],"is_trial":false,"path_per_floor":["M","?","M","M","M","R","M","?","T","M","R","E","?","$","R","B",null,"M","M","$","?","$","R","E","R","T","R","T","M","$","M","R","B",null,"M","T","M","$","M","R","E","R","T","?","M","$","M","M","R","B",null],"character_chosen":"THE_SILENT","items_purchased":["PowerPotion","Well Laid Plans","Weak Potion","Crippling Poison"],"campfire_rested":0,"item_purchase_floors":[14,20,30,38],"current_hp_per_floor":[60,60,60,60,42,42,42,42,42,42,42,32,32,32,32,19,63,59,60,60,60,60,60,61,61,61,61,61,54,54,51,51,47,75,55,55,55,55,56,56,52,52,52,52,41,41,42,43,43,33],"gold":145,"neow_bonus":"ONE_RARE_RELIC","is_daily":false,"chose_seed":false,"campfire_upgraded":10,"win_rate":0.0,"timestamp":1609232990,"path_taken":["M","?","?","M","M","R","M","?","T","M","R","E","?","$","R","BOSS","M","M","$","?","$","R","E","R","T","R","?","M","$","M","R","BOSS","M","?","M","$","M","R","E","R","T","?","M","$","M","M","R","BOSS"],"items_purchased_type":["Potion","Card","Potion","Card"],"build_version":"2020-12-22","purchased_purges":3,"victory":true,"max_hp_per_floor":[70,70,70,70,70,70,70,77,77,77,77,77,77,77,77,78,78,79,80,80,80,80,80,81,81,81,81,81,82,82,83,83,84,84,85,85,86,86,87,87,88,88,88,88,89,89,90,91,91,92],"card_choices":[{"not_picked":["Quick Slash","Cloak And Dagger"],"picked":"Dagger Spray","floor":1.0},{"not_picked":["Quick Slash","Flying Knee"],"picked":"Deadly Poison","floor":3.0},{"not_picked":["Underhanded Strike","Cloak And Dagger"],"picked":"Reflex","floor":4.0},{"not_picked":["Caltrops","Flying Knee"],"picked":"Backflip","floor":5.0},{"not_picked":["Dagger Throw","Flying Knee"],"picked":"Acrobatics","floor":7.0},{"not_picked":["Terror","Quick Slash"],"picked":"Eviscerate","floor":8.0},{"not_picked":["Quick Slash","Outmaneuver"],"picked":"Sucker Punch","floor":10.0},{"not_picked":["Concentrate","Cloak And Dagger"],"picked":"Tools of the Trade","floor":12.0},{"not_picked":["Backflip","Cloak And Dagger","Skewer+1"],"picked":"SKIP","floor":18.0},{"not_picked":["Crippling Poison","PiercingWail"],"picked":"Prepared+1","floor":19.0},{"not_picked":["Dagger Throw","Poisoned Stab","Blade Dance"],"picked":"SKIP","floor":24.0},{"not_picked":["Well Laid Plans+1","Finisher+1"],"picked":"Concentrate","floor":29.0},{"not_picked":["Dodge and Roll+1","Underhanded Strike"],"picked":"Blur","floor":31.0},{"not_picked":["After Image","Phantasmal Killer"],"picked":"Burst","floor":33.0},{"not_picked":["Prepared","Concentrate+1","Quick Slash"],"picked":"SKIP","floor":35.0},{"not_picked":["Poisoned Stab+1","Bouncing Flask","Quick Slash"],"picked":"SKIP","floor":37.0},{"not_picked":["Flechettes+1","Quick Slash+1","Flying Knee"],"picked":"SKIP","floor":39.0},{"not_picked":["Endless Agony+1","Deflect+1","Deadly Poison+1"],"picked":"SKIP","floor":41.0},{"not_picked":["Poisoned Stab+1","Flechettes+1"],"picked":"Bullet Time","floor":45.0},{"not_picked":["Flying Knee+1","Backflip","Bane"],"picked":"SKIP","floor":47.0},{"not_picked":["Poisoned Stab","Underhanded Strike","Quick Slash+1"],"picked":"SKIP","floor":48.0}],"player_experience":377642,"relics_obtained":[{"floor":9.0,"key":"Tiny Chest"},{"floor":12.0,"key":"StrikeDummy"},{"floor":24.0,"key":"Regal Pillow"},{"floor":26.0,"key":"Bag of Preparation"},{"floor":28.0,"key":"Mummified Hand"},{"floor":36.0,"key":"Art of War"},{"floor":41.0,"key":"Nunchaku"},{"floor":43.0,"key":"Vajra"}],"event_choices":[{"damage_healed":0.0,"max_hp_gain":0.0,"max_hp_loss":0.0,"gold_gain":0.0,"event_name":"Lab","player_choice":"Got Potions","floor":2.0,"gold_loss":0.0,"damage_taken":0.0},{"damage_healed":0.0,"max_hp_gain":0.0,"max_hp_loss":0.0,"gold_gain":0.0,"event_name":"Dead Adventurer","player_choice":"Searched \u00272\u0027 times","floor":8.0,"gold_loss":0.0,"damage_taken":0.0,"relics_obtained":["Strawberry"]},{"damage_healed":0.0,"max_hp_gain":0.0,"max_hp_loss":0.0,"gold_gain":0.0,"event_name":"FaceTrader","player_choice":"Trade","floor":13.0,"gold_loss":0.0,"damage_taken":0.0,"relics_obtained":["FaceOfCleric"]},{"damage_healed":0.0,"max_hp_gain":0.0,"max_hp_loss":0.0,"gold_gain":0.0,"event_name":"The Library","player_choice":"Read","floor":21.0,"gold_loss":0.0,"damage_taken":0.0,"cards_obtained":["Bane"]},{"cards_removed":["Crippling Poison"],"damage_healed":0.0,"max_hp_gain":0.0,"max_hp_loss":0.0,"gold_gain":0.0,"event_name":"Falling","player_choice":"Removed Skill","floor":44.0,"gold_loss":0.0,"damage_taken":0.0}],"is_beta":false,"boss_relics":[{"not_picked":["Fusion Hammer","Calling Bell"],"picked":"HoveringKite"},{"not_picked":["Tiny House","Philosopher\u0027s Stone"],"picked":"Runic Pyramid"}],"items_purged_floors":[14,20,38],"is_endless":false,"potions_floor_spawned":[4,5,12,16,18,29,33,37,45],"ascension_level":10}}