{"host":"i4eavuqabbk5mi94","time":1609200858,"event":{"mods":["BaseMod","Googly Eyes","Minty Spire (QoL Compilation)"],"gold_per_floor":[110,120,140,40,40,68,68,86,86,120,120,152,172,191,191,191,191],"floor_reached":16,"playtime":684,"items_purged":[],"score":153,"play_id":"e0d4e05c-944d-4634-bd1a-d08ec371006e","local_time":"20201229001418","is_ascension_mode":true,"campfire_choices":[{"data":"Perfected Strike","floor":7,"key":"SMITH"},{"floor":15,"key":"REST"}],"circlet_count":0,"master_deck":["Strike_R","Strike_R","Strike_R","Strike_R","Strike_R","Defend_R","Defend_R","Defend_R","Bash","Perfected Strike+1","Thunderclap","Shockwave","Infernal Blade","Ghostly Armor","Disarm","Double Tap","Armaments"],"relics":["Burning Blood","WingedGreaves","Incense Burner","Unceasing Top","Oddly Smooth Stone"],"acts_visited":["Exordium"],"potions_floor_usage":[6,6,10,12,16],"damage_taken":[{"damage":1,"enemies":"Cultist","floor":1,"turns":3},{"damage":0,"enemies":"Small Slimes","floor":2,"turns":2},{"damage":7,"enemies":"Jaw Worm","floor":3,"turns":3},{"damage":10,"enemies":"3 Sentries","floor":6,"turns":9},{"damage":30,"enemies":"Gremlin Gang","floor":8,"turns":4},{"damage":26,"enemies":"Lagavulin","floor":10,"turns":5},{"damage":12,"enemies":"3 Sentries","floor":12,"turns":7},{"damage":12,"enemies":"Exordium Thugs","floor":13,"turns":4},{"damage":1,"enemies":"Large Slime","floor":14,"turns":4},{"damage":42,"enemies":"Hexaghost","floor":16,"turns":9}],"seed_played":"-2325768456839580752","potions_obtained":[{"floor":3,"key":"ColorlessPotion"},{"floor":6,"key":"Dexterity Potion"},{"floor":10,"key":"EssenceOfSteel"},{"floor":13,"key":"DuplicationPotion"}],"is_trial":false,"path_per_floor":["M","M","M","$","?","E","R","M","T","E","?","E","M","M","R","B"],"character_chosen":"IRONCLAD","items_purchased":["HeartOfIron"],"campfire_rested":1,"item_purchase_floors":[4],"current_hp_per_floor":[80,80,79,79,72,68,68,44,44,24,24,18,12,17,41,0,0],"gold":191,"neow_bonus":"THREE_CARDS","is_daily":false,"chose_seed":false,"campfire_upgraded":1,"win_rate":0.0,"timestamp":1609200858,"path_taken":["M","M","M","$","?","E","R","M","T","E","?","E","M","M","R","BOSS"],"items_purchased_type":["Potion"],"build_version":"2020-12-22","purchased_purges":0,"victory":false,"max_hp_per_floor":[80,80,80,80,80,80,80,80,80,80,80,80,80,80,80,80,80],"card_choices":[{"not_picked":["Wild Strike","Pommel Strike"],"picked":"Perfected Strike","floor":0},{"not_picked":["Pommel Strike","True Grit"],"picked":"Thunderclap","floor":1},{"not_picked":["Pummel","Cleave"],"picked":"Shockwave","floor":2},{"not_picked":["Thunderclap","Twin Strike"],"picked":"Infernal Blade","floor":3},{"not_picked":["Anger","Sword Boomerang"],"picked":"Ghostly Armor","floor":6},{"not_picked":["Clash","Feel No Pain","Heavy Blade"],"picked":"SKIP","floor":8},{"not_picked":["Dual Wield","Flex"],"picked":"Disarm","floor":10},{"not_picked":["Clash","Iron Wave"],"picked":"Double Tap","floor":12},{"not_picked":["Body Slam","Clash","Infernal Blade"],"picked":"SKIP","floor":13},{"not_picked":["Burning Pact","Clash"],"picked":"Armaments","floor":14}],"player_experience":361557,"relics_obtained":[{"floor":6,"key":"WingedGreaves"},{"floor":9,"key":"Incense Burner"},{"floor":10,"key":"Unceasing Top"},{"floor":12,"key":"Oddly Smooth Stone"}],"event_choices":[{"cards_removed":["Defend_R"],"damage_healed":0,"gold_gain":0,"player_choice":"Card Removal","damage_taken":7,"max_hp_gain":0,"max_hp_loss":0,"event_name":"Golden Wing","floor":5,"gold_loss":0},{"damage_healed":0,"gold_gain":0,"player_choice":"Ignored","damage_taken":0,"max_hp_gain":0,"max_hp_loss":0,"event_name":"Shining Light","floor":11,"gold_loss":0}],"is_beta":false,"boss_relics":[],"items_purged_floors":[],"is_endless":false,"potions_floor_spawned":[3,6,10,13],"killed_by":"Hexaghost","ascension_level":5}}