{"host":"u3d6mm88zkvj4uc0","time":1609229722,"event":{"mods":["Act Like it!","BaseMod","Downfall","Minty Spire (QoL Compilation)","Replay The Spire","StSLib","[IsaacMod]ÒÔÈö¼âËþ"],"gold_per_floor":[114,126,45,45,71,71,106,281,349,25,150,150,181,201,201,321,321,344,469,568,568,646,646,664,697,723,763,763,45,68,118,118,261,261,279,279,279,308,333,333,388,424,475,475,808,808,808,28,28,36,36],"floor_reached":50,"playtime":2846,"items_purged":["Strike_P","Strike_P"],"score":996,"play_id":"dea33126-3e01-4832-8fff-7b91dea62f4a","local_time":"20201229161522","is_ascension_mode":true,"campfire_choices":[{"data":"Eruption","floor":6,"key":"SMITH"},{"data":"expansioncontent:QuickStudy","floor":23,"key":"SMITH"},{"data":"Tantrum","floor":40,"key":"SMITH"}],"circlet_count":0,"master_deck":["Defend_P+1","Defend_P+1","Eruption+1","Vigilance+1","DoctorFetus+1","CutThroughFate+1","EmptyFist+1","Injury","Wallop+1","Doubt","BattleHymn+1","Prostrate+1","expansioncontent:QuickStudy+1","Conclude+1","Wallop+1","CrushJoints+1","MasterReality+1","Replay:Anticipation+1","BowlingBash+1","Tantrum+1","Crescendo+1","WindmillStrike+1","Mayhem+1","Prostrate+1","Collect+1","expansioncontent:DecasProtection+1","CrushJoints+1","ConjureBlade+1","sneckomod:Bewildered","sneckomod:Bewildered","ThirdEye+1","Replay:ManipulateFuture+1","ReplayTheSpireMod:IOU","JustLucky+1","Worship+1","Spreading Infection","Decay","Writhe","Midas Touch+1"],"relics":["HolyWater","HushsDoor","PunchingBag","NeowsBlessing","Replay:Wax Seal","Oddly Smooth Stone","Replay:Multitool","GnawedLeaf","Tiny Chest","Damaru","MagicMushroom","DeathBook","Pantograph","Kunai","Divine Protection","Omamori","Ancient Tea Set","ReplayTheSpireMod:CursedCoin","Juzu Bracelet","Anchor","Ring of Greed","Golden Egg","Replay:Bandana","ReplayTheSpireMod:Ring of Addiction","Toy Ornithopter","Potion Belt","Replay:Grab Bag","Philosopher\u0027s Stone","SlaversCollar","Kintsugi","NineLifeCat","GuppysHead","Replay:Towering Pillar of Hats","DeadEye","HowToJump","Mark of the Bloom","Prayer Wheel","Melange","War Paint"],"acts_visited":["Exordium","TheCity","TheBeyond"],"potions_floor_usage":[18,25,25,27,30,30,33,33,33,39,42],"damage_taken":[{"damage":1,"enemies":"Cultist","floor":1,"turns":1},{"damage":0,"enemies":"Jaw Worm","floor":2,"turns":1},{"damage":0,"enemies":"Lagavulin","floor":7,"turns":1},{"damage":47,"enemies":"3 Sentries","floor":13,"turns":8},{"damage":0,"enemies":"2 Louse","floor":14,"turns":1},{"damage":19,"enemies":"The Guardian","floor":16,"turns":7},{"damage":6,"enemies":"3 Byrds","floor":18,"turns":3},{"damage":3,"enemies":"2 Thieves","floor":24,"turns":3},{"damage":15,"enemies":"Book of Stabbing","floor":25,"turns":4},{"damage":24,"enemies":"Slavers","floor":27,"turns":5},{"damage":0,"enemies":"Snecko","floor":30,"turns":2},{"damage":18,"enemies":"Pondfish","floor":33,"turns":8},{"damage":12,"enemies":"Orb Walker","floor":35,"turns":5},{"damage":34,"enemies":"3 Darklings","floor":38,"turns":4},{"damage":2,"enemies":"Spire Growth","floor":39,"turns":5},{"damage":0,"enemies":"R_Hoarder","floor":41,"turns":4},{"damage":3,"enemies":"4 Shapes","floor":42,"turns":3},{"damage":3,"enemies":"Donu and Deca","floor":50,"turns":3}],"seed_played":"-7101150097460617583","potions_obtained":[{"floor":14,"key":"hexamod:EctoCoolerPotion"},{"floor":16,"key":"SpeedPotion"},{"floor":24,"key":"Fire Potion"},{"floor":25,"key":"Fire Potion"},{"floor":31,"key":"Reflective Coating"},{"floor":31,"key":"ColorlessPotion"},{"floor":31,"key":"Fire Potion"},{"floor":33,"key":"SkillPotion"},{"floor":39,"key":"Reflective Coating"},{"floor":42,"key":"PowerPotion"},{"floor":49,"key":"Fire Potion"},{"floor":49,"key":"hexamod:EctoCoolerPotion"}],"is_trial":false,"path_per_floor":["M","M","$","?","T","R","E","?","T","$","?","?","E","M","R","B",null,"M","?","?","T","T","R","M","E","T","E","?","$","M","?","R","B",null,"M","?","T","M","M","R","E","M","T","?","?","R","?","$","R","B"],"character_chosen":"WATCHER","items_purchased":["Replay:Wax Seal","BattleHymn","Prostrate","expansioncontent:QuickStudy","DeathBook","Slimebound:ThreeZeroPotion","Replay:Anticipation","ReplayTheSpireMod:CursedCoin","Juzu Bracelet","Anchor","Mayhem","Prostrate","Collect","expansioncontent:DecasProtection","champ:CounterPotion","Energy Potion","NineLifeCat","GuppysHead","Prayer Wheel","Melange","War Paint","Midas Touch"],"campfire_rested":0,"item_purchase_floors":[3,10,10,10,17,17,17,29,29,29,29,29,29,29,29,29,34,34,48,48,48,48],"current_hp_per_floor":[71,71,71,71,71,71,71,71,71,71,71,46,10,10,31,12,57,52,52,52,52,52,52,50,36,36,13,4,4,5,5,22,45,1,1,1,1,1,1,1,1,1,1,1,1,1,1,1,1,0,0],"gold":36,"neow_bonus":"THREE_ENEMY_KILL","is_daily":false,"chose_seed":false,"campfire_upgraded":3,"win_rate":0.0,"timestamp":1609229722,"path_taken":["M","?","$","?","?","R","E","?","T","?","?","?","E","M","R","BOSS","M","?","?","?","?","R","M","E","T","E","?","$","M","?","R","BOSS","M","?","?","M","M","R","E","M","T","?","?","R","?","$","R","BOSS"],"items_purchased_type":["Relic","Card","Card","Card","Relic","Potion","Card","Relic","Relic","Relic","Card","Card","Card","Card","Potion","Potion","Relic","Relic","Relic","Relic","Relic","Card"],"build_version":"2020-12-22","purchased_purges":2,"victory":false,"max_hp_per_floor":[72,72,72,72,72,72,72,72,72,72,72,72,72,72,72,72,57,57,57,57,57,57,57,57,57,57,57,57,57,57,57,57,57,1,1,1,1,1,1,1,1,1,1,1,1,1,1,1,1,1,1],"card_choices":[{"not_picked":[],"picked":"DoctorFetus","floor":0},{"not_picked":["CrushJoints","Crescendo"],"picked":"CutThroughFate","floor":1},{"not_picked":["SashWhip","FollowUp"],"picked":"EmptyFist","floor":2},{"not_picked":["Omniscience","Halt"],"picked":"Wallop","floor":7},{"not_picked":["CarveReality","Wireheading"],"picked":"Conclude","floor":11},{"not_picked":["WreathOfFlame","Meditate"],"picked":"Wallop","floor":13},{"not_picked":["SashWhip","Conclude"],"picked":"CrushJoints","floor":14},{"not_picked":["Alpha","SpiritShield"],"picked":"MasterReality","floor":16},{"not_picked":["Halt+1","Vengeance+1"],"picked":"BowlingBash","floor":18},{"not_picked":["SignatureMove","CutThroughFate+1"],"picked":"Tantrum","floor":24},{"not_picked":["Evaluate","Replay:AtTheReady"],"picked":"Crescendo","floor":25},{"not_picked":["Replay:ManipulateFuture","DeusExMachina"],"picked":"WindmillStrike","floor":27},{"not_picked":["Halt+1","Replay:AtTheReady"],"picked":"CrushJoints","floor":30},{"not_picked":["Scrawl","Alpha"],"picked":"ConjureBlade","floor":33},{"not_picked":["Weave+1","Evaluate+1"],"picked":"ThirdEye+1","floor":35},{"not_picked":["WreathOfFlame","Replay:AtTheReady+1"],"picked":"Replay:ManipulateFuture+1","floor":38},{"not_picked":["Adaptation+1","Replay:ManipulateFuture","ThirdEye+1"],"picked":"SKIP","floor":39},{"not_picked":["ThirdEye","CutThroughFate"],"picked":"JustLucky","floor":41},{"not_picked":["WaveOfTheHand","Crescendo"],"picked":"Worship","floor":42}],"player_experience":111763,"relics_obtained":[{"floor":5,"key":"Oddly Smooth Stone"},{"floor":7,"key":"Replay:Multitool"},{"floor":9,"key":"GnawedLeaf"},{"floor":13,"key":"Damaru"},{"floor":21,"key":"Pantograph"},{"floor":22,"key":"Kunai"},{"floor":25,"key":"Divine Protection"},{"floor":26,"key":"Omamori"},{"floor":27,"key":"Ancient Tea Set"},{"floor":31,"key":"Ring of Greed"},{"floor":31,"key":"Golden Egg"},{"floor":31,"key":"Replay:Bandana"},{"floor":31,"key":"ReplayTheSpireMod:Ring of Addiction"},{"floor":31,"key":"Toy Ornithopter"},{"floor":31,"key":"Potion Belt"},{"floor":37,"key":"Replay:Towering Pillar of Hats"},{"floor":41,"key":"DeadEye"},{"floor":43,"key":"HowToJump"}],"event_choices":[{"damage_healed":0,"gold_gain":0,"player_choice":"Take Wound","damage_taken":0,"relics_obtained":["Golden Idol"],"max_hp_gain":0,"max_hp_loss":0,"event_name":"Golden Idol","floor":4,"gold_loss":0,"cards_obtained":["Injury"]},{"damage_healed":0,"gold_gain":175,"player_choice":"AGREE","damage_taken":0,"max_hp_gain":0,"max_hp_loss":0,"event_name":"Liars Game","floor":8,"gold_loss":0,"cards_obtained":["Doubt"]},{"damage_healed":0,"gold_gain":0,"player_choice":"Success","damage_taken":25,"relics_obtained":["Tiny Chest"],"max_hp_gain":0,"max_hp_loss":0,"event_name":"Scrap Ooze","floor":12,"gold_loss":0},{"damage_healed":0,"gold_gain":99,"player_choice":"Stole From Cult","damage_taken":0,"max_hp_gain":0,"max_hp_loss":0,"event_name":"Nest","floor":20,"gold_loss":0},{"damage_healed":0,"gold_gain":0,"player_choice":"Stopped","damage_taken":9,"max_hp_gain":0,"max_hp_loss":0,"event_name":"Cursed Tome","floor":28,"gold_loss":0},{"damage_healed":0,"gold_gain":0,"player_choice":"Forge","damage_taken":0,"max_hp_gain":0,"max_hp_loss":0,"event_name":"Accursed Blacksmith","floor":36,"gold_loss":0,"cards_upgraded":["Vigilance"]},{"damage_healed":0,"gold_gain":0,"player_choice":"Upgrade","damage_taken":0,"relics_obtained":["Mark of the Bloom"],"max_hp_gain":0,"max_hp_loss":0,"event_name":"MindBloom","floor":44,"gold_loss":0,"cards_upgraded":["Defend_P","Defend_P","DoctorFetus","CutThroughFate","EmptyFist","Wallop","BattleHymn","Prostrate","Wallop","CrushJoints","MasterReality","Replay:Anticipation","BowlingBash","Crescendo","WindmillStrike","Mayhem","Prostrate","Collect","CrushJoints","JustLucky","Worship"]},{"damage_healed":0,"gold_gain":333,"player_choice":"Gave Idol","damage_taken":0,"max_hp_gain":0,"max_hp_loss":0,"event_name":"The Moai Head","floor":45,"relics_lost":["Golden Idol"],"gold_loss":0},{"damage_healed":0,"gold_gain":0,"player_choice":"Ignored","damage_taken":0,"max_hp_gain":0,"max_hp_loss":0,"event_name":"Tomb of Lord Red Mask","floor":47,"gold_loss":0}],"is_beta":false,"boss_relics":[{"not_picked":["Busted Crown","Fusion Hammer"],"picked":"MagicMushroom"},{"not_picked":[]},{"not_picked":["Calling Bell","Empty Cage"],"picked":"Replay:Grab Bag"},{"not_picked":["Runic Dome","Velvet Choker"],"picked":"Philosopher\u0027s Stone"},{"not_picked":["ChampionBelt","ChewingGum"],"picked":"SlaversCollar"},{"not_picked":["Tiny House","SacredBark"],"picked":"HolyWater"},{"not_picked":["Snecko Eye","Runic Pyramid"],"picked":"Kintsugi"},{"not_picked":[]}],"items_purged_floors":[17,29],"is_endless":false,"potions_floor_spawned":[14,16,24,25,33,39,42],"killed_by":"Donu and Deca","ascension_level":1}}