{"host":"z9grmtg2w0nmz8n1","time":1609211094,"event":{"mods":["Aspiration","Bard","BaseMod","Beaked The Cultist","Better Altar","Better Match","Better Note","Better Sensory Stone","Better Skull","Better Third Choice","BetterRewards","CCEM","Colored Map","Conspire","Downfall","GifTheSpireLib","Googly Eyes","Halation","Hermit","Highlight Path","Hubris","Hunter ??","Jedi Mod","Jorbs\u0027s Wanderer Trilogy","Mad Scientist","Marisa????????","Minty Spire (QoL Compilation)","Permanent Neow","Replay The Spire","Shade Mod","Shop Mod","Spicy Shops","StSLib","Stuff the Spire","The Bug Knight","The Construct","The Necromancer","The Runesmith","The Witch"],"gold_per_floor":[112,37,37,52,52,78,78,97,120,152,170,198,98,109,109,208,208,208,208,208,208,208,208,208,208,208,11,11,11,11,11,11,11,11,11,11,11,11,11,11,11,11,11,11,11,11,11,11,11,11,11],"floor_reached":50,"playtime":2093,"items_purged":["Outmaneuver","Streamline","Poisoned Stab"],"score":729,"play_id":"7bed92b7-022f-4c9b-b83c-6aefa84b980e","local_time":"20201229010454","daily_mods":["Draft"],"is_ascension_mode":true,"campfire_choices":[{"floor":15,"key":"DIG"},{"data":"Defragment","floor":24,"key":"SMITH"},{"floor":32,"key":"REST"},{"data":"StuffTheSpire:Synthwave","floor":45,"key":"SMITH"},{"floor":49,"key":"REST"}],"circlet_count":0,"master_deck":["Leap","StuffTheSpire:Plugnplay","Ball Lightning","Beam Cell","Leap","Steam","ReplayTheSpireMod:Calculation Training","hubris:Ukulele","jedi:BurstLightning","Ball Lightning","Ball Lightning","Defragment+1","Conserve Battery","jedi:blockon","Defragment+1","ReplayTheSpireMod:Calculation Training","Capacitor","StuffTheSpire:Synthwave+1","StuffTheSpire:Synthwave+1","Leap","jedi:blockon+1","Conserve Battery","Static Discharge+1"],"relics":["Cracked Core","ReplayFunnel","Pen Nib","hubris:BallOfYels","hubris:64BitClover","jedi:superconductor","Ectoplasm","hubris:BottledRain","CCEMRelics:JestersCrown","Bottled Tornado","StuffTheSpire:CocoNut","hubris:TenFootPole","CCEMRelics:TechnogenicHelmet","beaked:SacredDeck","StuffTheSpire:Rhapsscallions","Potion Belt","CeramicFish","StuffTheSpire:Mouthbags","halation:KoshaPiece","jedi:firstaidkit"],"acts_visited":["Exordium","TheCity","TheBeyond"],"potions_floor_usage":[20,22,23,31,40,44,47,50,50],"damage_taken":[{"damage":0,"enemies":"Cultist","floor":1,"turns":3},{"damage":0,"enemies":"Jaw Worm","floor":4,"turns":2},{"damage":18,"enemies":"Lagavulin","floor":6,"turns":3},{"damage":5,"enemies":"Small Slimes","floor":8,"turns":3},{"damage":9,"enemies":"3 Sentries","floor":10,"turns":4},{"damage":0,"enemies":"Looter","floor":11,"turns":1},{"damage":11,"enemies":"Lagavulin","floor":12,"turns":3},{"damage":0,"enemies":"Exordium Thugs","floor":14,"turns":1},{"damage":1,"enemies":"The Guardian","floor":16,"turns":7},{"damage":3,"enemies":"Shell Parasite","floor":18,"turns":3},{"damage":0,"enemies":"Chosen","floor":19,"turns":3},{"damage":0,"enemies":"3 Cultists","floor":20,"turns":3},{"damage":0,"enemies":"Snake Plant","floor":22,"turns":2},{"damage":20,"enemies":"Slavers","floor":23,"turns":4},{"damage":4,"enemies":"Gremlin Leader","floor":28,"turns":4},{"damage":0,"enemies":"Sentry and Sphere","floor":29,"turns":3},{"damage":30,"enemies":"Slavers","floor":30,"turns":3},{"damage":3,"enemies":"Cultist and Chosen","floor":31,"turns":3},{"damage":12,"enemies":"Automaton","floor":33,"turns":6},{"damage":0,"enemies":"3 Shapes","floor":35,"turns":3},{"damage":11,"enemies":"Orb Walker","floor":38,"turns":2},{"damage":0,"enemies":"Maw","floor":39,"turns":4},{"damage":0,"enemies":"Reptomancer","floor":40,"turns":4},{"damage":0,"enemies":"Transient","floor":41,"turns":5},{"damage":3,"enemies":"Giant Head","floor":42,"turns":5},{"damage":0,"enemies":"Nemesis","floor":44,"turns":4},{"damage":16,"enemies":"Giant Head","floor":46,"turns":5},{"damage":14,"enemies":"Jaw Worm Horde","floor":47,"turns":2},{"damage":0,"enemies":"4 Shapes","floor":48,"turns":3},{"damage":85,"enemies":"conspire:OrnateMirror","floor":50,"turns":4}],"seed_played":"4351047415567306307","potions_obtained":[{"floor":4,"key":"Reflective Coating"},{"floor":8,"key":"Ancient Potion"},{"floor":12,"key":"SkillPotion"},{"floor":18,"key":"Flashbang"},{"floor":20,"key":"LiquidMemories"},{"floor":23,"key":"LiquidBronze"},{"floor":30,"key":"PotionOfCapacity"},{"floor":35,"key":"Energy Potion"},{"floor":41,"key":"SpeedPotion"},{"floor":42,"key":"LiquidMemories"},{"floor":46,"key":"AttackPotion"}],"is_trial":true,"path_per_floor":["M","$","$","M","?","E","?","M","T","E","M","E","$","M","R_BF","B",null,"M","M","M","T","M","E","R","?","T","$","E","M","E","M","R","B",null,"M","?","?","M","M","E","M","E","T","E","R","E","M","M","R_BF","B"],"character_chosen":"DEFECT","items_purchased":["ReplayTheSpireMod:Calculation Training"],"campfire_rested":2,"item_purchase_floors":[27],"current_hp_per_floor":[75,75,75,75,75,57,72,67,67,58,58,47,47,47,47,46,75,72,72,72,72,72,52,52,52,52,52,55,55,25,22,46,34,82,82,82,82,71,71,74,74,71,71,71,71,55,41,41,66,0,0],"gold":11,"neow_bonus":"","is_daily":false,"chose_seed":false,"campfire_upgraded":2,"win_rate":0.0,"timestamp":1609211094,"path_taken":["M","?","$","M","?","E","?","M","T","E","M","E","?","M","R_BF","BOSS","M","M","M","?","M","E","R","?","T","?","E","M","E","M","R","BOSS","M","?","?","?","M","E","M","E","T","E","R","E","M","M","R_BF","BOSS"],"items_purchased_type":["Card"],"build_version":"2020-12-22","purchased_purges":3,"victory":false,"max_hp_per_floor":[75,75,75,75,75,75,75,75,75,75,75,75,75,75,75,75,75,75,75,75,75,75,75,75,75,75,75,82,82,82,82,82,82,82,82,82,82,82,82,85,85,85,85,85,85,85,85,85,85,85,85],"card_choices":[{"not_picked":["Beam Cell","Cold Snap"],"picked":"jedi:BurstLightning","floor":0},{"not_picked":["Panic Button","conspire:Rain"],"picked":"Streamline","floor":0},{"not_picked":["jedi:BurstFrost","Heatsinks"],"picked":"Leap","floor":0},{"not_picked":["Rebound","Sunder"],"picked":"StuffTheSpire:Plugnplay","floor":0},{"not_picked":["Compile Driver","Sweeping Beam"],"picked":"Conserve Battery","floor":0},{"not_picked":["Streamline","jedi:blockon"],"picked":"Ball Lightning","floor":0},{"not_picked":["StuffTheSpire:Coldhearted","Compile Driver"],"picked":"Beam Cell","floor":0},{"not_picked":["BootSequence","Sunder"],"picked":"Leap","floor":0},{"not_picked":["jedi:sharpshooter","Skim"],"picked":"Steam","floor":0},{"not_picked":["Ball Lightning","Coolheaded"],"picked":"ReplayTheSpireMod:Calculation Training","floor":0},{"not_picked":["jedi:BurstLightning","Steam"],"picked":"hubris:Ukulele","floor":0},{"not_picked":["Compile Driver","Chill"],"picked":"jedi:BurstLightning","floor":0},{"not_picked":["jedi:BurstFrost","BasicCrystalCard"],"picked":"Ball Lightning","floor":0},{"not_picked":["BasicCrystalCard","Double Energy"],"picked":"Ball Lightning","floor":0},{"not_picked":["Double Energy","StuffTheSpire:Plugnplay"],"picked":"jedi:BurstLightning","floor":0},{"not_picked":["Recycle","Coolheaded","Barrage"],"picked":"SKIP","floor":1},{"not_picked":["Recycle","StuffTheSpire:LoadUp","FTL"],"picked":"SKIP","floor":4},{"not_picked":["jedi:bruteforce","Loop","StuffTheSpire:LoadUp"],"picked":"SKIP","floor":6},{"not_picked":["StuffTheSpire:CleanHardDrive","conspire:SharedLibrary","Streamline"],"picked":"SKIP","floor":8},{"not_picked":["jedi:markofdeath","Turbo","jedi:overflow"],"picked":"SKIP","floor":10},{"not_picked":["Auto Shields","jedi:blockon","hubris:Ukulele"],"picked":"SKIP","floor":11},{"not_picked":["hubris:Prefetch","BasicCrystalCard","jedi:overflow"],"picked":"SKIP","floor":12},{"not_picked":["ReplayTheSpireMod:System Scan","Stack","Hello World"],"picked":"SKIP","floor":14},{"not_picked":["aspiration:Polymerization","jedi:BurstLightning","StuffTheSpire:Plugnplay+1"],"picked":"SKIP","floor":18},{"not_picked":["Go for the Eyes","Cold Snap"],"picked":"Defragment","floor":19},{"not_picked":["jedi:BurstFrost+1","Rebound","Beam Cell"],"picked":"SKIP","floor":20},{"not_picked":["StuffTheSpire:LoadUp+1","Gash"],"picked":"Conserve Battery","floor":22},{"not_picked":["Conserve Battery+1","jedi:sharpshooter"],"picked":"jedi:blockon","floor":23},{"not_picked":["jedi:BurstLightning+1","Consume+1","ReplaySort"],"picked":"SKIP","floor":28},{"not_picked":["Turbo+1","StuffTheSpire:Plugnplay+1","Hologram+1"],"picked":"SKIP","floor":29},{"not_picked":["Echo Form","Rip and Tear"],"picked":"Capacitor","floor":30},{"not_picked":["Stack+1","Chaos","Sweeping Beam+1"],"picked":"SKIP","floor":31},{"not_picked":["StuffTheSpire:LoadUp+1","ReplaySort"],"picked":"StuffTheSpire:Synthwave+1","floor":35},{"not_picked":["Turbo+1","BasicCrystalCard+1","Double Energy"],"picked":"SKIP","floor":38},{"not_picked":["Coolheaded+1","StuffTheSpire:ShieldGenerator+1","FTL+1"],"picked":"SKIP","floor":39},{"not_picked":["jedi:readyaimfire","jedi:BurstFrost"],"picked":"Leap","floor":40},{"not_picked":["Gash+1","Streamline","Melter+1"],"picked":"SKIP","floor":41},{"not_picked":["Heatsinks+1","ReplayTheSpireMod:Dual Polarity+1"],"picked":"jedi:blockon+1","floor":42},{"not_picked":["Panic Button+1","jedi:BurstFrost","aspiration:Polymerization"],"picked":"SKIP","floor":44},{"not_picked":["BasicCrystalCard+1","Streamline","Turbo"],"picked":"SKIP","floor":46},{"not_picked":["Panic Button+1","Hologram"],"picked":"Static Discharge+1","floor":47},{"not_picked":["Redo","jedi:blockon","Barrage+1"],"picked":"SKIP","floor":48}],"player_experience":742536,"relics_obtained":[{"floor":6,"key":"ReplayFunnel"},{"floor":9,"key":"Pen Nib"},{"floor":10,"key":"hubris:BallOfYels"},{"floor":12,"key":"hubris:64BitClover"},{"floor":15,"key":"jedi:superconductor"},{"floor":21,"key":"hubris:BottledRain"},{"floor":23,"key":"CCEMRelics:JestersCrown"},{"floor":26,"key":"Bottled Tornado"},{"floor":28,"key":"StuffTheSpire:CocoNut"},{"floor":29,"key":"hubris:TenFootPole"},{"floor":30,"key":"CCEMRelics:TechnogenicHelmet"},{"floor":40,"key":"StuffTheSpire:Rhapsscallions"},{"floor":42,"key":"Potion Belt"},{"floor":43,"key":"CeramicFish"},{"floor":44,"key":"StuffTheSpire:Mouthbags"},{"floor":46,"key":"halation:KoshaPiece"},{"floor":47,"key":"jedi:firstaidkit"}],"event_choices":[{"damage_healed":0,"gold_gain":0,"player_choice":"Disagree","damage_taken":0,"max_hp_gain":0,"max_hp_loss":0,"event_name":"conspire:LoneGhost","floor":5,"gold_loss":0},{"damage_healed":0,"gold_gain":0,"player_choice":"Copied","damage_taken":0,"max_hp_gain":0,"max_hp_loss":0,"event_name":"Duplicator","floor":25,"gold_loss":0,"cards_obtained":["Defragment"]},{"cards_removed":["jedi:BurstLightning"],"damage_healed":5,"gold_gain":0,"player_choice":"Offered Common","damage_taken":0,"max_hp_gain":0,"max_hp_loss":0,"event_name":"Bonfire Elementals","floor":37,"gold_loss":0},{"cards_removed":["jedi:BurstLightning"],"damage_healed":5,"gold_gain":0,"player_choice":"Offered Special","damage_taken":0,"max_hp_gain":0,"max_hp_loss":0,"event_name":"Bonfire Elementals","floor":37,"gold_loss":0}],"is_beta":false,"boss_relics":[{"not_picked":["Snecko Eye","hubris:HollowSoul"],"picked":"Ectoplasm"},{"not_picked":["Painkiller Herb","Replay:Wanted Poster"],"picked":"beaked:SacredDeck"}],"items_purged_floors":[2,13,27],"is_endless":false,"potions_floor_spawned":[4,8,12,16,18,19,20,23,30,35,39,41,42,46],"killed_by":"conspire:OrnateMirror","ascension_level":1}}