{"host":"78zdngn0u28jm0pp","time":1609224156,"event":{"mods":["BaseMod","Jorbs\u0027s Wanderer Trilogy","Minty Spire (QoL Compilation)","Permanent Neow","Quick Restart","Relic Stats","StSLib","Unceasing Turn Reminder"],"gold_per_floor":[118,118,128,278,278,309,309,274,356,356,356,356,368,400,400,400,400],"floor_reached":16,"playtime":349,"items_purged":[],"score":262,"play_id":"04da427c-5446-4fee-be2e-04f1936aad6a","local_time":"20201228234236","is_ascension_mode":true,"campfire_choices":[{"floor":10,"key":"REST"},{"data":"Crippling Poison","floor":12,"key":"SMITH"},{"data":"Neutralize","floor":15,"key":"SMITH"}],"circlet_count":0,"master_deck":["AscendersBane","Strike_G","Strike_G","Strike_G+1","Strike_G","Strike_G","Defend_G+1","Defend_G","Defend_G","Defend_G","Defend_G","Survivor","Neutralize+1","PiercingWail","Blur","Crippling Poison+1","Footwork","Blade Dance"],"relics":["Ring of the Snake","NeowsBlessing","Omamori","Happy Flower","Gremlin Horn","Torii"],"acts_visited":["Exordium"],"potions_floor_usage":[14,16,16],"damage_taken":[{"damage":0,"enemies":"Small Slimes","floor":1,"turns":1},{"damage":0,"enemies":"2 Louse","floor":3,"turns":1},{"damage":0,"enemies":"Gremlin Nob","floor":6,"turns":1},{"damage":1,"enemies":"Jaw Worm","floor":13,"turns":4},{"damage":17,"enemies":"Lagavulin","floor":14,"turns":9},{"damage":26,"enemies":"Slime Boss","floor":16,"turns":11}],"seed_played":"-4898049487382697673","potions_obtained":[{"floor":3,"key":"PowerPotion"},{"floor":6,"key":"Fire Potion"},{"floor":14,"key":"SpeedPotion"}],"is_trial":false,"path_per_floor":["M","?","M","?","?","E","?","?","T","R","?","R","M","E","R","B"],"character_chosen":"THE_SILENT","items_purchased":[],"campfire_rested":1,"item_purchase_floors":[],"current_hp_per_floor":[59,39,39,39,13,13,6,22,22,41,41,41,40,23,23,0,0],"gold":400,"neow_bonus":"THREE_ENEMY_KILL","is_daily":false,"chose_seed":false,"campfire_upgraded":2,"win_rate":0.0,"timestamp":1609224156,"path_taken":["M","?","M","?","?","E","?","?","T","R","?","R","M","E","R","BOSS"],"items_purchased_type":[],"build_version":"2020-12-22","purchased_purges":0,"victory":false,"max_hp_per_floor":[66,66,66,66,66,66,66,66,66,66,66,66,66,66,66,66,66],"relic_stats":{"Happy Flower":[8],"Gremlin Horn":[1,1],"Torii":2,"counters":[6,27],"obtain_stats":[{"NeowsBlessing":0,"Happy Flower":6,"Gremlin Horn":9,"Torii":14,"Omamori":5,"Ring of the Snake":0},{"NeowsBlessing":0,"Happy Flower":3,"Gremlin Horn":3,"Torii":5,"Omamori":2,"Ring of the Snake":0},{"NeowsBlessing":0,"Happy Flower":3,"Gremlin Horn":3,"Torii":16,"Omamori":2,"Ring of the Snake":0}],"Ring of the Snake":[12]},"card_choices":[{"not_picked":["Dodge and Roll","Catalyst"],"picked":"PiercingWail","floor":1},{"not_picked":["Expertise","Catalyst"],"picked":"Blur","floor":3},{"not_picked":["Concentrate","Deadly Poison"],"picked":"Crippling Poison","floor":6},{"not_picked":["Flying Knee","Choke"],"picked":"Footwork","floor":13},{"not_picked":["Catalyst","Backflip"],"picked":"Blade Dance","floor":14}],"player_experience":704217,"relics_obtained":[{"floor":6,"key":"Happy Flower"},{"floor":9,"key":"Gremlin Horn"},{"floor":14,"key":"Torii"}],"event_choices":[{"damage_healed":0,"gold_gain":0,"player_choice":"Entered Light","damage_taken":20,"max_hp_gain":0,"max_hp_loss":0,"event_name":"Shining Light","floor":2,"gold_loss":0,"cards_upgraded":["Defend_G","Strike_G"]},{"damage_healed":0,"gold_gain":150,"player_choice":"AGREE","damage_taken":0,"max_hp_gain":0,"max_hp_loss":0,"event_name":"Liars Game","floor":4,"gold_loss":0,"cards_obtained":["Doubt"]},{"damage_healed":0,"gold_gain":0,"player_choice":"Success","damage_taken":26,"relics_obtained":["Omamori"],"max_hp_gain":0,"max_hp_loss":0,"event_name":"Scrap Ooze","floor":5,"gold_loss":0},{"cards_removed":["Doubt"],"damage_healed":0,"gold_gain":0,"player_choice":"Card Removal","damage_taken":7,"max_hp_gain":0,"max_hp_loss":0,"event_name":"Golden Wing","floor":7,"gold_loss":0},{"damage_healed":16,"gold_gain":0,"player_choice":"Healed","damage_taken":0,"max_hp_gain":0,"max_hp_loss":0,"event_name":"The Cleric","floor":8,"gold_loss":35},{"damage_healed":0,"gold_gain":0,"player_choice":"Searched \u00270\u0027 times","damage_taken":0,"max_hp_gain":0,"max_hp_loss":0,"event_name":"Dead Adventurer","floor":11,"gold_loss":0}],"is_beta":false,"boss_relics":[],"items_purged_floors":[],"is_endless":false,"potions_floor_spawned":[3,6,14],"killed_by":"Slime Boss","ascension_level":20}}