{"host":"w5ovz9boloi14a0g","time":1609272338,"event":{"mods":["BaseMod","Googly Eyes","Minty Spire (QoL Compilation)","StSLib","SuperFastMode"],"gold_per_floor":[110,122,136,153,164,189,189,209,209,237,253,253,263,33,33,136,186,196,296,306,306,323,323,351,364,388,416,430,46,46,64,64,168,168,184,194,39,39,39,39],"floor_reached":39,"playtime":1097,"items_purged":[],"score":437,"play_id":"b32a3c5b-91fb-48b7-b7cd-461638ebdc20","local_time":"20201229140538","is_ascension_mode":false,"campfire_choices":[{"floor":7.0,"key":"REST"},{"floor":15.0,"key":"REST"},{"floor":23.0,"key":"REST"},{"floor":30.0,"key":"REST"},{"floor":32,"key":"REST"}],"circlet_count":0,"master_deck":["Strike_B","Strike_B","Strike_B","Strike_B","Defend_B","Defend_B","Defend_B","Defend_B","Zap+1","Dualcast","Ball Lightning","Cold Snap","Conserve Battery","Static Discharge","Good Instincts+1","Core Surge","Self Repair","Defragment","Electrodynamics","Tempest","Madness","Madness"],"relics":["Fusion Hammer","Du-Vu Doll","Sundial","Bird Faced Urn","Sling","Tiny House","Strawberry","Art of War","TungstenRod","Pantograph","Blood Vial","Busted Crown","Orrery"],"acts_visited":["Exordium","TheCity","TheBeyond"],"potions_floor_usage":[],"damage_taken":[{"damage":1.0,"enemies":"Cultist","floor":1.0,"turns":3.0},{"damage":1.0,"enemies":"Jaw Worm","floor":2.0,"turns":2.0},{"damage":8.0,"enemies":"2 Louse","floor":3.0,"turns":2.0},{"damage":9.0,"enemies":"Exordium Thugs","floor":4.0,"turns":4.0},{"damage":0.0,"enemies":"Large Slime","floor":5.0,"turns":6.0},{"damage":20.0,"enemies":"3 Sentries","floor":6.0,"turns":7.0},{"damage":0.0,"enemies":"Blue Slaver","floor":8.0,"turns":3.0},{"damage":16.0,"enemies":"Gremlin Nob","floor":10.0,"turns":4.0},{"damage":3.0,"enemies":"Exordium Wildlife","floor":11.0,"turns":3.0},{"damage":8.0,"enemies":"Red Slaver","floor":13.0,"turns":3.0},{"damage":39.0,"enemies":"Slime Boss","floor":16.0,"turns":8.0},{"damage":11.0,"enemies":"3 Byrds","floor":18.0,"turns":6.0},{"damage":28.0,"enemies":"2 Thieves","floor":20.0,"turns":5.0},{"damage":25.0,"enemies":"3 Cultists","floor":22.0,"turns":5.0},{"damage":31.0,"enemies":"Book of Stabbing","floor":24.0,"turns":5.0},{"damage":15.0,"enemies":"Snake Plant","floor":25.0,"turns":5.0},{"damage":59.0,"enemies":"Slavers","floor":27.0,"turns":4.0},{"damage":20.0,"enemies":"Cultist and Chosen","floor":28.0,"turns":7.0},{"damage":15,"enemies":"Chosen and Byrds","floor":31,"turns":6},{"damage":105,"enemies":"Champ","floor":33,"turns":14},{"damage":9,"enemies":"Orb Walker","floor":35,"turns":4},{"damage":3,"enemies":"3 Shapes","floor":36,"turns":5},{"damage":103,"enemies":"2 Orb Walkers","floor":39,"turns":4}],"seed_played":"-8046041106361571011","potions_obtained":[{"floor":1.0,"key":"FairyPotion"},{"floor":3.0,"key":"Explosive Potion"},{"floor":5.0,"key":"Regen Potion"},{"floor":28.0,"key":"Strength Potion"},{"floor":35,"key":"AttackPotion"}],"is_trial":false,"path_per_floor":["M","M","M","M","M","E","R","M","T","E","M","?","M","$","R","B",null,"M","?","M","$","M","R","E","M","T","E","M","$","R","M","R","B",null,"M","M","$","?","?"],"character_chosen":"DEFECT","items_purchased":["Sling","Good Instincts","Pantograph","Blood Vial","Orrery"],"campfire_rested":5,"item_purchase_floors":[14,14,29,29,37],"current_hp_per_floor":[74,73,65,56,56,36,58,58,58,42,39,39,33,33,55,18,80,78,78,61,61,47,71,60,58,58,3,8,8,34,34,60,33,87,87,87,87,77,0,0],"gold":39,"neow_bonus":"BOSS_RELIC","is_daily":false,"chose_seed":false,"campfire_upgraded":0,"win_rate":0.0,"timestamp":1609272338,"path_taken":["M","M","?","M","M","E","R","M","T","E","M","?","M","$","R","BOSS","M","?","M","?","?","R","E","M","T","E","M","$","R","M","R","BOSS","M","M","$","?","?"],"items_purchased_type":["Relic","Card","Relic","Relic","Relic"],"build_version":"2020-12-22","purchased_purges":0,"victory":false,"max_hp_per_floor":[75,75,75,75,75,75,75,75,75,75,75,75,75,75,75,75,80,80,80,80,80,80,80,87,87,87,87,87,87,87,87,87,87,87,87,87,87,87,87,87],"card_choices":[{"not_picked":["Doom and Gloom","Undo"],"picked":"Ball Lightning","floor":1.0},{"not_picked":["Stack","Rebound"],"picked":"Cold Snap","floor":2.0},{"not_picked":["Rip and Tear","Redo","Rebound"],"picked":"SKIP","floor":3.0},{"not_picked":["Beam Cell","Fusion"],"picked":"Conserve Battery","floor":4.0},{"not_picked":["Beam Cell","Coolheaded","Redo"],"picked":"SKIP","floor":5.0},{"not_picked":["Compile Driver","Rebound","Auto Shields"],"picked":"SKIP","floor":6.0},{"not_picked":["Rebound","Cold Snap","Amplify"],"picked":"SKIP","floor":8.0},{"not_picked":["Conserve Battery","Hyperbeam","Redo"],"picked":"SKIP","floor":10.0},{"not_picked":["Go for the Eyes","Ball Lightning"],"picked":"Static Discharge","floor":11.0},{"not_picked":["Sunder","Recycle","Conserve Battery"],"picked":"SKIP","floor":13.0},{"not_picked":["Echo Form","Amplify"],"picked":"Core Surge","floor":16.0},{"not_picked":["Beam Cell","Reinforced Body"],"picked":"Self Repair","floor":17.0},{"not_picked":["Stack+1","Hologram","Scrape"],"picked":"SKIP","floor":18.0},{"not_picked":["Cold Snap","Compile Driver+1","Rebound"],"picked":"SKIP","floor":20.0},{"not_picked":["Streamline","Force Field"],"picked":"Defragment","floor":22.0},{"not_picked":["Cold Snap","Double Energy","Tempest"],"picked":"SKIP","floor":24.0},{"not_picked":["Stack","Reinforced Body","Gash"],"picked":"SKIP","floor":25.0},{"not_picked":["Redo","Turbo","Multi-Cast"],"picked":"SKIP","floor":27.0},{"not_picked":["Leap","Go for the Eyes","Rebound+1"],"picked":"SKIP","floor":28.0},{"not_picked":["Steam+1","Auto Shields+1","Redo"],"picked":"SKIP","floor":31},{"not_picked":["Machine Learning","Core Surge"],"picked":"Electrodynamics","floor":33},{"not_picked":["Turbo+1"],"picked":"SKIP","floor":35},{"not_picked":["Ball Lightning"],"picked":"SKIP","floor":36},{"not_picked":[],"picked":"Tempest","floor":37}],"player_experience":28020,"relics_obtained":[{"floor":6.0,"key":"Du-Vu Doll"},{"floor":9.0,"key":"Sundial"},{"floor":10.0,"key":"Bird Faced Urn"},{"floor":24.0,"key":"Strawberry"},{"floor":26.0,"key":"Art of War"},{"floor":27.0,"key":"TungstenRod"}],"event_choices":[{"damage_healed":0.0,"max_hp_gain":0.0,"max_hp_loss":0.0,"gold_gain":0.0,"event_name":"Living Wall","player_choice":"Grow","floor":12.0,"gold_loss":0.0,"damage_taken":0.0,"cards_upgraded":["Zap"]},{"damage_healed":0.0,"max_hp_gain":0.0,"max_hp_loss":0.0,"gold_gain":100.0,"event_name":"Golden Shrine","player_choice":"Pray","floor":19.0,"gold_loss":0.0,"damage_taken":0.0},{"damage_healed":0,"gold_gain":0,"player_choice":"Embrace Madness","damage_taken":11,"max_hp_gain":0,"max_hp_loss":0,"event_name":"Winding Halls","floor":38,"gold_loss":0,"cards_obtained":["Madness","Madness"]},{"damage_healed":0,"gold_gain":0,"player_choice":"Fight","damage_taken":0,"max_hp_gain":0,"max_hp_loss":0,"event_name":"Mysterious Sphere","floor":39,"gold_loss":0}],"is_beta":false,"boss_relics":[{"not_picked":["SlaversCollar","SacredBark"],"picked":"Tiny House"},{"not_picked":["Runic Dome","Cursed Key"],"picked":"Busted Crown"}],"items_purged_floors":[],"is_endless":false,"potions_floor_spawned":[1,3,5,10,11,16,18,22,27,28,35],"killed_by":"2 Orb Walkers","ascension_level":0}}