{"host":"qxeepl7ydvsgmfdb","time":1609237631,"event":{"mods":["AchievementEnabler","BaseMod","Colored Powertips","Minty Spire (QoL Compilation)","Quick Restart","slay the spire mod where everything is the same but ironclad has a cowboy hat"],"gold_per_floor":[111,111,126,126,126,126,158,158,158,158,177,177,177,189,189,286,286,302,302,41,57,57,85,85,85,109,109,109,109,138,151,151,251,251,262,187,203,203,213,213,213],"floor_reached":40,"playtime":973,"items_purged":["Writhe"],"score":445,"play_id":"551e95f9-eeb2-4cab-a875-063f85f21910","local_time":"20201229052711","is_ascension_mode":false,"campfire_choices":[{"data":"Zap","floor":6,"key":"SMITH"},{"data":"Chaos","floor":8,"key":"SMITH"},{"data":"Chaos","floor":12,"key":"SMITH"},{"data":"Sweeping Beam","floor":15,"key":"SMITH"},{"floor":25,"key":"REST"},{"floor":27,"key":"REST"},{"data":"Defragment","floor":29,"key":"SMITH"},{"floor":32,"key":"REST"}],"circlet_count":0,"master_deck":["Zap+1","Dualcast","Cold Snap","Chaos+1","Chaos+1","Sweeping Beam+1","Biased Cognition","Blizzard","Beam Cell","Lockon","Redo","Buffer","Meteor Strike","Defragment+1","Electrodynamics","Melter","Chaos","Sweeping Beam+1","Ball Lightning","Chill","Electrodynamics","Redo+1","Redo+1"],"relics":["Cracked Core","NeowsBlessing","Prayer Wheel","Dream Catcher","InkBottle","Pandora\u0027s Box","Mummified Hand","Pantograph","Vajra","Omamori","MutagenicStrength","WingedGreaves"],"acts_visited":["Exordium","TheCity","TheBeyond"],"potions_floor_usage":[18,23,23,30,31,40],"damage_taken":[{"damage":0,"enemies":"Jaw Worm","floor":1,"turns":1},{"damage":0,"enemies":"2 Louse","floor":3,"turns":1},{"damage":0,"enemies":"Lagavulin","floor":7,"turns":1},{"damage":0,"enemies":"Cultist","floor":11,"turns":3},{"damage":9,"enemies":"Red Slaver","floor":14,"turns":4},{"damage":19,"enemies":"Slime Boss","floor":16,"turns":9},{"damage":0,"enemies":"3 Byrds","floor":18,"turns":2},{"damage":24,"enemies":"2 Thieves","floor":21,"turns":3},{"damage":24,"enemies":"Gremlin Leader","floor":23,"turns":4},{"damage":20,"enemies":"Slavers","floor":30,"turns":2},{"damage":8,"enemies":"Centurion and Healer","floor":31,"turns":3},{"damage":60,"enemies":"Champ","floor":33,"turns":9},{"damage":18,"enemies":"Orb Walker","floor":35,"turns":3},{"damage":0,"enemies":"3 Shapes","floor":37,"turns":1},{"damage":10,"enemies":"Transient","floor":39,"turns":5},{"damage":81,"enemies":"Giant Head","floor":40,"turns":7}],"seed_played":"6589923777676407874","potions_obtained":[{"floor":11,"key":"AttackPotion"},{"floor":14,"key":"LiquidBronze"},{"floor":16,"key":"ColorlessPotion"},{"floor":23,"key":"ColorlessPotion"},{"floor":30,"key":"EssenceOfDarkness"},{"floor":33,"key":"BlessingOfTheForge"},{"floor":39,"key":"DuplicationPotion"}],"is_trial":false,"path_per_floor":["M","?","M","$","?","R","E","R","T","?","M","R","$","M","R","B",null,"M","?","$","M","?","E","?","R","T","R","?","R","E","M","R","B",null,"M","$","M","?","M","E"],"character_chosen":"DEFECT","items_purchased":["Mummified Hand"],"campfire_rested":3,"item_purchase_floors":[20],"current_hp_per_floor":[75,75,75,75,63,63,63,63,63,63,63,63,63,54,54,35,75,75,75,75,51,51,27,13,37,37,61,61,61,41,33,57,20,80,62,62,62,80,70,0,0],"gold":213,"neow_bonus":"THREE_ENEMY_KILL","is_daily":false,"chose_seed":false,"campfire_upgraded":5,"win_rate":0.0,"timestamp":1609237631,"path_taken":["M","?","M","$","?","R","E","R","T","?","?","R","?","M","R","BOSS","M","?","$","M","?","E","?","R","T","R","?","R","E","M","R","BOSS","M","$","M","?","M","E"],"items_purchased_type":["Relic"],"build_version":"2020-12-22","purchased_purges":1,"victory":false,"max_hp_per_floor":[75,75,75,75,75,75,75,75,75,75,75,75,75,75,75,75,75,75,75,75,75,75,75,80,80,80,80,80,80,80,80,80,80,80,80,80,80,80,80,80,80],"card_choices":[{"not_picked":["Beam Cell","Gash"],"picked":"Cold Snap","floor":1},{"not_picked":["Beam Cell","Scrape","Gash"],"picked":"SKIP","floor":3},{"not_picked":["Steam","Stack"],"picked":"Chaos","floor":7},{"not_picked":["Tempest","Self Repair"],"picked":"Chaos","floor":11},{"not_picked":["Coolheaded","Reinforced Body"],"picked":"Sweeping Beam","floor":11},{"not_picked":["Heatsinks","Compile Driver","Streamline"],"picked":"SKIP","floor":14},{"not_picked":["Leap","Cold Snap","Double Energy"],"picked":"SKIP","floor":14},{"not_picked":["Multi-Cast","Meteor Strike"],"picked":"Biased Cognition","floor":16},{"not_picked":["Beam Cell","Gash"],"picked":"Melter","floor":18},{"not_picked":["Sweeping Beam+1","Conserve Battery","Compile Driver+1"],"picked":"SKIP","floor":18},{"not_picked":["Biased Cognition","Rebound","Storm"],"picked":"SKIP","floor":21},{"not_picked":["Sweeping Beam","Coolheaded","Stack"],"picked":"SKIP","floor":21},{"not_picked":["Redo","Conserve Battery"],"picked":"Chaos","floor":23},{"not_picked":["Reprogram","Force Field"],"picked":"Sweeping Beam+1","floor":27},{"not_picked":["All For One","Hologram"],"picked":"Ball Lightning","floor":30},{"not_picked":["Coolheaded+1","Go for the Eyes+1"],"picked":"Chill","floor":31},{"not_picked":["Static Discharge","Steam Power+1","Skim"],"picked":"SKIP","floor":31},{"not_picked":["Meteor Strike","Biased Cognition"],"picked":"Electrodynamics","floor":33},{"not_picked":["Steam Power+1","Beam Cell+1"],"picked":"Redo+1","floor":35},{"not_picked":["Gash","Redo","Genetic Algorithm+1"],"picked":"SKIP","floor":35},{"not_picked":["Chill+1","Leap+1"],"picked":"Redo+1","floor":37},{"not_picked":["Melter+1","Cold Snap","Compile Driver+1"],"picked":"SKIP","floor":37},{"not_picked":["Cold Snap+1","Hologram","Aggregate+1"],"picked":"SKIP","floor":39},{"not_picked":["Rebound+1","Aggregate+1","Redo"],"picked":"SKIP","floor":39}],"player_experience":292806,"relics_obtained":[{"floor":7,"key":"Dream Catcher"},{"floor":9,"key":"InkBottle"},{"floor":23,"key":"Vajra"},{"floor":26,"key":"Omamori"},{"floor":30,"key":"WingedGreaves"}],"event_choices":[{"damage_healed":0,"gold_gain":0,"player_choice":"Leave","damage_taken":0,"max_hp_gain":0,"max_hp_loss":0,"event_name":"The Cleric","floor":2,"gold_loss":0},{"damage_healed":0,"gold_gain":0,"player_choice":"Success","damage_taken":12,"relics_obtained":["Prayer Wheel"],"max_hp_gain":0,"max_hp_loss":0,"event_name":"Scrap Ooze","floor":5,"gold_loss":0},{"damage_healed":0,"gold_gain":0,"player_choice":"Ignored","damage_taken":0,"max_hp_gain":0,"max_hp_loss":0,"event_name":"NoteForYourself","floor":10,"gold_loss":0},{"damage_healed":0,"gold_gain":0,"player_choice":"Simplicity","damage_taken":0,"max_hp_gain":0,"max_hp_loss":0,"event_name":"Back to Basics","floor":19,"gold_loss":0,"cards_upgraded":[]},{"damage_healed":0,"gold_gain":0,"player_choice":"Opened","damage_taken":0,"relics_obtained":["Pantograph"],"max_hp_gain":0,"max_hp_loss":0,"event_name":"The Mausoleum","floor":22,"gold_loss":0,"cards_obtained":["Writhe"]},{"damage_healed":0,"gold_gain":0,"player_choice":"Shed Blood","damage_taken":19,"max_hp_gain":5,"max_hp_loss":0,"event_name":"Forgotten Altar","floor":24,"gold_loss":0},{"damage_healed":0,"gold_gain":0,"player_choice":"Inject Mutagens","damage_taken":0,"relics_obtained":["MutagenicStrength"],"max_hp_gain":0,"max_hp_loss":0,"event_name":"Drug Dealer","floor":28,"gold_loss":0},{"damage_healed":20,"gold_gain":0,"player_choice":"Writhe","damage_taken":0,"max_hp_gain":0,"max_hp_loss":0,"event_name":"Winding Halls","floor":38,"gold_loss":0,"cards_obtained":["Writhe"]}],"is_beta":false,"boss_relics":[{"not_picked":["Velvet Choker","Runic Pyramid"],"picked":"Pandora\u0027s Box"},{"not_picked":["SlaversCollar","Snecko Eye","Busted Crown"]}],"items_purged_floors":[36],"is_endless":false,"potions_floor_spawned":[11,14,16,23,30,33,39],"killed_by":"Giant Head","ascension_level":0}}