{"host":"f0dbpmn0khgeoqc0","time":1609226995,"event":{"mods":["2.2 Compatiblity","AchievementEnabler","Act Like it!","Ascension Unlocker","Aspiration","BaseMod","Better Altar","Better Match","Better Sensory Stone","Better Skull","Better Third Choice","BetterRewards","Block Reminder","Colored Map","Colored Powertips","Conspire","DNKmod","Disable Question Mark Monsters","Displayed Cursed Tome","Downfall","Friendly Minions","Hermit","Highlight Path","Humility","Infinite Spire","Jorbs\u0027s Wanderer Trilogy","Koishi","Marisa????????","Minty Spire (QoL Compilation)","MostiFishMod","Permanent Neow","Random Character Button","Relic Filter","Relic Stats","Spicy Shops","StSLib","Td1madao Mod","The Gatherer","Treasure Hunter","Wandering Minibosses","??????REMEMod"],"gold_per_floor":[163,179,12,24,15,15,15,35,25,25,25],"floor_reached":9,"playtime":667,"items_purged":[],"score":58,"play_id":"440a1587-4620-4a4c-a24f-9d49b02b154d","local_time":"20201229022955","is_ascension_mode":true,"campfire_choices":[],"circlet_count":0,"master_deck":["Slimebound:Strike_Slimebound","Slimebound:Strike_Slimebound","Slimebound:Strike_Slimebound","Slimebound:Tackle","Slimebound:Defend_Slimebound","Slimebound:Defend_Slimebound","Slimebound:Defend_Slimebound","Slimebound:Defend_Slimebound","Slimebound:Split","Slimebound:CorrosiveSpit","MostiFishMod:VineMother","Slimebound:MassRepurpose","Slimebound:SamplingLick","Slimebound:LivingWall","Slimebound:SplitBruiser","Slimebound:SplitMire","Slimebound:RainOfGoop","infinitespire:Collect","TH:TreasureMap","Slimebound:SplitBruiser"],"relics":["Slimebound:AbsorbEndCombat","DaveBox","REME_ComplimentaryCards","SynthV:TestCard","Gremlin Horn"],"acts_visited":["Exordium"],"potions_floor_usage":[3,5,9],"damage_taken":[{"damage":8,"enemies":"Cultist","floor":1,"turns":3},{"damage":8,"enemies":"Small Slimes","floor":2,"turns":3},{"damage":12,"enemies":"downfall:FleeingMerchant","floor":3,"turns":4},{"damage":8,"enemies":"2 Louse","floor":4,"turns":2},{"damage":17,"enemies":"Large Slime","floor":5,"turns":6},{"damage":15,"enemies":"Exordium Wildlife","floor":8,"turns":4},{"damage":69,"enemies":"Gremlin Nob","floor":9,"turns":3}],"seed_played":"-361247534813626528","potions_obtained":[{"floor":1,"key":"LiquidBronze"},{"floor":4,"key":"Fire Potion"},{"floor":8,"key":"Regen Potion"}],"is_trial":false,"path_per_floor":["M","M","$","M","M","?","T","M","E"],"character_chosen":"SLIMEBOUND","items_purchased":["Membership Card"],"campfire_rested":0,"item_purchase_floors":[3],"current_hp_per_floor":[54,52,50,54,54,41,41,54,0,0,0],"gold":25,"neow_bonus":"THREE_RARE_CARDS","is_daily":false,"chose_seed":false,"campfire_upgraded":0,"win_rate":0.0,"timestamp":1609226995,"path_taken":["M","M","$","?","?","?","T","M","E"],"items_purchased_type":["Relic"],"build_version":"2020-12-22","purchased_purges":0,"victory":false,"max_hp_per_floor":[54,54,54,54,54,54,54,54,54,54,54],"relic_stats":{"Gremlin Horn":[2,2],"counters":[7,25],"obtain_stats":[{"SynthV:TestCard":1,"DaveBox":0,"Gremlin Horn":7,"Slimebound:AbsorbEndCombat":0,"Membership Card":3,"REME_ComplimentaryCards":0},{"SynthV:TestCard":1,"DaveBox":0,"Gremlin Horn":5,"Slimebound:AbsorbEndCombat":0,"Membership Card":3,"REME_ComplimentaryCards":0},{"SynthV:TestCard":3,"DaveBox":0,"Gremlin Horn":18,"Slimebound:AbsorbEndCombat":0,"Membership Card":10,"REME_ComplimentaryCards":0}]},"card_choices":[{"not_picked":["Slimebound:Teamwork","Slimebound:OozeBath"],"picked":"Slimebound:MassRepurpose","floor":0.0},{"not_picked":["Slimebound:Replication","Slimebound:SpikyOuterGoop"],"picked":"Slimebound:SamplingLick","floor":1},{"not_picked":["Slimebound:FlameTackle","Slimebound:FormOfPuddle","Slimebound:Grow","Slimebound:RainOfGoop"],"picked":"Slimebound:LivingWall","floor":2},{"not_picked":["Slimebound:LivingWall","Slimebound:SlimeBarrage","Slimebound:FirmFortitude","Slimebound:GrowthPunch"],"picked":"Slimebound:SplitBruiser","floor":3},{"not_picked":["Slimebound:GrowthPunch","Slimebound:SpikyOuterGoop","Slimebound:GoopTackle","Slimebound:FinishingTackle"],"picked":"Slimebound:SplitMire","floor":4},{"not_picked":["Slimebound:RollThrough","Slimebound:LivingWall","Slimebound:DivideAndConquer","Slimebound:ViciousTackle"],"picked":"Slimebound:RainOfGoop","floor":5},{"not_picked":["infinitespire:FinalStrike","infinitespire:UltimateForm"],"picked":"infinitespire:Collect","floor":6},{"not_picked":["TH:ArmorSpikes","TH:PixieDust","TH:DeckOfManyThings"],"picked":"TH:TreasureMap","floor":7},{"not_picked":["Slimebound:ViciousTackle","Slimebound:PressTheAttack","Slimebound:RainOfGoop","Slimebound:ItLooksTasty"],"picked":"Slimebound:SplitBruiser","floor":8}],"player_experience":529512,"relics_obtained":[{"floor":1,"key":"SynthV:TestCard"},{"floor":7,"key":"Gremlin Horn"}],"event_choices":[],"is_beta":false,"boss_relics":[],"items_purged_floors":[],"is_endless":false,"potions_floor_spawned":[1,4,8],"killed_by":"Gremlin Nob","ascension_level":1}}