{"host":"cijga0v04gg9ih6p","time":1609248556,"event":{"mods":["Arknights The Spire","BaseMod","Conspire","Dota2Spire","Luminous","Minty Spire (QoL Compilation)","StSLib","SuperFastMode","°æ“≈ŒÔø®≈∆°øREMEMod","≤–¡Ù÷ÆŒÔ"],"gold_per_floor":[116,16,16,32,49,49,49,74,100,120,120,157,157,157,157,265,265,314,314,109,109,137,137,137,137,183,40,40,40,40,68,68,179,179,199,228,252,252,311,347,388,397,420,420,455,488,512,535,535,535],"floor_reached":51,"playtime":3768,"items_purged":[],"score":820,"play_id":"bd9a3448-c9fb-43a8-a11d-8d0a8aff3ae7","local_time":"20201229212916","daily_mods":["Heirloom","Time Dilation","Flight"],"is_ascension_mode":false,"campfire_choices":[{"data":"Luminous:Light_Wash_Luminous","floor":6.0,"key":"SMITH"},{"data":"Luminous:Light_Gather","floor":7.0,"key":"SMITH"},{"data":"Ghostly","floor":11.0,"key":"SMITH"},{"data":"Luminous:Switch_Luminous","floor":13,"key":"SMITH"},{"data":"Luminous:Light_Glare","floor":15,"key":"SMITH"},{"data":"Luminous:Flash_Blink_Luminous","floor":23,"key":"SMITH"},{"data":"Luminous:Armageddon_Luminous","floor":24,"key":"SMITH"},{"data":"Luminous:Dark_Apocalypse","floor":25,"key":"SMITH"},{"data":"Luminous:Mana_Well_Luminous","floor":28,"key":"SMITH"},{"data":"Luminous:Dark_Raid","floor":32,"key":"SMITH"},{"data":"Luminous:Mirror_Force_Luminous","floor":44,"key":"SMITH"},{"data":"Luminous:Dark_Apocalypse","floor":49,"key":"SMITH"}],"circlet_count":0,"master_deck":["Luminous:Light_Flash_Shower","Luminous:Light_Flash_Shower","Luminous:Light_Flash_Shower","Luminous:Dark_Abyssal_Drop","Luminous:Dark_Abyssal_Drop","Luminous:Dark_Abyssal_Drop","Luminous:Defend_Luminous","Luminous:Defend_Luminous","Luminous:Defend_Luminous","Luminous:Defend_Luminous","Luminous:Switch_Luminous+1","Luminous:Light_Wash_Luminous+1","Luminous:Mana_Well_Luminous+1","Ghostly+1","Luminous:Dark_Raid+1","Luminous:Light_Gather+1","Luminous:Light_Glare+1","Luminous:Armageddon_Luminous+1","Luminous:Dark_Apocalypse+1","Luminous:Flash_Blink_Luminous+1","Luminous:Light_Glare+1","Luminous:Dark_Extract+1","Luminous:Mirror_Force_Luminous+1","Luminous:Phantom_Treasure_Luminous+1","Luminous:Dark_Apocalypse+1","Luminous:Magic_Accelerate_Luminous+1","Luminous:Dark_Pressure_Void","Luminous:Phantom_Treasure_Luminous+1","Luminous:Armageddon_Luminous+1","Luminous:Dark_Morning_Star"],"relics":["Luminous:MirrorRelic","REME_ComplimentaryCards","Ice Cream","Dota2Spire:BladeMail","CeramicFish","Odd Mushroom","Letter Opener","PlaceholderMod:LiveLive","Boot","Tiny Chest","Bronze Scales","MutagenicStrength","Dota2Spire:Bloodstone","REME_PuzzleBoxRelic","Dota2Spire:OctarineCore","ats:Originium","Ancient Tea Set","Dota2Spire:LotusOrb","Bag of Preparation","Regal Pillow","Blood Vial"],"acts_visited":["Exordium","TheCity","TheBeyond"],"potions_floor_usage":[16,18,31,33,33,33,33,33,41,41,41,41,41,41],"damage_taken":[{"damage":2.0,"enemies":"2 Louse","floor":1.0,"turns":3.0},{"damage":0.0,"enemies":"Small Slimes","floor":4.0,"turns":4.0},{"damage":0.0,"enemies":"Cultist","floor":5.0,"turns":3.0},{"damage":9.0,"enemies":"Exordium Thugs","floor":10.0,"turns":5.0},{"damage":12,"enemies":"The Mushroom Lair","floor":12,"turns":5},{"damage":2,"enemies":"Hexaghost","floor":16,"turns":9},{"damage":10,"enemies":"3 Byrds","floor":18,"turns":7},{"damage":4,"enemies":"Shell Parasite","floor":22,"turns":5},{"damage":0,"enemies":"Snecko","floor":31,"turns":4},{"damage":0,"enemies":"Collector","floor":33,"turns":7},{"damage":18,"enemies":"3 Shapes","floor":35,"turns":5},{"damage":0,"enemies":"Orb Walker","floor":36,"turns":3},{"damage":0,"enemies":"Mind Bloom Boss Battle","floor":39,"turns":3},{"damage":1,"enemies":"Nemesis","floor":40,"turns":5},{"damage":4,"enemies":"Reptomancer","floor":41,"turns":5},{"damage":0,"enemies":"Giant Head","floor":45,"turns":11},{"damage":0,"enemies":"Nemesis","floor":46,"turns":6},{"damage":0,"enemies":"Sphere and 2 Shapes","floor":47,"turns":3},{"damage":57,"enemies":"Awakened One","floor":50,"turns":17}],"seed_played":"1896686725635828825","potions_obtained":[{"floor":1.0,"key":"REME_GoldPotion"},{"floor":4.0,"key":"AttackPotion"},{"floor":5.0,"key":"Dexterity Potion"},{"floor":18,"key":"EntropicBrew"},{"floor":22,"key":"Fire Potion"},{"floor":35,"key":"EntropicBrew"},{"floor":36,"key":"PlaceholderMod:PlaceholderPotion"},{"floor":40,"key":"Explosive Potion"},{"floor":47,"key":"Dota2Spire:HealingSalve"}],"is_trial":true,"path_per_floor":["M","?","?","M","M","R","R","T","T","M","R","?","R","T","R","B",null,"M","?","$","?","M","R","R","R","T","$","R","?","?","M","R","B",null,"M","M","T","$","?","E","E","?","T","R","E","E","M","T","R","B",null],"character_chosen":"LuminousClass","items_purchased":["Boot","Luminous:Flash_Blink_Luminous","Bronze Scales"],"campfire_rested":0,"item_purchase_floors":[20,20,27],"current_hp_per_floor":[73,73,75,75,75,75,75,75,75,66,66,54,54,54,54,52,75,65,65,65,65,61,61,61,61,61,61,61,61,61,61,61,75,75,57,57,57,57,57,71,67,67,67,67,67,75,75,75,75,30],"gold":535,"neow_bonus":"","is_daily":false,"chose_seed":false,"campfire_upgraded":12,"win_rate":0.0,"timestamp":1609248556,"path_taken":["M","?","?","M","?","R","R","?","T","M","R","?","R","?","R","BOSS","M","?","$","?","M","R","R","R","T","$","R","?","?","?","R","BOSS","M","M","?","$","?","E","E","?","T","R","E","E","?","?","R","BOSS"],"items_purchased_type":["Relic","Card","Relic"],"build_version":"2020-12-22","purchased_purges":0,"victory":true,"max_hp_per_floor":[75,75,75,75,75,75,75,75,75,75,75,75,75,75,75,75,75,75,75,75,75,75,75,75,75,75,75,75,75,75,75,75,75,75,75,75,75,75,75,75,75,75,75,75,75,75,75,75,75,75],"card_choices":[{"not_picked":["Luminous:Sympathy_Luminous","Luminous:Light_Wash_Luminous"],"picked":"Luminous:Mana_Well_Luminous","floor":1.0},{"not_picked":["Luminous:Magic_Boost_Luminous","Luminous:Concentrate_Luminous"],"picked":"Luminous:Dark_Raid","floor":4.0},{"not_picked":["Luminous:Light_Disperse","Luminous:Mana_Overload_Luminous"],"picked":"Luminous:Light_Gather","floor":5.0},{"not_picked":["Luminous:Concentrate_Luminous","Luminous:Dark_Raid","Luminous:Magic_Boost_Luminous"],"picked":"SKIP","floor":10.0},{"not_picked":["Luminous:Tune_Luminous","Luminous:Accumulation_Luminous"],"picked":"Luminous:Light_Glare","floor":12},{"not_picked":["Luminous:Dark_Crescendo_Luminous","Luminous:Balance_Aether_Conduit"],"picked":"Luminous:Armageddon_Luminous","floor":16},{"not_picked":["Luminous:Lights_Protection_Luminous+1","Luminous:Blinding_Pillar_Luminous+1"],"picked":"Luminous:Dark_Apocalypse","floor":18},{"not_picked":["Luminous:Magic_Guard_Luminous","Luminous:Shadow_Shell_Luminous"],"picked":"Luminous:Light_Glare+1","floor":22},{"not_picked":["Luminous:Magic_Accelerate_Luminous","Luminous:Light_Sylvan_Lance"],"picked":"Luminous:Dark_Extract+1","floor":31},{"not_picked":["Luminous:Balance_Baptism","Luminous:Erosion_Luminous"],"picked":"Luminous:Mirror_Force_Luminous","floor":33},{"not_picked":["Luminous:Abyss_Heart_Luminous+1","Luminous:Chase_Spell_Luminous"],"picked":"Luminous:Phantom_Treasure_Luminous+1","floor":35},{"not_picked":["Luminous:Blinding_Pillar_Luminous","Luminous:Accumulation_Luminous"],"picked":"Luminous:Dark_Apocalypse","floor":36},{"not_picked":["Luminous:Light_Wash_Luminous+1","Luminous:Light_Glare"],"picked":"Luminous:Magic_Accelerate_Luminous+1","floor":39},{"not_picked":["Luminous:Concentrate_Luminous","Luminous:Dark_Dim_Erosion+1"],"picked":"Luminous:Dark_Pressure_Void","floor":40},{"not_picked":["Luminous:Fast_Spell_Luminous+1","Luminous:Dusk_Guard_Luminous"],"picked":"Luminous:Phantom_Treasure_Luminous+1","floor":41},{"not_picked":["Luminous:Magic_Guard_Luminous","Luminous:Shadow_Shell_Luminous+1","Luminous:Dark_Dim_Erosion"],"picked":"SKIP","floor":45},{"not_picked":["Luminous:Hero_Will_Luminous+1","Luminous:Light_Glare+1","Luminous:Light_Track"],"picked":"SKIP","floor":46},{"not_picked":["Luminous:Concentrate_Luminous","Luminous:Accumulation_Luminous"],"picked":"Luminous:Dark_Morning_Star","floor":47}],"player_experience":98770,"relics_obtained":[{"floor":8.0,"key":"Dota2Spire:BladeMail"},{"floor":9.0,"key":"CeramicFish"},{"floor":12,"key":"Odd Mushroom"},{"floor":14,"key":"Letter Opener"},{"floor":26,"key":"Tiny Chest"},{"floor":37,"key":"REME_PuzzleBoxRelic"},{"floor":39,"key":"Dota2Spire:OctarineCore"},{"floor":40,"key":"ats:Originium"},{"floor":40,"key":"Ancient Tea Set"},{"floor":41,"key":"ats:Originium"},{"floor":41,"key":"Dota2Spire:LotusOrb"},{"floor":43,"key":"Bag of Preparation"},{"floor":45,"key":"ats:Originium"},{"floor":45,"key":"Regal Pillow"},{"floor":48,"key":"Blood Vial"}],"event_choices":[{"damage_healed":0.0,"max_hp_gain":0.0,"max_hp_loss":0.0,"gold_gain":0.0,"event_name":"conspire:LoneGhost","player_choice":"Argue","floor":2.0,"gold_loss":0.0,"damage_taken":0.0},{"damage_healed":2.0,"max_hp_gain":0.0,"max_hp_loss":0.0,"gold_gain":0.0,"event_name":"Wheel of Change","player_choice":"Full Heal","floor":3.0,"gold_loss":0.0,"damage_taken":0.0},{"damage_healed":0,"gold_gain":0,"player_choice":"Fought Mushrooms","damage_taken":0,"max_hp_gain":0,"max_hp_loss":0,"event_name":"Mushrooms","floor":12,"gold_loss":0},{"damage_healed":0,"gold_gain":0,"player_choice":"Leave","damage_taken":0,"max_hp_gain":0,"max_hp_loss":0,"event_name":"conspire:Investor","floor":19,"gold_loss":0},{"damage_healed":0,"gold_gain":0,"player_choice":"Ignored","damage_taken":0,"max_hp_gain":0,"max_hp_loss":0,"event_name":"Vampires","floor":21,"gold_loss":0},{"damage_healed":0,"gold_gain":0,"player_choice":"Inject Mutagens","damage_taken":0,"relics_obtained":["MutagenicStrength"],"max_hp_gain":0,"max_hp_loss":0,"event_name":"Drug Dealer","floor":29,"gold_loss":0},{"damage_healed":0,"gold_gain":0,"player_choice":"Got Potions","damage_taken":0,"max_hp_gain":0,"max_hp_loss":0,"event_name":"Lab","floor":30,"gold_loss":0},{"damage_healed":0,"gold_gain":0,"player_choice":"Fight","damage_taken":0,"max_hp_gain":0,"max_hp_loss":0,"event_name":"MindBloom","floor":39,"gold_loss":0},{"damage_healed":0,"gold_gain":0,"player_choice":"Copied","damage_taken":0,"max_hp_gain":0,"max_hp_loss":0,"event_name":"Duplicator","floor":42,"gold_loss":0,"cards_obtained":["Luminous:Armageddon_Luminous"]}],"is_beta":false,"boss_relics":[{"not_picked":["REME_DuelDisc","Snecko Eye"],"picked":"PlaceholderMod:LiveLive"},{"not_picked":["Sozu","Coffee Dripper"],"picked":"Dota2Spire:Bloodstone"}],"items_purged_floors":[],"is_endless":false,"potions_floor_spawned":[1,4,5,18,22,35,36,40,47],"ascension_level":0}}