{"host":"97k5lqmr6aaz1p9r","time":1609258918,"event":{"mods":["BaseMod","Colored Map","Downfall","Jorbs\u0027s Wanderer Trilogy","Minty Spire (QoL Compilation)","StSLib"],"gold_per_floor":[99,99,99,99,99,130,130,161,172,172,192,117,117,117,133,236,236,161,181,181,198,142,142,142,142,49,60,60,72,72,100,117,220,220,145,161,161,251,261,261,261,261,300,311,311,344,344,344,359,359,359,387,96,96,96],"floor_reached":56,"playtime":6270,"items_purged":[],"score":1199,"play_id":"c131547d-2a28-4b9a-9034-256d053935ac","local_time":"20201229162158","is_ascension_mode":false,"campfire_choices":[{"data":"sneckomod:SnekBite","floor":1,"key":"SMITH"},{"floor":12,"key":"RECALL"},{"data":"sneckomod:WideSting","floor":18,"key":"SMITH"},{"floor":30,"key":"REST"},{"floor":35,"key":"REST"},{"data":"sneckomod:Bewildered","floor":42,"key":"PURGE"},{"floor":45,"key":"REST"},{"floor":47,"key":"REST"},{"floor":54,"key":"REST"}],"circlet_count":0,"master_deck":["sneckomod:Defend","sneckomod:Defend","sneckomod:Defend","sneckomod:TailWhip","sneckomod:SnekBite+1","sneckomod:Unknown","sneckomod:Unknown+1","sneckomod:SerpentIdol","sneckomod:UnknownWeak+2","sneckomod:DiceBlock","sneckomod:TrashToTreasure","sneckomod:UnknownClassTHE_CHAMP_GRAY","sneckomod:WideSting+1","sneckomod:UnknownClassTHE_CHAMP_GRAY","sneckomod:UnknownRareSkill","sneckomod:UnknownRarePower","sneckomod:RainOfDice+1","sneckomod:QuickMove","sneckomod:QuickBite","sneckomod:CheapStock","Shame","Doubt","sneckomod:ImprovisedAttack+1","sneckomod:MasterEye","sneckomod:UnknownClassRED+1","sneckomod:SoulRoll+1","sneckomod:UnknownVulnerable+1","sneckomod:Restock+1","sneckomod:Nope+1","sneckomod:SlitherStrike+1","Guardian:Aged","sneckomod:MasterEye+1","sneckomod:Mudshield","sneckomod:UnknownUncommonSkill+1","sneckomod:UnknownClassSLIMEBOUND+1","stsjorbsmod:Procrastination","sneckomod:UnknownCommonSkill+1","sneckomod:Unknown2Cost+1"],"relics":["sneckomod:SneckoSoul","downfall:HeartsMalice","Blue Candle","Kunai","Pear","Odd Mushroom","downfall:HeartBlessingGreen","HornCleat","Cursed Key","downfall:HeartBlessingRed","Juzu Bracelet","Toxic Egg 2","Toy Ornithopter","Fusion Hammer","downfall:HeartBlessingBlue","Mummified Hand","Peace Pipe","InkBottle","Letter Opener","Shuriken"],"acts_visited":["Exordium","TheCity","TheBeyond","TheEnding"],"potions_floor_usage":[8,16,22,22,22,22,22,33,33,46,55],"damage_taken":[{"damage":0,"enemies":"Small Slimes","floor":2,"turns":1},{"damage":0,"enemies":"Cultist","floor":4,"turns":1},{"damage":0,"enemies":"2 Louse","floor":5,"turns":1},{"damage":9,"enemies":"Lagavulin","floor":6,"turns":6},{"damage":9,"enemies":"3 Sentries","floor":8,"turns":5},{"damage":3,"enemies":"Blue Slaver","floor":9,"turns":4},{"damage":8,"enemies":"The Mushroom Lair","floor":11,"turns":4},{"damage":0,"enemies":"Large Slime","floor":15,"turns":6},{"damage":15,"enemies":"downfall:Watcher","floor":16,"turns":6},{"damage":2,"enemies":"Shell Parasite","floor":19,"turns":4},{"damage":0,"enemies":"Spheric Guardian","floor":21,"turns":5},{"damage":7,"enemies":"downfall:FleeingMerchant","floor":22,"turns":5},{"damage":2,"enemies":"downfall:FleeingMerchant","floor":26,"turns":4},{"damage":14,"enemies":"Shelled Parasite and Fungi","floor":27,"turns":5},{"damage":19,"enemies":"Cultist and Chosen","floor":29,"turns":8},{"damage":5,"enemies":"Gremlin Leader","floor":31,"turns":8},{"damage":41,"enemies":"3 Cultists","floor":32,"turns":7},{"damage":31,"enemies":"downfall:Silent","floor":33,"turns":7},{"damage":8,"enemies":"3 Shapes","floor":36,"turns":4},{"damage":0,"enemies":"downfall:FleeingMerchant","floor":38,"turns":1},{"damage":9,"enemies":"3 Darklings","floor":39,"turns":4},{"damage":10,"enemies":"Transient","floor":40,"turns":3},{"damage":2,"enemies":"Maw","floor":43,"turns":6},{"damage":22,"enemies":"Spire Growth","floor":44,"turns":5},{"damage":53,"enemies":"Nemesis","floor":46,"turns":5},{"damage":10,"enemies":"Transient","floor":49,"turns":5},{"damage":45,"enemies":"downfall:Defect","floor":50,"turns":6},{"damage":100,"enemies":"downfall:CharBossMerchant","floor":52,"turns":10},{"damage":48,"enemies":"downfall:NeowBoss","floor":55,"turns":17}],"seed_played":"-6035678600943315461","potions_obtained":[{"floor":3,"key":"hexamod:EctoCoolerPotion"},{"floor":3,"key":"Swift Potion"},{"floor":3,"key":"EntropicBrew"},{"floor":6,"key":"Explosive Potion"},{"floor":11,"key":"champ:CounterPotion"},{"floor":15,"key":"sneckomod:OffclassReductionPotion"},{"floor":21,"key":"BlessingOfTheForge"},{"floor":27,"key":"sneckomod:OffclassReductionPotion"},{"floor":28,"key":"CultistPotion"},{"floor":33,"key":"PowerPotion"},{"floor":36,"key":"SteroidPotion"}],"is_trial":false,"path_per_floor":["R","M","?","M","M","E","T","E","M","?","?","R","T","?","M","B",null,"R","M","?","M","$","?","T","T","$","M","?","M","R","E","M","B",null,"R","M","?","$","M","M","T","R","M","M","R","E","R","?","M","B",null,"E","$","R","B",null],"character_chosen":"THE_SNECKO","items_purchased":["sneckomod:CheapStock","sneckomod:MasterEye","Mummified Hand","Shuriken","sneckomod:MuddlingPotion"],"campfire_rested":5,"item_purchase_floors":[22,26,38,53,53],"current_hp_per_floor":[90,90,90,91,91,82,82,84,81,81,74,74,74,74,75,61,105,105,103,82,82,82,82,82,82,80,77,77,58,91,86,50,29,112,122,114,114,114,105,95,95,95,93,73,109,70,106,107,104,61,125,30,30,67,26],"gold":96,"neow_bonus":"THREE_ENEMY_KILL","is_daily":false,"chose_seed":false,"campfire_upgraded":2,"win_rate":0.0,"timestamp":1609258918,"path_taken":["R","M","?","?","M","E","T","E","M","?","?","R","?","?","M","BOSS","R","M","?","M","$","?","T","?","$","M","?","M","R","E","M","BOSS","R","M","?","$","M","M","T","R","M","M","R","E","R","?","M","BOSS","E","$","R","BOSS"],"items_purchased_type":["Card","Card","Relic","Relic","Potion"],"build_version":"2020-12-22","purchased_purges":0,"victory":true,"max_hp_per_floor":[90,90,90,91,91,91,91,102,102,102,103,103,103,103,104,105,105,105,105,110,110,110,110,110,110,110,111,111,111,111,111,112,112,112,122,122,122,122,122,122,122,122,122,122,122,123,123,124,125,125,125,126,126,126,128],"card_choices":[{"not_picked":["sneckomod:DiceBoulder","sneckomod:UnknownCommonSkill"],"picked":"sneckomod:SerpentIdol","floor":2},{"not_picked":["sneckomod:UnknownBlock","sneckomod:UnknownCommonAttack"],"picked":"sneckomod:UnknownWeak","floor":4},{"not_picked":["sneckomod:IronFang","sneckomod:ImprovisedAttack"],"picked":"sneckomod:DiceBlock","floor":5},{"not_picked":["sneckomod:Nope","sneckomod:DiceBlock"],"picked":"sneckomod:TrashToTreasure","floor":6},{"not_picked":["sneckomod:SoulRoll","sneckomod:SoulCleanse"],"picked":"sneckomod:UnknownClassTHE_CHAMP_GRAY","floor":8},{"not_picked":["sneckomod:Unknown1Cost","sneckomod:SoulDraw"],"picked":"sneckomod:WideSting","floor":9},{"not_picked":["sneckomod:SoulDraw","sneckomod:WideSting"],"picked":"sneckomod:UnknownClassTHE_CHAMP_GRAY","floor":11},{"not_picked":["sneckomod:SlitherStrike","sneckomod:UnknownVulnerable"],"picked":"sneckomod:UnknownRareSkill","floor":15},{"not_picked":["sneckomod:SoulExchange","sneckomod:Unknown3Cost"],"picked":"sneckomod:UnknownRarePower","floor":16},{"not_picked":["sneckomod:Unknown2Cost","sneckomod:SoulCleanse"],"picked":"sneckomod:RainOfDice+1","floor":19},{"not_picked":["sneckomod:DiceBoulder","sneckomod:SerpentIdol"],"picked":"sneckomod:QuickMove","floor":21},{"not_picked":["sneckomod:SerpentIdol+1","sneckomod:Unknown0Cost"],"picked":"sneckomod:QuickBite","floor":22},{"not_picked":["sneckomod:UnknownClassSLIMEBOUND+1","sneckomod:SoulCleanse+1"],"picked":"sneckomod:ImprovisedAttack+1","floor":26},{"not_picked":["sneckomod:QuickBite","sneckomod:WideSting"],"picked":"sneckomod:UnknownClassRED+1","floor":27},{"not_picked":["sneckomod:DiceBlock+1","sneckomod:SoulDraw+1"],"picked":"sneckomod:SoulRoll+1","floor":29},{"not_picked":["sneckomod:IronFang","sneckomod:SoulRoll+1","sneckomod:UnknownStrike+1"],"picked":"SKIP","floor":31},{"not_picked":["sneckomod:UnknownCommonSkill+1","sneckomod:Unknown1Cost+1"],"picked":"sneckomod:UnknownVulnerable+1","floor":32},{"not_picked":["sneckomod:UnknownRareSkill+1","sneckomod:SoulExchange+1"],"picked":"sneckomod:Restock+1","floor":33},{"not_picked":["sneckomod:UnknownCommonSkill+1","sneckomod:SoulDraw+1"],"picked":"sneckomod:Nope+1","floor":36},{"not_picked":["sneckomod:Unknown1Cost+1","sneckomod:UnknownCommonAttack","sneckomod:SoulCleanse+1"],"picked":"SKIP","floor":38},{"not_picked":["sneckomod:DiceBlock+1","sneckomod:QuickBite+1"],"picked":"sneckomod:SlitherStrike+1","floor":39},{"not_picked":["sneckomod:UnknownClassSLIMEBOUND+1","sneckomod:Nope+1"],"picked":"sneckomod:MasterEye+1","floor":43},{"not_picked":["sneckomod:IronFang","sneckomod:UnknownClassPURPLE+1"],"picked":"sneckomod:Mudshield","floor":44},{"not_picked":["sneckomod:UnknownStrike","sneckomod:SerpentIdol+1"],"picked":"sneckomod:UnknownUncommonSkill+1","floor":46},{"not_picked":["sneckomod:UnknownUncommonPower","sneckomod:SoulDraw+1"],"picked":"sneckomod:UnknownCommonSkill+1","floor":49},{"not_picked":["sneckomod:UnknownX+1","sneckomod:UnknownVulnerable+1"],"picked":"sneckomod:Unknown2Cost+1","floor":52}],"player_experience":557278,"relics_obtained":[{"floor":6,"key":"Blue Candle"},{"floor":7,"key":"Kunai"},{"floor":8,"key":"Pear"},{"floor":11,"key":"Odd Mushroom"},{"floor":13,"key":"HornCleat"},{"floor":24,"key":"Toxic Egg 2"},{"floor":31,"key":"Toy Ornithopter"},{"floor":41,"key":"Peace Pipe"},{"floor":46,"key":"InkBottle"},{"floor":52,"key":"Letter Opener"}],"event_choices":[{"damage_healed":0,"gold_gain":0,"player_choice":"Got Potions","damage_taken":0,"max_hp_gain":0,"max_hp_loss":0,"event_name":"Lab","floor":3,"gold_loss":0},{"cards_removed":["sneckomod:Strike"],"damage_healed":0,"gold_gain":0,"player_choice":"Card Removal","damage_taken":0,"max_hp_gain":0,"max_hp_loss":0,"event_name":"The Cleric","floor":10,"gold_loss":0},{"damage_healed":0,"gold_gain":0,"player_choice":"Fought Mushrooms","damage_taken":0,"max_hp_gain":0,"max_hp_loss":0,"event_name":"Mushrooms","floor":11,"gold_loss":0},{"damage_healed":0,"gold_gain":0,"player_choice":"Stole Relic","damage_taken":0,"relics_obtained":["Juzu Bracelet"],"max_hp_gain":0,"max_hp_loss":0,"event_name":"Addict","floor":23,"gold_loss":0,"cards_obtained":["Shame"]},{"damage_healed":0,"gold_gain":0,"cards_transformed":["sneckomod:Strike"],"player_choice":"Transformed","damage_taken":0,"max_hp_gain":0,"max_hp_loss":0,"event_name":"Transmorgrifier","floor":48,"gold_loss":0,"cards_obtained":["sneckomod:UnknownClassSLIMEBOUND"]}],"is_beta":false,"boss_relics":[{"not_picked":["Runic Pyramid","Black Star"],"picked":"Cursed Key"},{"not_picked":["Calling Bell","Runic Dome"],"picked":"Fusion Hammer"}],"items_purged_floors":[],"is_endless":false,"potions_floor_spawned":[6,11,15,21,27,29,33,36,39,43],"ascension_level":0}}