{"host":"etr9f2q07ig588e0","time":1609266326,"event":{"mods":["BaseMod","Downfall","Googly Eyes","Hubris","Minty Spire (QoL Compilation)","Replay The Spire","StSLib","SuperFastMode"],"gold_per_floor":[116,132,132,96,96,131,131,156,179,179,190,40,40,15,15,129,129,164,164,200,200,200,247,279,279,279,279,320,369,369,397,397,516,516,538,571,640,640,706,739,739,739,739,783,783,783,783,165,165,195],"floor_reached":51,"playtime":2221,"items_purged":["Looming Evil"],"score":739,"play_id":"1ce09077-ce60-4036-9f3c-39b7714d2a33","local_time":"20201229212526","is_ascension_mode":false,"campfire_choices":[{"floor":7,"key":"REST"},{"floor":10,"key":"REST"},{"floor":13,"key":"REST"},{"data":"Backflip","floor":15,"key":"SMITH"},{"floor":27,"key":"REST"},{"floor":30,"key":"REST"},{"data":"Footwork","floor":32,"key":"SMITH"},{"floor":41,"key":"REST"},{"floor":45,"key":"REST"},{"floor":49,"key":"REST"}],"circlet_count":0,"master_deck":["Strike_G","Strike_G","Strike_G","Defend_G","Defend_G+1","Defend_G","Defend_G","Survivor","Neutralize","Choke+1","Flying Knee","Sucker Punch+1","Backflip+1","Unload+1","Slice+1","Finisher+1","Cloak And Dagger","Adrenaline","Venomology+1","Phantasmal Killer+1","Footwork+1","Backstab+1","Predator+1","ReplayTheSpireMod:Speed Training","Dodge and Roll+1","Footwork+1","Sucker Punch+1","Slice+1","Phantasmal Killer","Dodge and Roll","Quick Slash+1","Cloak And Dagger","Blade Dance+1","Dagger Spray+1","Accuracy","Footwork","hubris:DuctTapeCard","Madness","Madness","Apotheosis","Atom Bomb+1","Atom Bomb+1","Dagger Throw+1"],"relics":["Black Star","Molten Egg 2","Tiny Chest","Replay:Bottled Flurry","Mirror","Potion Belt","Replay:Bandana","Astrolabe","hubris:Reverence","hubris:DeckOfHolding","Vajra","Iron Hammer","Pet Ghost","Toy Ornithopter","Replay:Ancient Bell","Akabeko","HornCleat","hubris:Teleporter","Durian","Quantum Egg","Prayer Wheel","Kunai","hubris:DuctTape","HandDrill"],"acts_visited":["Exordium","TheCity","TheBeyond"],"potions_floor_usage":[6,18,23,24,29,29,33,33,33,37,40,40,40,50,50,50,50],"damage_taken":[{"damage":6,"enemies":"Jaw Worm","floor":1,"turns":6},{"damage":6,"enemies":"2 Louse","floor":2,"turns":3},{"damage":20,"enemies":"Gremlin Nob","floor":6,"turns":5},{"damage":20,"enemies":"Lagavulin","floor":8,"turns":7},{"damage":0,"enemies":"Cultist","floor":11,"turns":3},{"damage":28,"enemies":"Fading Forest","floor":16,"turns":11},{"damage":8,"enemies":"Spheric Guardian","floor":18,"turns":4},{"damage":12,"enemies":"3 Byrds","floor":20,"turns":5},{"damage":21,"enemies":"Slavers","floor":23,"turns":5},{"damage":0,"enemies":"Snecko","floor":24,"turns":4},{"damage":0,"enemies":"Cultist and Chosen","floor":28,"turns":4},{"damage":3,"enemies":"Book of Stabbing","floor":29,"turns":3},{"damage":8,"enemies":"Shelled Parasite and Fungi","floor":31,"turns":7},{"damage":22,"enemies":"Champ","floor":33,"turns":9},{"damage":1,"enemies":"Orb Walker","floor":35,"turns":3},{"damage":9,"enemies":"3 Shapes","floor":36,"turns":5},{"damage":30,"enemies":"2 Orb Walkers","floor":37,"turns":5},{"damage":0,"enemies":"Mind Bloom Boss Battle","floor":39,"turns":9},{"damage":37,"enemies":"Transient","floor":40,"turns":5},{"damage":4,"enemies":"Sphere and 2 Shapes","floor":44,"turns":3},{"damage":77,"enemies":"Awakened One","floor":50,"turns":19}],"seed_played":"2681844067918802660","potions_obtained":[{"floor":1,"key":"Dexterity Potion"},{"floor":2,"key":"Elixir"},{"floor":16,"key":"sneckomod:MuddlingPotion"},{"floor":18,"key":"DistilledChaos"},{"floor":23,"key":"AttackPotion"},{"floor":33,"key":"CunningPotion"},{"floor":39,"key":"Block Potion"},{"floor":40,"key":"Fruit Juice"}],"is_trial":false,"path_per_floor":["M","M","?","$","?","E","R","E","T","R","M","$","R","$","R","B",null,"M","?","M","?","T","E","M","?","T","R","M","E","R","M","R","B",null,"M","M","?","T","?","M","R","?","T","M","R","T","?","$","R","B",null],"character_chosen":"THE_SILENT","items_purchased":["Sucker Punch+1","Replay:Bandana","Cloak And Dagger","Apotheosis","HandDrill","Atom Bomb+1","SpeedPotion","Dagger Throw+1"],"campfire_rested":8,"item_purchase_floors":[4,12,14,48,48,48,48,48],"current_hp_per_floor":[64,58,44,44,44,24,45,25,25,46,46,46,67,67,67,42,70,62,62,50,50,50,29,29,29,29,50,50,47,68,60,60,53,70,69,60,40,40,40,23,47,47,47,43,67,67,57,57,80,18],"gold":195,"neow_bonus":"BOSS_RELIC","is_daily":false,"chose_seed":false,"campfire_upgraded":2,"win_rate":0.0,"timestamp":1609266326,"path_taken":["M","M","?","$","?","E","R","E","T","R","M","?","R","$","R","BOSS","M","?","M","?","?","E","M","?","T","R","?","E","R","M","R","BOSS","M","M","?","?","?","M","R","?","T","?","R","?","?","$","R","BOSS"],"items_purchased_type":["Card","Relic","Card","Card","Relic","Card","Potion","Card"],"build_version":"2020-12-22","purchased_purges":1,"victory":true,"max_hp_per_floor":[70,70,70,70,70,70,70,70,70,70,70,70,70,70,70,70,70,70,70,70,70,70,70,70,70,70,70,70,70,70,70,70,70,70,70,70,75,75,75,80,80,80,80,80,80,80,80,80,80,80],"card_choices":[{"not_picked":["Deflect","ReplayTheSpireMod:Speed Training"],"picked":"Choke","floor":1},{"not_picked":["Dodge and Roll","Setup"],"picked":"Flying Knee","floor":2},{"not_picked":["Deflect","Calculated Gamble"],"picked":"Unload+1","floor":6},{"not_picked":["Bane+1","ReplayTheSpireMod:Exploit Weakness"],"picked":"Slice+1","floor":8},{"not_picked":["Blade Dance","Skewer+1"],"picked":"Finisher+1","floor":11},{"not_picked":["Poison Darts","Replay:Bag of Tricks"],"picked":"Adrenaline","floor":16},{"not_picked":["Quick Slash+1","Expertise+1"],"picked":"Backstab+1","floor":18},{"not_picked":["Dagger Throw+1","Dodge and Roll"],"picked":"Predator+1","floor":20},{"not_picked":["Tools of the Trade","Choke+1"],"picked":"ReplayTheSpireMod:Speed Training","floor":23},{"not_picked":["Finisher+1","Expertise+1"],"picked":"Dodge and Roll+1","floor":24},{"not_picked":["hubris:SlightOfHand","Endless Agony+1"],"picked":"Footwork","floor":28},{"not_picked":["Prepared","Dagger Throw+1"],"picked":"Sucker Punch+1","floor":29},{"not_picked":["Prepared","Grand Finale+1"],"picked":"Slice+1","floor":31},{"not_picked":["Wraith Form v2","Storm of Steel"],"picked":"Phantasmal Killer","floor":33},{"not_picked":["Slimebound:Icky","hubris:Disease"],"picked":"ReplayTheSpireMod:Faulty Equipment","floor":34},{"not_picked":["hubris:Despair","sneckomod:Bewildered"],"picked":"Sickly","floor":34},{"not_picked":["ReplayTheSpireMod:Restless Dread","Decay"],"picked":"Looming Evil","floor":34},{"not_picked":["Well Laid Plans","Draining Mist+1","Replay:Poison Smokescreen+1"],"picked":"SKIP","floor":35},{"not_picked":["Outmaneuver+1","Wraith Form v2"],"picked":"Dodge and Roll","floor":36},{"not_picked":["Sucker Punch+1","Bane+1"],"picked":"Quick Slash+1","floor":37},{"not_picked":["Poisoned Stab+1","Sucker Punch+1"],"picked":"Cloak And Dagger","floor":39},{"not_picked":["Phantasmal Killer","Replay:Poison Smokescreen+1"],"picked":"Blade Dance+1","floor":40},{"not_picked":["Choke+1","Bouncing Flask"],"picked":"Dagger Spray+1","floor":40},{"not_picked":["Dagger Throw+1","Backflip+1"],"picked":"Accuracy","floor":44},{"not_picked":["Underhanded Strike+1","Deflect"],"picked":"Footwork","floor":44}],"player_experience":418880,"relics_obtained":[{"floor":6,"key":"Molten Egg 2"},{"floor":6,"key":"Tiny Chest"},{"floor":8,"key":"Replay:Bottled Flurry"},{"floor":8,"key":"Mirror"},{"floor":9,"key":"Potion Belt"},{"floor":22,"key":"hubris:Reverence"},{"floor":23,"key":"hubris:DeckOfHolding"},{"floor":23,"key":"Vajra"},{"floor":26,"key":"Iron Hammer"},{"floor":29,"key":"Pet Ghost"},{"floor":29,"key":"Toy Ornithopter"},{"floor":37,"key":"Durian"},{"floor":38,"key":"Quantum Egg"},{"floor":39,"key":"Prayer Wheel"},{"floor":43,"key":"Kunai"},{"floor":46,"key":"hubris:DuctTape"}],"event_choices":[{"damage_healed":0,"gold_gain":0,"player_choice":"Entered Light","damage_taken":14,"max_hp_gain":0,"max_hp_loss":0,"event_name":"Shining Light","floor":3,"gold_loss":0,"cards_upgraded":["Defend_G","Choke"]},{"damage_healed":0,"gold_gain":0,"player_choice":"Ignored","damage_taken":0,"max_hp_gain":0,"max_hp_loss":0,"event_name":"Vampires","floor":19,"gold_loss":0},{"damage_healed":0,"gold_gain":0,"player_choice":"Ignored","damage_taken":0,"max_hp_gain":0,"max_hp_loss":0,"event_name":"Purifier","floor":21,"gold_loss":0},{"damage_healed":0,"gold_gain":0,"player_choice":"Leave","damage_taken":0,"max_hp_gain":0,"max_hp_loss":0,"event_name":"FaceTrader","floor":25,"gold_loss":0},{"damage_healed":0,"gold_gain":0,"player_choice":"Fight","damage_taken":0,"max_hp_gain":0,"max_hp_loss":0,"event_name":"Mysterious Sphere","floor":37,"gold_loss":0},{"damage_healed":0,"gold_gain":0,"player_choice":"Fight","damage_taken":0,"max_hp_gain":0,"max_hp_loss":0,"event_name":"MindBloom","floor":39,"gold_loss":0},{"damage_healed":0,"gold_gain":0,"player_choice":"Embrace Madness","damage_taken":10,"max_hp_gain":0,"max_hp_loss":0,"event_name":"Winding Halls","floor":47,"gold_loss":0,"cards_obtained":["Madness","Madness"]}],"is_beta":false,"boss_relics":[{"not_picked":["HoveringKite","Replay:Grab Bag"],"picked":"Astrolabe"},{"not_picked":["Painkiller Herb","Ring of Chaos"],"picked":"Replay:Ancient Bell"},{"not_picked":["Anchor","Blue Doll"],"picked":"Akabeko"},{"not_picked":["Ornamental Fan","Mercury Hourglass"],"picked":"HornCleat"},{"not_picked":["Mango","hubris:BundleOfHerbs"],"picked":"hubris:Teleporter"}],"items_purged_floors":[48],"is_endless":false,"potions_floor_spawned":[1,2,16,18,23,33,36,39,40],"ascension_level":0}}