{"host":"gj32n68c553yo87c","time":1609204239,"event":{"mods":["BaseMod","Downfall","Minty Spire (QoL Compilation)","Replay The Spire","StSLib","The Cursed"],"gold_per_floor":[111,131,131,131,143,174,185,216,243,243,278,297,111,111,111,209,209,223,233,248,117,117,117,137,167,167,167,167,167,184,212,212,308,308,325,325,77,77,77,77,93,112,112,112,62,73,88,100,100,100,100,100,75,109,109],"floor_reached":56,"playtime":3325,"items_purged":["TheCursedMod:EmpowerCircles","expansioncontent:QuickStudy"],"score":1538,"play_id":"eb464470-18b1-40dd-8dc7-1c945d10c4ca","local_time":"20201228171039","is_ascension_mode":true,"campfire_choices":[{"data":"TheCursedMod:CircleOfFocus","floor":10.0,"key":"SMITH"},{"floor":15.0,"key":"REST"},{"data":"TheCursedMod:CircleOfWindfury","floor":23.0,"key":"SMITH"},{"floor":28.0,"key":"REST"},{"floor":32.0,"key":"REST"},{"data":"TheCursedMod:ManaCirculation","floor":40.0,"key":"SMITH"},{"floor":44.0,"key":"REST"},{"floor":49.0,"key":"RECALL"},{"data":"TheCursedMod:CircleOfAbyss","floor":52,"key":"SMITH"}],"circlet_count":0,"master_deck":["TheCursedMod:CleanUpWorkshop+1","TheCursedMod:CursedBoomerang+1","TheCursedMod:RavingStaff+1","TheCursedMod:SpitefulStrike+1","TheCursedMod:CursedSpellbook","TheCursedMod:DoubleShield+1","TheCursedMod:CircleOfFocus+1","TheCursedMod:CircleOfWindfury+1","TheCursedMod:CircleOfAbyss+1","TheCursedMod:NeowsMight+1","TheCursedMod:ManaCirculation+1"],"relics":["TheCursedMod:DemonicMark","TheCursedMod:BloodyHarpoon","MealTicket","Gremlin Food","Membership Card","Orichalcum","ReplayTheSpireMod:DimensionalGlitch","Ornamental Fan","White Beast Statue","Bottled Lightning","Whetstone","Medical Kit","Bag of Preparation","Ginger","Garlic"],"acts_visited":["Exordium","TheCity","TheBeyond","TheEnding"],"potions_floor_usage":[55],"damage_taken":[{"damage":9.0,"enemies":"Jaw Worm","floor":1.0,"turns":2.0},{"damage":0.0,"enemies":"Cultist","floor":2.0,"turns":2.0},{"damage":7.0,"enemies":"2 Louse","floor":5.0,"turns":2.0},{"damage":18.0,"enemies":"3 Sentries","floor":6.0,"turns":5.0},{"damage":5.0,"enemies":"Exordium Wildlife","floor":7.0,"turns":3.0},{"damage":12.0,"enemies":"Lagavulin","floor":8.0,"turns":4.0},{"damage":0.0,"enemies":"Gremlin Nob","floor":11.0,"turns":2.0},{"damage":0.0,"enemies":"2 Fungi Beasts","floor":12.0,"turns":2.0},{"damage":1.0,"enemies":"The Guardian","floor":16.0,"turns":6.0},{"damage":9.0,"enemies":"3 Byrds","floor":18.0,"turns":4.0},{"damage":0.0,"enemies":"Spheric Guardian","floor":19.0,"turns":2.0},{"damage":0.0,"enemies":"Snake Plant","floor":20.0,"turns":2.0},{"damage":0.0,"enemies":"Cultist and Chosen","floor":24.0,"turns":2.0},{"damage":34.0,"enemies":"Slavers","floor":25.0,"turns":4.0},{"damage":0.0,"enemies":"Chosen and Byrds","floor":30.0,"turns":3.0},{"damage":0.0,"enemies":"Book of Stabbing","floor":31.0,"turns":2.0},{"damage":6.0,"enemies":"Pondfish","floor":33.0,"turns":3.0},{"damage":0.0,"enemies":"Orb Walker","floor":35.0,"turns":1.0},{"damage":45.0,"enemies":"3 Shapes","floor":41.0,"turns":5.0},{"damage":28.0,"enemies":"Sphere and 2 Shapes","floor":42.0,"turns":3.0},{"damage":0.0,"enemies":"Writhing Mass","floor":46.0,"turns":1.0},{"damage":0.0,"enemies":"Spire Growth","floor":47.0,"turns":1.0},{"damage":0.0,"enemies":"3 Darklings","floor":48.0,"turns":1.0},{"damage":0,"enemies":"Awakened One","floor":50,"turns":2},{"damage":21,"enemies":"Shield and Spear","floor":54,"turns":3},{"damage":48,"enemies":"The Heart","floor":55,"turns":5}],"seed_played":"533002021181544535","potions_obtained":[{"floor":2.0,"key":"FairyPotion"},{"floor":7.0,"key":"Explosive Potion"},{"floor":8.0,"key":"Dexterity Potion"},{"floor":25.0,"key":"sneckomod:MuddlingPotion"},{"floor":31.0,"key":"FairyPotion"},{"floor":48.0,"key":"DuplicationPotion"}],"is_trial":false,"path_per_floor":["M","M","?","$","M","E","M","E","T","R","E","M","$","?","R","B",null,"M","M","M","$","?","R","M","E","T","?","R","?","M","E","R","B",null,"M","?","$","?","$","R","M","M","T","R","$","M","M","M","R","B",null,"R","$","E","B",null],"character_chosen":"THE_CURSED","items_purchased":["Membership Card","Ornamental Fan","Medical Kit","Bag of Preparation","expansioncontent:QuickStudy","FearPotion"],"campfire_rested":4,"item_purchase_floors":[13,21,37,37,37,53],"current_hp_per_floor":[73,73,73,73,66,48,43,31,31,31,31,31,46,34,58,57,82,73,73,73,82,82,82,82,48,48,48,72,56,56,56,82,76,87,87,87,87,87,87,87,42,14,14,40,55,55,55,55,55,55,87,87,87,66,18],"gold":109,"neow_bonus":"TEN_PERCENT_HP_BONUS","is_daily":false,"chose_seed":false,"campfire_upgraded":4,"win_rate":0.0,"timestamp":1609204239,"path_taken":["M","M","?","?","?","E","M","E","T","R","E","M","$","?","R","BOSS","M","M","M","$","?","R","M","E","T","?","R","?","M","E","R","BOSS","M","?","$","?","?","R","M","?","T","R","$","M","M","M","R","BOSS","R","$","E","BOSS"],"items_purchased_type":["Relic","Relic","Relic","Relic","Card","Potion"],"build_version":"2020-12-13","purchased_purges":2,"victory":true,"max_hp_per_floor":[82,82,82,82,82,82,82,82,82,82,82,82,82,82,82,82,82,82,82,82,82,82,82,82,82,82,82,82,87,87,87,87,87,87,87,87,87,87,87,87,87,87,87,87,87,87,87,87,87,87,87,87,87,87,87],"card_choices":[{"not_picked":["TheCursedMod:Mangle","TheCursedMod:CircleOfCorruption","TheCursedMod:TacticalStrike"],"picked":"SKIP","floor":1.0},{"not_picked":["TheCursedMod:Wield","TheCursedMod:Stretching","TheCursedMod:Obscuration"],"picked":"SKIP","floor":2.0},{"not_picked":["TheCursedMod:DoubleShield","TheCursedMod:CursedAmulet","TheCursedMod:SmokeScreen"],"picked":"SKIP","floor":5.0},{"not_picked":["TheCursedMod:Torture","TheCursedMod:ManaBullet","TheCursedMod:SpitefulStrike"],"picked":"SKIP","floor":6.0},{"not_picked":["TheCursedMod:ManaCirculation","TheCursedMod:Grudge","TheCursedMod:SmokeScreen"],"picked":"SKIP","floor":7.0},{"not_picked":["TheCursedMod:ReleasedStrength","TheCursedMod:Torture","TheCursedMod:CursedMace"],"picked":"SKIP","floor":8.0},{"not_picked":["TheCursedMod:Torture","TheCursedMod:VitalStrike","TheCursedMod:Grudge"],"picked":"SKIP","floor":11.0},{"not_picked":["TheCursedMod:Hemoplague","TheCursedMod:Obscuration","TheCursedMod:CursedStaff"],"picked":"SKIP","floor":12.0},{"not_picked":["TheCursedMod:ParallelWorld","TheCursedMod:CollectTribute"],"picked":"TheCursedMod:NeowsMight","floor":16.0},{"not_picked":["TheCursedMod:VitalStrike","TheCursedMod:SpitefulPray","TheCursedMod:Wield"],"picked":"SKIP","floor":18.0},{"not_picked":["TheCursedMod:Torture","TheCursedMod:VitalStrike","TheCursedMod:StingEye"],"picked":"SKIP","floor":19.0},{"not_picked":["TheCursedMod:Stigma","TheCursedMod:SpitefulPray","TheCursedMod:VitalStrike+1"],"picked":"SKIP","floor":20.0},{"not_picked":["TheCursedMod:CircleOfCorruption","TheCursedMod:AshesToAshes","TheCursedMod:Torture+1"],"picked":"SKIP","floor":24.0},{"not_picked":["TheCursedMod:SaltUponWound","TheCursedMod:SpitefulPray","TheCursedMod:WearCloak+1"],"picked":"SKIP","floor":25.0},{"not_picked":["TheCursedMod:AntiAging","TheCursedMod:SaltUponWound+1","TheCursedMod:HellfireBreathing+1"],"picked":"SKIP","floor":30.0},{"not_picked":["TheCursedMod:RavingStaff","TheCursedMod:Hemoplague","TheCursedMod:LuckyCharm"],"picked":"SKIP","floor":31.0},{"not_picked":["TheCursedMod:ParallelWorld","TheCursedMod:NeowsMight"],"picked":"TheCursedMod:ManaCirculation","floor":33.0},{"not_picked":["TheCursedMod:CircleOfCorruption+1","TheCursedMod:SpreadPlague+1","TheCursedMod:RapidMovement+1"],"picked":"SKIP","floor":35.0},{"not_picked":["TheCursedMod:Obscuration","TheCursedMod:HellfireBreathing+1","TheCursedMod:CursedShiv+1"],"picked":"SKIP","floor":41.0},{"not_picked":["TheCursedMod:Stretching+1","TheCursedMod:FleshFromBone","TheCursedMod:SpreadPlague+1"],"picked":"SKIP","floor":42.0},{"not_picked":["TheCursedMod:SurpriseAttack+1","TheCursedMod:Stigma","TheCursedMod:FleshFromBone"],"picked":"SKIP","floor":46.0},{"not_picked":["TheCursedMod:LuckyCharm+1","TheCursedMod:Torture","TheCursedMod:SurpriseAttack+1"],"picked":"SKIP","floor":47.0},{"not_picked":["TheCursedMod:NeowsMight","TheCursedMod:SurpriseAttack","TheCursedMod:FleshFromBone"],"picked":"SKIP","floor":48.0},{"not_picked":["TheCursedMod:CursedSpellbook","TheCursedMod:Stigma+1","TheCursedMod:StingEye+1"],"picked":"SKIP","floor":54}],"player_experience":73741,"relics_obtained":[{"floor":6.0,"key":"TheCursedMod:BloodyHarpoon"},{"floor":8.0,"key":"MealTicket"},{"floor":11.0,"key":"Gremlin Food"},{"floor":25.0,"key":"White Beast Statue"},{"floor":26.0,"key":"Bottled Lightning"},{"floor":31.0,"key":"Whetstone"},{"floor":43.0,"key":"Ginger"},{"floor":54,"key":"Garlic"}],"event_choices":[{"damage_healed":0.0,"max_hp_gain":0.0,"max_hp_loss":0.0,"gold_gain":0.0,"event_name":"The Woman in Blue","player_choice":"Bought 0 Potions","floor":3.0,"gold_loss":0.0,"damage_taken":0.0},{"damage_healed":0.0,"max_hp_gain":0.0,"max_hp_loss":0.0,"gold_gain":0.0,"event_name":"Scrap Ooze","player_choice":"Success","floor":14.0,"gold_loss":0.0,"damage_taken":12.0,"relics_obtained":["Orichalcum"]},{"damage_healed":0.0,"max_hp_gain":0.0,"max_hp_loss":0.0,"gold_gain":0.0,"event_name":"Back to Basics","player_choice":"Simplicity","floor":22.0,"gold_loss":0.0,"damage_taken":0.0,"cards_upgraded":[]},{"damage_healed":0.0,"max_hp_gain":0.0,"max_hp_loss":0.0,"gold_gain":0.0,"event_name":"Beggar","player_choice":"Ignored","floor":27.0,"gold_loss":0.0,"damage_taken":0.0},{"damage_healed":0.0,"max_hp_gain":5.0,"max_hp_loss":0.0,"gold_gain":0.0,"event_name":"Forgotten Altar","player_choice":"Shed Blood","floor":29.0,"gold_loss":0.0,"damage_taken":21.0},{"damage_healed":0.0,"max_hp_gain":0.0,"max_hp_loss":0.0,"gold_gain":0.0,"event_name":"SensoryStone","player_choice":"Memory 1","floor":38.0,"gold_loss":0.0,"damage_taken":0.0}],"is_beta":false,"boss_relics":[{"not_picked":["Snecko Eye","TheCursedMod:OminousMark"],"picked":"ReplayTheSpireMod:DimensionalGlitch"},{"not_picked":["Velvet Choker","Honey Jar","Empty Cage"]}],"items_purged_floors":[13,45],"is_endless":false,"potions_floor_spawned":[2,7,8,16,19,20,25,30,31,33,35,41,42,46,47,48,54],"ascension_level":2}}