{"host":"gj3450u0c4def4mj","time":1609242378,"event":{"mods":["2.2 Compatiblity","Act Like it!","BaseMod","Gensokyo","Koishi","Minty Spire (QoL Compilation)","Permanent Neow","StSLib"],"gold_per_floor":[112,32,50,66,66,66,99,99,99,99,114,131,147,157,157,259,259,269,369,35,54,54,54,84,84,110,138,110,122,134,180,192,305,317,344,95,113,124,124,124,43,68,68,86,86,116,87,87,87,87],"floor_reached":51,"playtime":3554,"items_purged":["Koishi:BasicStrike","Koishi:BasicDefend"],"score":1030,"play_id":"f230d3ea-d2e7-4a93-89ba-31be7aa92651","local_time":"20201229064618","is_ascension_mode":true,"campfire_choices":[{"data":"Koishi:HeartStoppingHorror","floor":6.0,"key":"SMITH"},{"floor":10.0,"key":"REST"},{"data":"Koishi:BloodcurdlingScream","floor":15.0,"key":"SMITH"},{"data":"Koishi:MindStellarRelief","floor":23.0,"key":"SMITH"},{"data":"Koishi:Heartbroken","floor":25.0,"key":"SMITH"},{"data":"Koishi:UnconsciousUrges","floor":29.0,"key":"SMITH"},{"floor":32.0,"key":"REST"},{"floor":40.0,"key":"REST"},{"floor":49,"key":"REST"}],"circlet_count":0,"master_deck":["Koishi:BasicDefend","Koishi:BasicDefend","Koishi:BasicDefend","Koishi:Provoke","Koishi:HauntingSlash","Koishi:HeartStoppingHorror+1","Koishi:ParalyzingFear","Koishi:JumpScare","Koishi:UnconsciousUrges+1","Koishi:DreadfulBlow","Koishi:PredatoryInstincts+1","Koishi:Whimsy","Koishi:SilentAndRestless","Koishi:BloodcurdlingScream+1","Koishi:TraumaticStroke","Koishi:Heartbroken+1","Koishi:Heartbroken+1","Koishi:LastRemote+1","Koishi:BloodcurdlingScream+1","Koishi:EmbryosDream","Sadistic Nature","Koishi:ParalyzingFear","Koishi:TraumaticStroke","Koishi:StingingMind+1","Koishi:MindStellarRelief+1","Koishi:EmbryosDream","Koishi:Heartbroken","Koishi:SpiritedAway","Koishi:Catatonia","Koishi:Untouchable","Koishi:PhantomBarrier","Koishi:StrangeCloudFist","Koishi:DanmakuParanoia","Koishi:StingingMind+1","Gensokyo:DreamlikeParadise","Gensokyo:RPG"],"relics":["Koishi:ImaginaryFriend","Matryoshka","Mango","Centennial Puzzle","Strawberry","Astrolabe","Gambling Chip","FossilizedHelix","InkBottle","MawBank","Regal Pillow","Vajra","Fusion Hammer","CaptainsWheel","Du-Vu Doll","Nunchaku"],"acts_visited":["Gensokyo:Gensokyo","Gensokyo:Gensokyoer","Gensokyo:Gensokyoest"],"potions_floor_usage":[50,50,50,50],"damage_taken":[{"damage":15.0,"enemies":"Gensokyo:2_Kodama","floor":1.0,"turns":5.0},{"damage":6.0,"enemies":"Gensokyo:Gryphon","floor":3.0,"turns":6.0},{"damage":3.0,"enemies":"Gensokyo:Python","floor":4.0,"turns":4.0},{"damage":39.0,"enemies":"Gensokyo:Cirno","floor":7.0,"turns":7.0},{"damage":1.0,"enemies":"Gensokyo:2_Rabbits","floor":11.0,"turns":5.0},{"damage":26.0,"enemies":"Gensokyo:3_Kodama","floor":12.0,"turns":5.0},{"damage":1.0,"enemies":"Gensokyo:Python_and_Kodama","floor":13.0,"turns":4.0},{"damage":7.0,"enemies":"Gensokyo:Kitsune","floor":14.0,"turns":2.0},{"damage":0.0,"enemies":"Gensokyo:Reimu","floor":16.0,"turns":8.0},{"damage":16.0,"enemies":"Gensokyo:Chomper","floor":18.0,"turns":5.0},{"damage":11.0,"enemies":"Gensokyo:Chomper","floor":19.0,"turns":9.0},{"damage":6.0,"enemies":"Gensokyo:AngelMirror","floor":21.0,"turns":6.0},{"damage":25.0,"enemies":"Gensokyo:Tenshi","floor":24.0,"turns":5.0},{"damage":25.0,"enemies":"Gensokyo:3_Gloops","floor":27.0,"turns":5.0},{"damage":25.0,"enemies":"Gensokyo:Reisen","floor":31.0,"turns":5.0},{"damage":23.0,"enemies":"Gensokyo:Eiki","floor":33.0,"turns":7.0},{"damage":0.0,"enemies":"Gensokyo:AncientGuardian","floor":35.0,"turns":4.0},{"damage":11.0,"enemies":"Gensokyo:3_Boulders","floor":37.0,"turns":4.0},{"damage":0.0,"enemies":"Gensokyo:Rafflesia","floor":38.0,"turns":5.0},{"damage":0,"enemies":"Gensokyo:Doremy","floor":42,"turns":6},{"damage":18,"enemies":"Gensokyo:4_Bats","floor":44,"turns":4},{"damage":23,"enemies":"Gensokyo:4_Bats","floor":45,"turns":9},{"damage":7,"enemies":"Gensokyo:Marisa","floor":46,"turns":6},{"damage":3,"enemies":"Gensokyo:Yuyuko","floor":50,"turns":4}],"seed_played":"-2918267955476288714","potions_obtained":[{"floor":1.0,"key":"Ancient Potion"},{"floor":7.0,"key":"DistilledChaos"},{"floor":13.0,"key":"Fruit Juice"},{"floor":21.0,"key":"Block Potion"},{"floor":31.0,"key":"Explosive Potion"},{"floor":38.0,"key":"EntropicBrew"}],"is_trial":false,"path_per_floor":["M","$","M","M","?","R","E","?","T","R","M","M","M","M","R","B",null,"M","?","$","M","?","R","E","R","T","M","?","R","$","E","R","B",null,"M","$","M","M","?","R","$","E","T","M","?","E","COS","?","R","B",null],"character_chosen":"KOISHI","items_purchased":["Koishi:JumpScare","Koishi:UnconsciousUrges","Sadistic Nature","Koishi:ParalyzingFear","Koishi:TraumaticStroke","Koishi:Catatonia","Koishi:Untouchable","Koishi:PhantomBarrier","Koishi:StrangeCloudFist"],"campfire_rested":4,"item_purchase_floors":[2,2,20,20,20,36,36,36,41],"current_hp_per_floor":[48,48,45,47,53,53,33,26,33,59,70,59,71,67,67,79,87,78,75,75,73,73,73,58,58,58,48,48,48,48,37,78,71,87,87,87,87,87,87,87,87,87,87,87,87,87,87,87,87,87],"gold":87,"neow_bonus":"ONE_RANDOM_RARE_CARD","is_daily":false,"chose_seed":false,"campfire_upgraded":5,"win_rate":0.0,"timestamp":1609242378,"path_taken":["M","$","M","M","?","R","E","?","T","R","M","?","M","?","R","BOSS","M","?","$","?","?","R","E","R","T","M","?","R","?","E","R","BOSS","M","$","M","M","?","R","$","E","T","M","?","E","COS","?","R","BOSS"],"items_purchased_type":["Card","Card","Card","Card","Card","Card","Card","Card","Card"],"build_version":"2020-12-22","purchased_purges":2,"victory":true,"max_hp_per_floor":[60,60,60,60,66,66,66,80,87,87,87,87,87,87,87,87,87,87,87,87,87,87,87,87,87,87,87,87,87,87,87,87,87,87,87,87,87,87,87,87,87,87,87,87,87,87,87,87,87,92],"card_choices":[{"not_picked":["Koishi:SpiritedAway","Koishi:StrangeCloudFist"],"picked":"Koishi:ParalyzingFear","floor":1.0},{"not_picked":["Koishi:BloodcurdlingScream","Koishi:Prune"],"picked":"Koishi:DreadfulBlow","floor":3.0},{"not_picked":["Koishi:CatchAndRose","Koishi:UnconsciousUrges"],"picked":"Koishi:PredatoryInstincts","floor":4.0},{"not_picked":["Koishi:VengefulSpirit","Koishi:SubconsciousSweep"],"picked":"Koishi:Whimsy","floor":7.0},{"not_picked":["Koishi:EmbersOfLove","Koishi:SubconsciousSweep","Koishi:CatchAndRose"],"picked":"SKIP","floor":11.0},{"not_picked":["Koishi:ReflexRadar","Koishi:SubterraneanRose"],"picked":"Koishi:SilentAndRestless","floor":12.0},{"not_picked":["Koishi:Vanish","Koishi:RorschachInDanmaku"],"picked":"Koishi:BloodcurdlingScream","floor":13.0},{"not_picked":["Koishi:MindNumbingTerror","Koishi:ParalyzingFear"],"picked":"Koishi:TraumaticStroke","floor":14.0},{"not_picked":["Koishi:RoseHell","Koishi:SuperEgo"],"picked":"Koishi:Heartbroken","floor":16.0},{"not_picked":["Koishi:DreadfulBlow","Koishi:PhantomBarrier"],"picked":"Koishi:EmbryosDream","floor":18.0},{"not_picked":["Koishi:ParalyzingFear","Koishi:SprinkleStarAndHeart"],"picked":"Koishi:JumpScare","floor":19.0},{"not_picked":["Koishi:BloodcurdlingScream","Koishi:PhantomStrike+1"],"picked":"Koishi:StingingMind+1","floor":21.0},{"not_picked":["Koishi:ReleaseOfTheId","Koishi:LastRemote","Koishi:MassHysteria"],"picked":"SKIP","floor":24.0},{"not_picked":["Koishi:GrowingPain","Koishi:SubconsciousSweep"],"picked":"Koishi:EmbryosDream","floor":27.0},{"not_picked":["Koishi:UnconsciousUprising","Koishi:UnansweredLove+1","Koishi:DNAsFlaw"],"picked":"SKIP","floor":31.0},{"not_picked":["Koishi:Ego","Koishi:MentalBreakdown"],"picked":"Koishi:Heartbroken","floor":33.0},{"not_picked":["Koishi:ParalyzingFear","Koishi:SubconsciousSweep+1"],"picked":"Koishi:SpiritedAway","floor":35.0},{"not_picked":["Koishi:TraumaticStroke","Koishi:SubconsciousSweep+1","Koishi:SubterraneanRose+1"],"picked":"SKIP","floor":37.0},{"not_picked":["Koishi:FidgetySnatcher","Koishi:BramblyRoseGarden","Koishi:MassHysteria"],"picked":"SKIP","floor":38.0},{"not_picked":["Koishi:FidgetySnatcher","Koishi:BramblyRoseGarden"],"picked":"Koishi:MassHysteria","floor":38.0},{"not_picked":["Koishi:JumpScare","Koishi:ApparitionsStalkTheNight"],"picked":"Koishi:DanmakuParanoia","floor":42},{"not_picked":["Koishi:Prune","Koishi:EmbersOfLove+1"],"picked":"Koishi:StingingMind+1","floor":44},{"not_picked":["Gensokyo:LifeSpringInfinity","Gensokyo:UnhurriedMind"],"picked":"Gensokyo:DreamlikeParadise","floor":45},{"not_picked":["Koishi:GhostParty","Koishi:ParalyzingFear+1","Koishi:DreadfulBlow"],"picked":"SKIP","floor":46}],"player_experience":70633,"relics_obtained":[{"floor":7.0,"key":"Matryoshka"},{"floor":9.0,"key":"Centennial Puzzle"},{"floor":9.0,"key":"Strawberry"},{"floor":19.0,"key":"Gambling Chip"},{"floor":19.0,"key":"FossilizedHelix"},{"floor":24.0,"key":"InkBottle"},{"floor":26.0,"key":"MawBank"},{"floor":26.0,"key":"Regal Pillow"},{"floor":31.0,"key":"Vajra"},{"floor":42,"key":"CaptainsWheel"},{"floor":43,"key":"Du-Vu Doll"},{"floor":46,"key":"Nunchaku"}],"event_choices":[],"is_beta":false,"boss_relics":[{"not_picked":["Velvet Choker","Calling Bell"],"picked":"Astrolabe"},{"not_picked":["Runic Dome","Tiny House"],"picked":"Fusion Hammer"}],"items_purged_floors":[20,36],"is_endless":false,"potions_floor_spawned":[1,7,13,14,19,21,31,38,44],"ascension_level":4}}