{"host":"j3h0p3l2xgzxhnx7","time":1609244239,"event":{"mods":["BaseMod","Luminous","Marisa????????","Minty Spire (QoL Compilation)","Remilia??????","StSLib","The Bug Knight","The Cursed","The Servant 0.9.4"],"gold_per_floor":[119,119,138,313,327,327,361,361,361,311,311,335,354,354,354,483,483,499,520,620,638,651,651,651,651,705,705,717,717,139,151,151,261,261,289,337,337,60,60,60,89,108,108,139,139,157,208,250,250,250],"floor_reached":51,"playtime":3342,"items_purged":["Wraith"],"score":807,"play_id":"a15746b3-1ffa-4869-8a80-41e15481a3c4","local_time":"20201229201719","is_ascension_mode":false,"campfire_choices":[{"data":"MysteriousBeam","floor":6,"key":"SMITH"},{"floor":8,"key":"REST"},{"data":"SuperNova","floor":11,"key":"SMITH"},{"data":"MilkyWay","floor":15,"key":"SMITH"},{"floor":23,"key":"REST"},{"data":"EscapeVelocity","floor":25,"key":"SMITH"},{"data":"MysteriousBeam","floor":29,"key":"SMITH"},{"data":"EarthLightRay","floor":32,"key":"SMITH"},{"data":"PropBag","floor":40,"key":"SMITH"},{"data":"1","floor":45,"key":"LIFT"},{"data":"2","floor":49,"key":"LIFT"}],"circlet_count":0,"master_deck":["Strike_MRS","Strike_MRS","Strike_MRS","Strike_MRS","Defend_MRS","Defend_MRS","Defend_MRS","Defend_MRS","MasterSpark","UpSweep","MysteriousBeam+1","EarthLightRay+1","GrandCross","SuperNova+1","MilkyWay+1","GasGiant","EscapeVelocity+1","ShootingEcho","MysteriousBeam+1","DoubleSpark+1","6A+1","Necronomicurse","PropBag+1","Acceleration","WitchOfGreed","GravityBeat+1","FinalSpark","Acceleration+1","LuminesStrike+1","Madness","Madness","Orbital","MagicChant+1","EventHorizon+1","OpenUniverse+1","GravityBeat+1","MagicChant+1"],"relics":["MiniHakkero","NeowsBlessing","Bloody Idol","Incense Burner","Eternal Feather","ExperimentalFamiliar","PreservedInsect","Necronomicon","Nunchaku","Potion Belt","Lee\u0027s Waffle","SlaversCollar","Girya","Lantern","Strawberry","Bottled Lightning","HollowMod:PaleOreRelic"],"acts_visited":["Exordium","TheCity","TheBeyond"],"potions_floor_usage":[16,16,16,33,33,36,36,36,36,41,44,46,46,47,47,47,47,48,48,48,50,50,50,50,50,50,50,50,50,50],"damage_taken":[{"damage":0,"enemies":"Jaw Worm","floor":1,"turns":1},{"damage":0,"enemies":"Small Slimes","floor":3,"turns":1},{"damage":0,"enemies":"2 Louse","floor":5,"turns":1},{"damage":36,"enemies":"3 Sentries","floor":7,"turns":6},{"damage":3,"enemies":"2 Fungi Beasts","floor":12,"turns":3},{"damage":4,"enemies":"3 Louse","floor":13,"turns":4},{"damage":0,"enemies":"Slime Boss","floor":16,"turns":9},{"damage":10,"enemies":"Chosen","floor":18,"turns":3},{"damage":22,"enemies":"Sentry and Sphere","floor":19,"turns":4},{"damage":14,"enemies":"3 Cultists","floor":21,"turns":4},{"damage":0,"enemies":"Chosen and Byrds","floor":22,"turns":4},{"damage":9,"enemies":"Snake Plant","floor":28,"turns":2},{"damage":3,"enemies":"Snecko","floor":31,"turns":3},{"damage":32,"enemies":"Champ","floor":33,"turns":8},{"damage":22,"enemies":"3 Shapes","floor":35,"turns":4},{"damage":19,"enemies":"2 Orb Walkers","floor":36,"turns":3},{"damage":0,"enemies":"Giant Head","floor":41,"turns":4},{"damage":0,"enemies":"3 Darklings","floor":42,"turns":1},{"damage":15,"enemies":"Writhing Mass","floor":44,"turns":3},{"damage":17,"enemies":"Sphere and 2 Shapes","floor":46,"turns":4},{"damage":21,"enemies":"HollowMod:StalkingDevout","floor":47,"turns":5},{"damage":26,"enemies":"Maw","floor":48,"turns":5},{"damage":46,"enemies":"Time Eater","floor":50,"turns":6}],"seed_played":"5810352294014960572","potions_obtained":[{"floor":7,"key":"Strength Potion"},{"floor":12,"key":"Fire Potion"},{"floor":13,"key":"Strength Potion"},{"floor":22,"key":"BottledSpark"},{"floor":31,"key":"PowerPotion"},{"floor":33,"key":"EntropicBrew"},{"floor":33,"key":"Swift Potion"},{"floor":35,"key":"Fire Potion"},{"floor":35,"key":"PowerPotion"},{"floor":41,"key":"EntropicBrew"},{"floor":42,"key":"DuplicationPotion"},{"floor":44,"key":"Strength Potion"},{"floor":44,"key":"EssenceOfSteel"},{"floor":46,"key":"BlessingOfTheForge"},{"floor":47,"key":"LiquidBronze"},{"floor":48,"key":"Fire Potion"}],"is_trial":false,"path_per_floor":["M","?","M","?","M","R","E","R","T","?","R","M","M","?","R","B",null,"M","M","?","M","M","R","?","R","T","?","M","R","$","M","R","B",null,"M","?","?","$","?","R","E","M","T","M","R","M","E","M","R","B",null],"character_chosen":"MARISA","items_purchased":["Nunchaku","Potion Belt","Lee\u0027s Waffle","Acceleration","WitchOfGreed","AttackPotion","Lantern","SteroidPotion"],"campfire_rested":2,"item_purchase_floors":[30,30,30,30,30,30,38,38],"current_hp_per_floor":[75,75,75,75,75,75,43,65,65,65,74,71,71,71,75,75,75,69,51,51,37,41,75,75,75,75,59,55,67,82,82,82,61,82,71,63,63,63,53,71,83,88,88,78,89,80,70,55,76,49],"gold":250,"neow_bonus":"THREE_ENEMY_KILL","is_daily":false,"chose_seed":false,"campfire_upgraded":7,"win_rate":0.0,"timestamp":1609244239,"path_taken":["M","?","M","?","M","R","E","R","T","?","R","M","M","?","R","BOSS","M","?","?","?","M","R","?","R","T","?","M","R","$","M","R","BOSS","M","?","?","$","?","R","E","?","T","?","R","M","E","M","R","BOSS"],"items_purchased_type":["Relic","Relic","Relic","Card","Card","Potion","Relic","Potion"],"build_version":"2020-12-22","purchased_purges":1,"victory":true,"max_hp_per_floor":[75,75,75,75,75,75,75,75,75,75,75,75,75,75,75,75,75,75,75,75,75,75,75,75,75,75,75,75,75,82,82,82,82,82,82,82,82,82,82,82,89,89,89,89,89,89,89,89,89,89],"card_choices":[{"not_picked":["AsteroidBelt","UnstableBomb"],"picked":"MysteriousBeam","floor":1},{"not_picked":["Robbery","EventHorizon"],"picked":"EarthLightRay","floor":3},{"not_picked":["Orbital","PowerUp"],"picked":"GrandCross","floor":5},{"not_picked":["CollectingQuirk","MagicChant"],"picked":"SuperNova","floor":7},{"not_picked":["GalacticHalo","MysteriousBeam"],"picked":"MilkyWay","floor":12},{"not_picked":["OpenUniverse","GrandCross"],"picked":"GasGiant","floor":13},{"not_picked":["FinalSpark","MaximisePower"],"picked":"EscapeVelocity","floor":16},{"not_picked":["GrandCross","OrrerysSun"],"picked":"ShootingEcho","floor":18},{"not_picked":["UnstableBomb","WitchOfGreed+1"],"picked":"MysteriousBeam","floor":19},{"not_picked":["ShootingEcho","PowerUp"],"picked":"DoubleSpark+1","floor":21},{"not_picked":["SprinkleStarSeal","UnstableBomb"],"picked":"6A+1","floor":22},{"not_picked":["OrrerysSun","BlazingStar"],"picked":"PropBag","floor":28},{"not_picked":["DC","DeepEcoloBomb"],"picked":"GravityBeat+1","floor":31},{"not_picked":["EscapeVelocity","CollectingQuirk"],"picked":"FinalSpark","floor":33},{"not_picked":["MilkyWay","GalacticHalo"],"picked":"Acceleration+1","floor":35},{"not_picked":["SporeBomb","NonDirectionalLaser+1"],"picked":"LuminesStrike+1","floor":36},{"not_picked":["DragonMeteor","DeepEcoloBomb"],"picked":"Orbital","floor":41},{"not_picked":["Robbery","Orbital+1"],"picked":"MagicChant+1","floor":42},{"not_picked":["WitchOfGreed","GrandCross+1"],"picked":"EventHorizon+1","floor":44},{"not_picked":["IllusionStar","Robbery+1"],"picked":"OpenUniverse+1","floor":46},{"not_picked":["MysteriousBeam","OneTimeOff+1"],"picked":"GravityBeat+1","floor":47},{"not_picked":["DoubleSpark","NonDirectionalLaser+1"],"picked":"MagicChant+1","floor":48}],"player_experience":36745,"relics_obtained":[{"floor":7,"key":"Incense Burner"},{"floor":9,"key":"Eternal Feather"},{"floor":26,"key":"PreservedInsect"},{"floor":27,"key":"Necronomicon"},{"floor":36,"key":"Girya"},{"floor":41,"key":"Strawberry"},{"floor":43,"key":"Bottled Lightning"},{"floor":47,"key":"HollowMod:PaleOreRelic"}],"event_choices":[{"damage_healed":0,"gold_gain":0,"player_choice":"Take Wound","damage_taken":0,"relics_obtained":["Golden Idol"],"max_hp_gain":0,"max_hp_loss":0,"event_name":"Golden Idol","floor":2,"gold_loss":0,"cards_obtained":["Injury"]},{"damage_healed":0,"gold_gain":175,"player_choice":"AGREE","damage_taken":0,"max_hp_gain":0,"max_hp_loss":0,"event_name":"Liars Game","floor":4,"gold_loss":0,"cards_obtained":["Doubt"]},{"cards_removed":["Doubt"],"damage_healed":0,"gold_gain":0,"player_choice":"Card Removal","damage_taken":0,"max_hp_gain":0,"max_hp_loss":0,"event_name":"The Cleric","floor":10,"gold_loss":50},{"cards_removed":["Injury"],"damage_healed":0,"gold_gain":0,"player_choice":"Removed Curses","damage_taken":0,"max_hp_gain":0,"max_hp_loss":0,"event_name":"Fountain of Cleansing","floor":14,"gold_loss":0},{"damage_healed":0,"gold_gain":100,"player_choice":"Pray","damage_taken":0,"max_hp_gain":0,"max_hp_loss":0,"event_name":"Golden Shrine","floor":20,"gold_loss":0},{"damage_healed":0,"gold_gain":0,"player_choice":"Gave Idol","damage_taken":0,"relics_obtained":["Bloody Idol"],"max_hp_gain":0,"max_hp_loss":0,"event_name":"Forgotten Altar","floor":24,"relics_lost":["Golden Idol"],"gold_loss":0},{"damage_healed":0,"gold_gain":0,"player_choice":"Obtained Book","damage_taken":16,"max_hp_gain":0,"max_hp_loss":0,"event_name":"Cursed Tome","floor":27,"gold_loss":0},{"damage_healed":0,"gold_gain":0,"player_choice":"Fight","damage_taken":0,"max_hp_gain":0,"max_hp_loss":0,"event_name":"Mysterious Sphere","floor":36,"gold_loss":0},{"damage_healed":0,"gold_gain":0,"player_choice":"Ignored","damage_taken":0,"max_hp_gain":0,"max_hp_loss":0,"event_name":"OrinTheCat","floor":37,"gold_loss":0},{"damage_healed":0,"gold_gain":0,"player_choice":"Embrace Madness","damage_taken":10,"max_hp_gain":0,"max_hp_loss":0,"event_name":"Winding Halls","floor":39,"gold_loss":0,"cards_obtained":["Madness","Madness"]}],"is_beta":false,"boss_relics":[{"not_picked":["Snecko Eye","Velvet Choker"],"picked":"ExperimentalFamiliar"},{"not_picked":["RampagingMagicTools","Philosopher\u0027s Stone"],"picked":"SlaversCollar"}],"items_purged_floors":[38],"is_endless":false,"potions_floor_spawned":[7,12,13,22,31,33,35,41,42,44,46],"ascension_level":0}}