{"host":"kda2p2afd6bvz6qo","time":1609280736,"event":{"mods":["BaseMod","Colored Map","Minty Spire (QoL Compilation)","Relic Stats"],"gold_per_floor":[118,173,173,98,148,148,175,175,202,25,39,70,84,103,103,103,103],"floor_reached":16,"playtime":615,"items_purged":["Strike_G"],"score":233,"play_id":"bfb88608-e53a-4cd3-b293-b129379c1a1c","local_time":"20201229222536","is_ascension_mode":true,"campfire_choices":[{"data":"Leg Sweep","floor":6,"key":"SMITH"},{"data":"Flechettes","floor":8,"key":"SMITH"},{"data":"Skewer","floor":15,"key":"SMITH"}],"circlet_count":0,"master_deck":["AscendersBane","Strike_G","Strike_G","Strike_G","Strike_G","Defend_G","Defend_G","Defend_G","Defend_G","Survivor","Neutralize","Leg Sweep+1","Flechettes+1","Outmaneuver","Skewer+1","Crippling Poison"],"relics":["Ring of the Snake","NeowsBlessing","MealTicket","Regal Pillow","Anchor","Art of War","Toy Ornithopter"],"acts_visited":["Exordium"],"potions_floor_usage":[12,16,16],"damage_taken":[{"damage":0.0,"enemies":"Cultist","floor":1.0,"turns":1.0},{"damage":0,"enemies":"Lagavulin","floor":7,"turns":1},{"damage":0,"enemies":"Small Slimes","floor":11,"turns":1},{"damage":13,"enemies":"Gremlin Nob","floor":12,"turns":6},{"damage":0,"enemies":"2 Louse","floor":13,"turns":2},{"damage":5,"enemies":"2 Fungi Beasts","floor":14,"turns":4},{"damage":60,"enemies":"Hexaghost","floor":16,"turns":16}],"seed_played":"224492959521725813","potions_obtained":[{"floor":11,"key":"Regen Potion"},{"floor":14,"key":"Swift Potion"}],"is_trial":false,"path_per_floor":["M","T","?","?","?","R","E","R","T","$","M","E","M","M","R","B"],"character_chosen":"THE_SILENT","items_purchased":["Outmaneuver","ColorlessPotion"],"campfire_rested":0,"item_purchase_floors":[10,10],"current_hp_per_floor":[59,59,41,41,35,35,35,35,35,50,50,37,37,32,32,0,0],"gold":103,"neow_bonus":"THREE_ENEMY_KILL","is_daily":false,"chose_seed":false,"campfire_upgraded":3,"win_rate":0.0,"timestamp":1609280736,"path_taken":["M","?","?","?","?","R","E","R","T","$","?","E","M","M","R","BOSS"],"items_purchased_type":["Card","Potion"],"build_version":"2020-12-22","purchased_purges":1,"victory":false,"max_hp_per_floor":[66,66,66,66,66,66,66,66,66,66,66,66,66,66,66,66,66],"relic_stats":{"Regal Pillow":0,"counters":[7,31],"MealTicket":15,"Art of War":[3],"obtain_stats":[{"Regal Pillow":3,"Anchor":7,"NeowsBlessing":0,"MealTicket":2,"Art of War":9,"Toy Ornithopter":12,"Ring of the Snake":0},{"Regal Pillow":1,"Anchor":2,"NeowsBlessing":0,"MealTicket":1,"Art of War":2,"Toy Ornithopter":4,"Ring of the Snake":0},{"Regal Pillow":1,"Anchor":2,"NeowsBlessing":0,"MealTicket":1,"Art of War":2,"Toy Ornithopter":9,"Ring of the Snake":0}],"Toy Ornithopter":10,"Ring of the Snake":[14]},"card_choices":[{"not_picked":["PiercingWail","Sucker Punch"],"picked":"Leg Sweep","floor":1.0},{"not_picked":["Expertise","Tactician"],"picked":"Flechettes","floor":7},{"not_picked":["Dagger Spray","Accuracy","Blade Dance"],"picked":"SKIP","floor":11},{"not_picked":["Dagger Throw","Choke"],"picked":"Skewer","floor":12},{"not_picked":["Cloak And Dagger","Expertise","Leg Sweep"],"picked":"SKIP","floor":13},{"not_picked":["Underhanded Strike","Outmaneuver"],"picked":"Crippling Poison","floor":14}],"player_experience":89574,"relics_obtained":[{"floor":2.0,"key":"MealTicket"},{"floor":7,"key":"Anchor"},{"floor":9,"key":"Art of War"},{"floor":12,"key":"Toy Ornithopter"}],"event_choices":[{"damage_healed":0.0,"max_hp_gain":0.0,"max_hp_loss":0.0,"gold_gain":0.0,"event_name":"Scrap Ooze","player_choice":"Success","floor":3.0,"gold_loss":0.0,"damage_taken":18.0,"relics_obtained":["Regal Pillow"]},{"cards_removed":["Defend_G"],"damage_healed":0.0,"max_hp_gain":0.0,"max_hp_loss":0.0,"gold_gain":0.0,"event_name":"The Cleric","player_choice":"Card Removal","floor":4.0,"gold_loss":75.0,"damage_taken":0.0},{"damage_healed":0,"gold_gain":50,"player_choice":"Touch","damage_taken":6,"max_hp_gain":0,"max_hp_loss":0,"event_name":"FaceTrader","floor":5,"gold_loss":0}],"is_beta":false,"boss_relics":[],"items_purged_floors":[10],"is_endless":false,"potions_floor_spawned":[11,14],"killed_by":"Hexaghost","ascension_level":15}}