{"host":"5dk97cf2ubw2v967","time":1609211452,"event":{"mods":["AlwaysNeverKeys","BaseMod","Better Altar","Better Vampires","Block Reminder","Colored Powertips","Downfall","Googly Eyes","Highlight Path","Minty Spire (QoL Compilation)","Permanent Neow","Potion Indicator Mod","Quick Restart","Relic Filter","Relic Stats","Say the Spire","Spicy Shops","StSLib","Waifu the Spire","everything is the same but u backflip on backflip"],"gold_per_floor":[109,79,91,101,114,114,145,145,145,33,63,63,63,102,102,102,102],"floor_reached":16,"playtime":912,"items_purged":["Strike_R"],"score":236,"play_id":"84903a60-46b4-4eb0-ac47-0fc77542cb7c","local_time":"20201229031052","is_ascension_mode":true,"campfire_choices":[{"data":"Apotheosis","floor":6,"key":"SMITH"},{"floor":8,"key":"REST"},{"floor":15,"key":"REST"}],"circlet_count":0,"master_deck":["AscendersBane","Strike_R","Strike_R","Strike_R","Strike_R","Defend_R","Defend_R","Defend_R","Defend_R","Bash","Apotheosis+1","Cleave","Burning Pact","Flame Barrier","Battle Trance","Sentinel","Inflame","Battle Trance"],"relics":["Burning Blood","Letter Opener","Bottled Flame","InkBottle","Golden Idol","Lantern"],"acts_visited":["Exordium"],"potions_floor_usage":[4,7,11,14,16],"damage_taken":[{"damage":18,"enemies":"Small Slimes","floor":1,"turns":5},{"damage":0,"enemies":"Cultist","floor":3,"turns":4},{"damage":4,"enemies":"Jaw Worm","floor":4,"turns":4},{"damage":9,"enemies":"Looter","floor":5,"turns":5},{"damage":32,"enemies":"Gremlin Nob","floor":7,"turns":4},{"damage":16,"enemies":"Lagavulin","floor":11,"turns":6},{"damage":12,"enemies":"3 Sentries","floor":14,"turns":7},{"damage":43,"enemies":"Hexaghost","floor":16,"turns":12}],"seed_played":"8011442952112551473","potions_obtained":[{"floor":1,"key":"BlessingOfTheForge"},{"floor":2,"key":"ColorlessPotion"},{"floor":7,"key":"SteroidPotion"},{"floor":11,"key":"HeartOfIron"},{"floor":14,"key":"SkillPotion"}],"is_trial":false,"path_per_floor":["M","?","M","M","M","R","E","R","T","$","E","$","?","E","R","B"],"character_chosen":"IRONCLAD","items_purchased":["Sentinel"],"campfire_rested":2,"item_purchase_floors":[10],"current_hp_per_floor":[38,38,44,46,43,43,17,39,39,39,29,29,29,23,43,0,0],"gold":102,"neow_bonus":"RANDOM_COLORLESS_2","is_daily":false,"chose_seed":false,"campfire_upgraded":1,"win_rate":0.0,"timestamp":1609211452,"path_taken":["M","?","M","?","M","R","E","R","T","$","E","?","?","E","R","BOSS"],"items_purchased_type":["Card"],"build_version":"2020-12-22","purchased_purges":1,"victory":false,"max_hp_per_floor":[75,75,75,75,75,75,75,75,75,75,75,75,68,68,68,68,68],"relic_stats":{"counters":[8,47],"Golden Idol":8,"Letter Opener":[30],"obtain_stats":[{"Bottled Flame":9,"Lantern":14,"Golden Idol":13,"Letter Opener":7,"Burning Blood":0,"InkBottle":11},{"Bottled Flame":5,"Lantern":7,"Golden Idol":6,"Letter Opener":5,"Burning Blood":0,"InkBottle":6},{"Bottled Flame":22,"Lantern":35,"Golden Idol":28,"Letter Opener":22,"Burning Blood":0,"InkBottle":28}],"Burning Blood":42,"InkBottle":[2]},"card_choices":[{"not_picked":["The Bomb","expansioncontent:DashGenerateEvil"],"picked":"Apotheosis","floor":0},{"not_picked":["Disarm","Armaments"],"picked":"Cleave","floor":1},{"not_picked":["Armaments","Warcry"],"picked":"Burning Pact","floor":3},{"not_picked":["Power Through","Headbutt"],"picked":"Flame Barrier","floor":4},{"not_picked":["Clash","Blood for Blood"],"picked":"Battle Trance","floor":5},{"not_picked":["Combust","Pommel Strike","Headbutt"],"picked":"SKIP","floor":7},{"not_picked":["Metallicize","Headbutt"],"picked":"Inflame","floor":11},{"not_picked":["Body Slam","Infernal Blade"],"picked":"Battle Trance","floor":14}],"player_experience":1268440,"relics_obtained":[{"floor":7,"key":"Letter Opener"},{"floor":9,"key":"Bottled Flame"},{"floor":11,"key":"InkBottle"},{"floor":14,"key":"Lantern"}],"event_choices":[{"damage_healed":0,"gold_gain":0,"player_choice":"Bought 2 Potions","damage_taken":0,"max_hp_gain":0,"max_hp_loss":0,"event_name":"The Woman in Blue","floor":2,"gold_loss":0},{"damage_healed":0,"gold_gain":0,"player_choice":"Lose Max HP","damage_taken":0,"relics_obtained":["Golden Idol"],"max_hp_gain":0,"max_hp_loss":7,"event_name":"Golden Idol","floor":13,"gold_loss":0}],"is_beta":false,"boss_relics":[],"items_purged_floors":[10],"is_endless":false,"potions_floor_spawned":[1,7,11,14],"killed_by":"Hexaghost","ascension_level":20}}