{"host":"36ls4ricihodphgx","time":1609240652,"event":{"mods":["AchievementEnabler","BaseMod","Colored Map","Downfall","Hermit","HololiveMod","Marisa????????","Minty Spire (QoL Compilation)","Replay The Spire","Shop Mod","StSLib","SuperFastMode","The Animator","The Bug Knight","The Cursed","The Servant 0.9.4"],"gold_per_floor":[76,76,76,76,92,126,143,143,166,179,179,192,204,221,221,325,325,342,298,174,114,114,114,114,114],"floor_reached":24,"playtime":1024,"items_purged":["Hololive_CallYuzukiChoco"],"score":287,"play_id":"b1b71ff7-1972-4d0b-9fbd-2d645afa7028","local_time":"20201229041732","is_ascension_mode":true,"campfire_choices":[{"data":"Hololive_CallAyundaRisu","floor":8,"key":"SMITH"},{"data":"Hololive_CallShiranuiFlare","floor":11,"key":"SMITH"},{"data":"Hololive_Psychosis","floor":15,"key":"SMITH"},{"data":"Hololive_CallShiroganeNoel","floor":23,"key":"SMITH"}],"circlet_count":0,"master_deck":["Hololive_Strike","Hololive_Strike","Hololive_Defend","Hololive_Defend","Hololive_Rebound","Hololive_CallShiranuiFlare+1","Hololive_CallAyundaRisu+1","Hololive_CallShiroganeNoel+1","Hololive_CallAmaneKanata","Hololive_SummonFox","Hololive_CocoNews","Hololive_Psychosis+1","Hololive_StrengthChampion","Hololive_DurableLive","Hololive_StrengthChampion","Hololive_DurableLive","Hololive_CallNekomataOkayu+1","Hololive_CallTokinoSora","Hololive_CallTokinoSora"],"relics":["Hololive_TheStar","Replay:Baseball","Pen Nib","Counterbalance","Hololive_LightStick","Replay:Bronze Core"],"acts_visited":["Exordium","TheCity"],"potions_floor_usage":[16,19,24],"damage_taken":[{"damage":0,"enemies":"Jaw Worm","floor":1,"turns":3},{"damage":0,"enemies":"2 Louse","floor":5,"turns":2},{"damage":0,"enemies":"Lagavulin","floor":6,"turns":5},{"damage":0,"enemies":"Small Slimes","floor":7,"turns":3},{"damage":0,"enemies":"Gremlin Gang","floor":10,"turns":3},{"damage":0,"enemies":"Lots of Slimes","floor":12,"turns":3},{"damage":0,"enemies":"Looter","floor":13,"turns":2},{"damage":0,"enemies":"3 Louse","floor":14,"turns":2},{"damage":0,"enemies":"The Guardian","floor":16,"turns":6},{"damage":0,"enemies":"Shell Parasite","floor":18,"turns":5},{"damage":0,"enemies":"2 Thieves","floor":19,"turns":5},{"damage":42,"enemies":"Slavers","floor":24,"turns":4}],"seed_played":"7733443198694541596","potions_obtained":[{"floor":1,"key":"Adrenaline Potion"},{"floor":4,"key":"ColorlessPotion"},{"floor":4,"key":"Toxic Potion"}],"is_trial":false,"path_per_floor":["M","?","?","?","M","E","M","R","T","M","R","M","M","M","R","B",null,"M","M","$","?","$","R","E"],"character_chosen":"Hololive_HololiveCharacter","items_purchased":["Hololive_CallTokinoSora"],"campfire_rested":0,"item_purchase_floors":[20],"current_hp_per_floor":[35,28,21,21,21,21,21,21,21,21,21,21,21,21,21,21,35,35,35,35,35,35,35,0,0],"gold":114,"neow_bonus":"RANDOM_COMMON_RELIC","is_daily":false,"chose_seed":false,"campfire_upgraded":4,"win_rate":0.0,"timestamp":1609240652,"path_taken":["M","?","?","?","?","E","M","R","T","M","R","?","M","?","R","BOSS","M","M","?","?","$","R","E"],"items_purchased_type":["Card"],"build_version":"2020-12-22","purchased_purges":1,"victory":false,"max_hp_per_floor":[35,35,35,35,35,35,35,35,35,35,35,35,35,35,35,35,35,35,35,35,35,35,35,35,35],"card_choices":[{"not_picked":["Hololive_CallYuzukiChoco","Hololive_FlyingPonyTail","Hololive_RevenueBasedLive"],"picked":"Hololive_SummonFox","floor":1},{"not_picked":["Hololive_BringToTrial","Hololive_OvertimeWork","Hololive_CallCivia"],"picked":"Hololive_CallYuzukiChoco","floor":5},{"not_picked":["Hololive_Recruit","Hololive_FlyingPonyTail","Hololive_CandyCastle"],"picked":"Hololive_CocoNews","floor":6},{"not_picked":["Hololive_OvertimeWork","Hololive_CallCivia","Hololive_FlyingPonyTail","Hololive_HuntDinosaur"],"picked":"SKIP","floor":7},{"not_picked":["Hololive_CallMurasakiShion","Hololive_LuckPotion","Hololive_Drill"],"picked":"Hololive_Psychosis","floor":10},{"not_picked":["Hololive_CallYogiri","Hololive_CallManoAloe","Hololive_Psychosis"],"picked":"Hololive_StrengthChampion","floor":12},{"not_picked":["Hololive_CallCivia","Hololive_Psychosis","Hololive_CallOmaruPolka"],"picked":"Hololive_DurableLive","floor":13},{"not_picked":["Hololive_Breathe","Hololive_Trident","Hololive_RevenueBasedLive"],"picked":"Hololive_StrengthChampion","floor":14},{"not_picked":["Hololive_OpenUp","Hololive_DDD","Hololive_Nanodesu"],"picked":"Hololive_DurableLive","floor":16},{"not_picked":["Hololive_Rebound","Hololive_OvertimeWork","Hololive_CallShiroganeNoel","Hololive_Sequa+1"],"picked":"SKIP","floor":18},{"not_picked":["Hololive_Breathe","Hololive_Sequa","Hololive_Teleport"],"picked":"Hololive_CallNekomataOkayu+1","floor":19}],"player_experience":32114,"relics_obtained":[{"floor":6,"key":"Counterbalance"},{"floor":9,"key":"Hololive_LightStick"}],"event_choices":[{"damage_healed":0,"gold_gain":0,"player_choice":"Success","damage_taken":7,"relics_obtained":["Pen Nib"],"max_hp_gain":0,"max_hp_loss":0,"event_name":"Scrap Ooze","floor":2,"gold_loss":0},{"cards_removed":["Hololive_CallMinatoAqua"],"damage_healed":0,"gold_gain":0,"player_choice":"Card Removal","damage_taken":7,"max_hp_gain":0,"max_hp_loss":0,"event_name":"Golden Wing","floor":3,"gold_loss":0},{"damage_healed":0,"gold_gain":0,"player_choice":"Got Potions","damage_taken":0,"max_hp_gain":0,"max_hp_loss":0,"event_name":"Lab","floor":4,"gold_loss":0}],"is_beta":false,"boss_relics":[{"not_picked":["Hololive_ChaosS","Kintsugi"],"picked":"Replay:Bronze Core"}],"items_purged_floors":[20],"is_endless":false,"potions_floor_spawned":[1,6,10,13],"killed_by":"Slavers","ascension_level":1}}