{"host":"15dd7v8o90xso62x","time":1609229723,"event":{"mods":["BaseMod","Minty Spire (QoL Compilation)","Quick Restart","StSLib","SuperFastMode"],"gold_per_floor":[113,132,132,150,150,180,180,180,180],"floor_reached":8,"playtime":247,"items_purged":[],"score":112,"play_id":"b24235de-777f-4d5a-ad09-df618b152dad","local_time":"20201229171523","is_ascension_mode":true,"campfire_choices":[{"data":"Eruption","floor":7,"key":"SMITH"}],"circlet_count":0,"master_deck":["AscendersBane","Strike_P+1","Strike_P","Strike_P","Strike_P","Defend_P","Defend_P","Defend_P","Defend_P","Eruption+1","Vigilance","Crescendo","Ragnarok","Blasphemy+1","Prostrate"],"relics":["PureWater","Turnip","StoneCalendar"],"acts_visited":["Exordium"],"potions_floor_usage":[6],"damage_taken":[{"damage":2.0,"enemies":"Jaw Worm","floor":1.0,"turns":5.0},{"damage":2.0,"enemies":"Cultist","floor":2.0,"turns":3.0},{"damage":0.0,"enemies":"Small Slimes","floor":4.0,"turns":2.0},{"damage":35,"enemies":"3 Sentries","floor":6,"turns":4},{"damage":0,"enemies":"Gremlin Nob","floor":8,"turns":2}],"seed_played":"-1134514615891637000","potions_obtained":[{"floor":2.0,"key":"GamblersBrew"}],"is_trial":false,"path_per_floor":["M","M","?","M","?","E","R","E"],"character_chosen":"WATCHER","items_purchased":[],"campfire_rested":0,"item_purchase_floors":[],"current_hp_per_floor":[59,57,57,57,38,3,3,3,3],"gold":180,"neow_bonus":"ONE_RARE_RELIC","is_daily":false,"chose_seed":false,"campfire_upgraded":1,"win_rate":0.0,"timestamp":1609229723,"path_taken":["M","M","?","?","?","E","R","E"],"items_purchased_type":[],"build_version":"2020-12-22","purchased_purges":0,"victory":false,"max_hp_per_floor":[62,62,62,62,62,62,62,62,62],"card_choices":[{"not_picked":["SashWhip","Study"],"picked":"Crescendo","floor":1.0},{"not_picked":["FlyingSleeves","EmptyMind","EmptyBody"],"picked":"SKIP","floor":2.0},{"not_picked":["JustLucky","Crescendo"],"picked":"Blasphemy","floor":4.0},{"not_picked":["FlurryOfBlows","PathToVictory"],"picked":"Prostrate","floor":6}],"player_experience":966105,"relics_obtained":[{"floor":6,"key":"StoneCalendar"}],"event_choices":[{"damage_healed":0.0,"max_hp_gain":0.0,"max_hp_loss":0.0,"gold_gain":0.0,"event_name":"Match and Keep!","player_choice":"1 cards matched","floor":3.0,"gold_loss":0.0,"damage_taken":0.0,"cards_obtained":["Ragnarok"]},{"damage_healed":0.0,"max_hp_gain":0.0,"max_hp_loss":0.0,"gold_gain":0.0,"event_name":"Shining Light","player_choice":"Entered Light","floor":5.0,"gold_loss":0.0,"damage_taken":19.0,"cards_upgraded":["Blasphemy","Strike_P"]}],"is_beta":false,"boss_relics":[],"items_purged_floors":[],"is_endless":false,"potions_floor_spawned":[2],"killed_by":"Gremlin Nob","ascension_level":20}}