{"host":"kdt6w7ix8lwe69i9","time":1609250488,"event":{"mods":["Bartender","BaseMod","ChefMod","Downfall","Fiend Mod","Jorbs\u0027s Wanderer Trilogy","Minty Spire (QoL Compilation)","Reimu（博丽灵梦）","Robot Space Explorer","StSLib","The Cursed","The Disciple","The Dragon Tamer","The Druid","The Elementalist","The Forsaken","The Gatherer","The Judge","The Marked","TheBandit"],"gold_per_floor":[109,384,402,402,195,195,370,388,388,388,388,388,423,50,50,170,170,95,109,9,59,59,59,79,92,92,92,92,92,92],"floor_reached":29,"playtime":2258,"items_purged":["Regret","Doubt"],"score":217,"play_id":"bdca401e-7075-49d3-a128-e371eb7156a3","local_time":"20201229090128","is_ascension_mode":false,"campfire_choices":[{"data":"chefmod:ColdSteel","floor":6,"key":"SMITH"},{"data":"chefmod:FreezerBurn","floor":12,"key":"SMITH"},{"data":"chefmod:FreezeSolid","floor":15,"key":"SMITH"},{"floor":23,"key":"REST"},{"floor":28,"key":"REST"}],"circlet_count":0,"master_deck":["chefmod:Strike","chefmod:Strike","chefmod:Strike","chefmod:Strike","chefmod:Defend","chefmod:Defend","chefmod:Defend","chefmod:QuickThaw","chefmod:TodaysSpecial","chefmod:Sorbet","chefmod:HotSoup","chefmod:ColdSteel+1","chefmod:FreezerBurn+1","chefmod:FreezeSolid+1","chefmod:FullCourseMeal","chefmod:SliceAndDice","chefmod:FreezeSolid","chefmod:SliceAndDice+1","chefmod:Gelato"],"relics":["Black Star","Golden Idol","Lee\u0027s Waffle","Pantograph","Ornamental Fan","Regal Pillow","TungstenRod","Toy Ornithopter","Strawberry","Velvet Choker"],"acts_visited":["Exordium","TheCity"],"potions_floor_usage":[13,29],"damage_taken":[{"damage":7,"enemies":"2 Louse","floor":1,"turns":3},{"damage":4,"enemies":"Cultist","floor":3,"turns":5},{"damage":0,"enemies":"Jaw Worm","floor":8,"turns":3},{"damage":25,"enemies":"Lagavulin","floor":13,"turns":9},{"damage":52,"enemies":"Hexaghost","floor":16,"turns":14},{"damage":26,"enemies":"2 Thieves","floor":18,"turns":5},{"damage":24,"enemies":"3 Byrds","floor":19,"turns":9},{"damage":21,"enemies":"Centurion and Healer","floor":24,"turns":7},{"damage":13,"enemies":"Snake Plant","floor":25,"turns":5},{"damage":88,"enemies":"Book of Stabbing","floor":29,"turns":9}],"seed_played":"-3801923169047970852","potions_obtained":[{"floor":1,"key":"AttackPotion"},{"floor":24,"key":"Swift Potion"}],"is_trial":false,"path_per_floor":["M","?","M","?","$","R","?","M","T","T","?","R","E","$","R","B",null,"M","M","$","?","?","R","M","M","T","?","R","E"],"character_chosen":"THE_CHEF","items_purchased":["Lee\u0027s Waffle","chefmod:ColdSteel","Toy Ornithopter","Strawberry"],"campfire_rested":2,"item_purchase_floors":[5,5,14,14],"current_hp_per_floor":[69,69,65,65,77,77,77,77,77,77,77,77,52,59,59,32,84,58,34,34,34,34,74,53,40,40,40,80,0,0],"gold":92,"neow_bonus":"BOSS_RELIC","is_daily":false,"chose_seed":false,"campfire_upgraded":3,"win_rate":0.0,"timestamp":1609250488,"path_taken":["M","?","?","?","$","R","?","M","T","?","?","R","E","$","R","BOSS","M","M","$","?","?","R","?","M","T","?","R","E"],"items_purchased_type":["Relic","Card","Relic","Relic"],"build_version":"2020-12-22","purchased_purges":2,"victory":false,"max_hp_per_floor":[76,76,76,70,77,77,77,77,77,77,77,77,77,84,84,84,84,84,84,84,84,84,84,84,84,84,84,84,84,84],"card_choices":[{"not_picked":["chefmod:Defrost","chefmod:ZaruSoba"],"picked":"chefmod:Sorbet","floor":1},{"not_picked":["chefmod:Gelato","chefmod:ColdSteel"],"picked":"chefmod:HotSoup","floor":3},{"not_picked":["chefmod:Defrost","chefmod:Mince"],"picked":"chefmod:FreezerBurn","floor":8},{"not_picked":["chefmod:BaoBuns","chefmod:SliceAndDice"],"picked":"chefmod:FreezeSolid","floor":13},{"not_picked":["chefmod:Tenderizer","chefmod:DeathByChocolate"],"picked":"chefmod:FullCourseMeal","floor":16},{"not_picked":["chefmod:Sorbet","chefmod:FryPan"],"picked":"chefmod:SliceAndDice","floor":18},{"not_picked":["chefmod:FreshProduce","chefmod:DinoKale+1"],"picked":"chefmod:FreezeSolid","floor":19},{"not_picked":["chefmod:Gelato+1","chefmod:Chop"],"picked":"chefmod:SliceAndDice+1","floor":24},{"not_picked":["chefmod:SliceAndDice","chefmod:HotSoup"],"picked":"chefmod:Gelato","floor":25}],"player_experience":1634999,"relics_obtained":[{"floor":9,"key":"Pantograph"},{"floor":10,"key":"Ornamental Fan"},{"floor":13,"key":"Regal Pillow"},{"floor":13,"key":"TungstenRod"}],"event_choices":[{"damage_healed":0,"gold_gain":275,"player_choice":"Desecrate","damage_taken":0,"max_hp_gain":0,"max_hp_loss":0,"event_name":"Golden Shrine","floor":2,"gold_loss":0,"cards_obtained":["Regret"]},{"damage_healed":0,"gold_gain":0,"player_choice":"Lose Max HP","damage_taken":0,"relics_obtained":["Golden Idol"],"max_hp_gain":0,"max_hp_loss":6,"event_name":"Golden Idol","floor":4,"gold_loss":0},{"damage_healed":0,"gold_gain":175,"player_choice":"AGREE","damage_taken":0,"max_hp_gain":0,"max_hp_loss":0,"event_name":"Liars Game","floor":7,"gold_loss":0,"cards_obtained":["Doubt"]},{"damage_healed":0,"gold_gain":0,"player_choice":"Leave","damage_taken":0,"max_hp_gain":0,"max_hp_loss":0,"event_name":"The Cleric","floor":11,"gold_loss":0},{"cards_removed":["chefmod:Strike"],"damage_healed":0,"gold_gain":0,"player_choice":"Card Removal","damage_taken":0,"max_hp_gain":0,"max_hp_loss":0,"event_name":"Wheel of Change","floor":22,"gold_loss":0}],"is_beta":false,"boss_relics":[{"not_picked":["RedLine:ReiMu","Runic Pyramid"],"picked":"Velvet Choker"}],"items_purged_floors":[14,20],"is_endless":false,"potions_floor_spawned":[1,8,24],"killed_by":"Book of Stabbing","ascension_level":0}}