{"host":"8fjsnt81u6xsmhji","time":1609242050,"event":{"mods":["BaseMod","Beaked The Cultist","Colored Powertips","Downfall","Glutton Mod","Hermit","Minty Spire (QoL Compilation)","Quick Restart","StSLib","The Bug Knight","The Forsaken","The Hierophant"],"gold_per_floor":[0,13,13,30,205,205,205,223,241,251,16,16,1,13,23,122,122,47,58,85,102,102,102,129,155,5,25,45,45,78,78,92,195,195,195,206,219,238,248,262,262,262,262,291,26,76,76,93,112,112],"floor_reached":51,"playtime":3226,"items_purged":["Doubt","Shame"],"score":746,"play_id":"4a2f85db-f626-4a66-9d6b-7fbed000fc11","local_time":"20201229054050","is_ascension_mode":true,"campfire_choices":[{"floor":1.0,"key":"RECALL"},{"data":"Apotheosis","floor":12,"key":"SMITH"},{"data":"Guardian:FierceBash","floor":18,"key":"SMITH"},{"floor":23,"key":"REST"},{"floor":26,"key":"REST"},{"data":"Guardian:FuturePlans","floor":35,"key":"SMITH"},{"floor":42,"key":"REST"},{"data":"Guardian:CompilePackage","floor":47,"key":"SMITH"}],"circlet_count":0,"master_deck":["Guardian:Strike_Guardian","Guardian:Strike_Guardian","Guardian:Defend_Guardian","Guardian:Defend_Guardian","Guardian:Defend_Guardian","Guardian:CurlUp","Guardian:TwinSlam","Apotheosis+1","Guardian:Reroute","Guardian:PiercingHide","Guardian:Orbwalk","Guardian:WalkerClaw","Guardian:PolyBeam","Guardian:StasisStrike","Guardian:CompilePackage+1","Guardian:FierceBash+1","Guardian:DonusPower","Guardian:ShieldSpikes","Guardian:FuturePlans+1","Necronomicurse","Guardian:DecasProtection+1","Guardian:ExploitGems","Guardian:BronzeArmor","Guardian:FuturePlans+1","Guardian:SpikerProtocol+1","Guardian:SpikerProtocol+1","Guardian:TimeCapacitor+1","Guardian:ChargeUp+1"],"relics":["Guardian:ModeShifterPlus","Mercury Hourglass","Juzu Bracelet","downfall:HeartBlessingRed","Red Mask","Prayer Wheel","Torii","downfall:HeartBlessingGreen","downfall:HeartBlessingBlue","InkBottle","Nunchaku","Necronomicon","Empty Cage","HollowMod:StagPassRelic","theForsaken:Lifeblossom","Lee\u0027s Waffle","Thread and Needle"],"acts_visited":["Exordium","TheCity","TheBeyond"],"potions_floor_usage":[16,19,27,33,44,50],"damage_taken":[{"damage":0.0,"enemies":"Cultist","floor":2.0,"turns":3.0},{"damage":0.0,"enemies":"Jaw Worm","floor":4.0,"turns":3.0},{"damage":0,"enemies":"2 Louse","floor":8,"turns":2},{"damage":11,"enemies":"Exordium Wildlife","floor":9,"turns":5},{"damage":2,"enemies":"Red Slaver","floor":10,"turns":4},{"damage":5,"enemies":"downfall:FleeingMerchant","floor":11,"turns":4},{"damage":1,"enemies":"downfall:FleeingMerchant","floor":13,"turns":4},{"damage":13,"enemies":"Exordium Thugs","floor":14,"turns":4},{"damage":7,"enemies":"Blue Slaver","floor":15,"turns":3},{"damage":32,"enemies":"downfall:Defect","floor":16,"turns":7},{"damage":8,"enemies":"Chosen","floor":19,"turns":4},{"damage":17,"enemies":"Masked Bandits","floor":20,"turns":5},{"damage":4,"enemies":"Snake Plant","floor":21,"turns":4},{"damage":21,"enemies":"Book of Stabbing","floor":25,"turns":6},{"damage":1,"enemies":"Centurion and Healer","floor":27,"turns":5},{"damage":1,"enemies":"Shelled Parasite and Fungi","floor":28,"turns":5},{"damage":20,"enemies":"Slavers","floor":30,"turns":5},{"damage":1,"enemies":"Cultist and Chosen","floor":32,"turns":6},{"damage":1,"enemies":"downfall:Silent","floor":33,"turns":6},{"damage":0,"enemies":"Orb Walker","floor":36,"turns":3},{"damage":1,"enemies":"3 Shapes","floor":37,"turns":2},{"damage":28,"enemies":"Spire Growth","floor":38,"turns":4},{"damage":20,"enemies":"Maw","floor":39,"turns":6},{"damage":24,"enemies":"Sphere and 2 Shapes","floor":40,"turns":6},{"damage":13,"enemies":"Giant Head","floor":44,"turns":7},{"damage":1,"enemies":"downfall:FleeingMerchant","floor":45,"turns":4},{"damage":1,"enemies":"Mind Bloom Boss Battle","floor":46,"turns":6},{"damage":23,"enemies":"4 Shapes","floor":48,"turns":5},{"damage":6,"enemies":"Writhing Mass","floor":49,"turns":5},{"damage":6,"enemies":"downfall:Ironclad","floor":50,"turns":11}],"seed_played":"2125258978688643965","potions_obtained":[{"floor":2.0,"key":"Fire Potion"},{"floor":14,"key":"Explosive Potion"},{"floor":15,"key":"Dexterity Potion"},{"floor":16,"key":"Weak Potion"},{"floor":20,"key":"Guardian:AcceleratePotion"},{"floor":28,"key":"BlessingOfTheForge"},{"floor":36,"key":"Dexterity Potion"},{"floor":44,"key":"Dexterity Potion"}],"is_trial":false,"path_per_floor":["R","M","?","M","?","?","T","M","M","M","$","R","$","M","M","B",null,"R","M","?","M","?","R","T","E","R","M","M","?","E","?","M","B",null,"R","M","M","M","M","M","T","R","?","E","$","?","R","M","M","B",null],"character_chosen":"GUARDIAN","items_purchased":["Juzu Bracelet","Lee\u0027s Waffle"],"campfire_rested":3,"item_purchase_floors":[11,45],"current_hp_per_floor":[80,80,80,80,80,80,80,80,69,67,62,62,61,48,41,9,80,80,72,55,51,51,75,75,54,90,89,88,88,68,52,51,50,90,90,90,89,61,41,17,17,44,44,31,97,97,97,74,74,74],"gold":112,"neow_bonus":"RANDOM_COLORLESS_2","is_daily":false,"chose_seed":false,"campfire_upgraded":4,"win_rate":0.0,"timestamp":1609242050,"path_taken":["R","M","?","M","?","?","T","M","M","?","?","R","?","M","M","BOSS","R","M","?","M","?","R","T","E","R","M","M","?","E","?","M","BOSS","R","M","M","M","M","M","T","R","?","E","$","?","R","M","M","BOSS"],"items_purchased_type":["Relic","Relic"],"build_version":"2020-12-22","purchased_purges":2,"victory":true,"max_hp_per_floor":[80,80,80,80,80,80,80,80,80,80,80,80,80,80,80,80,80,80,80,80,80,80,80,80,80,90,90,90,90,90,90,90,90,90,90,90,90,90,90,90,90,90,90,90,97,97,97,97,97,97],"card_choices":[{"not_picked":["expansioncontent:Corrupt","Magnetism"],"picked":"Apotheosis","floor":0.0},{"not_picked":["Guardian:TemporalStrike","Guardian:TemporalShield"],"picked":"Guardian:Reroute","floor":2.0},{"not_picked":["Guardian:Gem_Red","Guardian:RollAttack"],"picked":"Guardian:PiercingHide","floor":4.0},{"not_picked":["Guardian:Gem_Cyan","Guardian:Gem_Green"],"picked":"Guardian:Orbwalk","floor":8},{"not_picked":["Guardian:Gem_Lightblue","Guardian:Planning"],"picked":"Guardian:WalkerClaw","floor":9},{"not_picked":["Guardian:WalkerClaw","Guardian:Gem_Cyan"],"picked":"Guardian:PolyBeam","floor":10},{"not_picked":["Guardian:Incinerate","Guardian:VentSteam"],"picked":"Guardian:StasisStrike","floor":11},{"not_picked":["Guardian:RollAttack","Guardian:Suspension"],"picked":"Guardian:CompilePackage","floor":13},{"not_picked":["Guardian:BronzeOrb","Guardian:Emergency"],"picked":"Guardian:Gem_Green","floor":14},{"not_picked":["Guardian:TimeBomb","Guardian:Reroute","Guardian:RollAttack"],"picked":"SKIP","floor":15},{"not_picked":["Guardian:Gem_Orange","Guardian:StasisEngine"],"picked":"Guardian:FierceBash","floor":16},{"not_picked":["Guardian:VentSteam+1","Guardian:ShieldCharger+1"],"picked":"Guardian:DonusPower","floor":19},{"not_picked":["Guardian:WalkerClaw","Guardian:CrystalBeam"],"picked":"Guardian:ShieldSpikes","floor":20},{"not_picked":["Guardian:TemporalStrike","Guardian:VentSteam+1"],"picked":"Guardian:Gem_Red","floor":21},{"not_picked":["Guardian:Suspension","Guardian:VentSteam"],"picked":"Guardian:Gem_Fragmented","floor":25},{"not_picked":["Guardian:TemporalStrike","Guardian:EvasiveProtocol"],"picked":"Guardian:FuturePlans","floor":27},{"not_picked":["Guardian:TemporalShield","Guardian:Planning"],"picked":"Guardian:Gem_Green","floor":27},{"not_picked":["Guardian:TemporalShield","Guardian:GuardianWhirl+1"],"picked":"Guardian:Gem_White","floor":28},{"not_picked":["Guardian:PiercingHide","Guardian:Planning+1","Guardian:Gem_Red"],"picked":"SKIP","floor":28},{"not_picked":["Guardian:BaubleBeam","Guardian:Suspension"],"picked":"Guardian:Gem_Lightblue","floor":30},{"not_picked":["Guardian:Gem_Cyan","Guardian:Gem_Red"],"picked":"Guardian:DecasProtection+1","floor":32},{"not_picked":["Guardian:PrimingBeam","Guardian:Orbwalk","Guardian:Reroute"],"picked":"SKIP","floor":32},{"not_picked":["Guardian:BaubleBeam","Guardian:SphericShield"],"picked":"Guardian:ExploitGems","floor":33},{"not_picked":["Guardian:PiercingHide+1","Guardian:Suspension"],"picked":"Guardian:BronzeArmor","floor":36},{"not_picked":["Guardian:VentSteam+1","Guardian:DonusPower","Guardian:PrismaticBarrier"],"picked":"SKIP","floor":36},{"not_picked":["Guardian:Gem_Cyan","Guardian:TemporalStrike"],"picked":"Guardian:FuturePlans+1","floor":37},{"not_picked":["Guardian:PiercingHide","Guardian:Gem_Green","Guardian:Recover"],"picked":"SKIP","floor":37},{"not_picked":["Guardian:CompilePackage","Guardian:DecasProtection+1"],"picked":"Guardian:SpikerProtocol+1","floor":38},{"not_picked":["Guardian:WalkerClaw","Guardian:PolyBeam+1","Guardian:Gem_Green"],"picked":"SKIP","floor":38},{"not_picked":["Guardian:TemporalShield","Guardian:GuardianWhirl","Guardian:CrystalBeam+1"],"picked":"SKIP","floor":39},{"not_picked":["Guardian:Gem_Cyan","Guardian:Gem_Red","Guardian:Gem_Blue"],"picked":"SKIP","floor":39},{"not_picked":["Guardian:Recover","Guardian:Suspension+1","Guardian:ShieldCharger"],"picked":"SKIP","floor":40},{"not_picked":["Guardian:Planning+1","Guardian:ShieldCharger","Guardian:VentSteam"],"picked":"SKIP","floor":40},{"not_picked":["Guardian:HyperBeam_Guardian","Guardian:PiercingHide+1","Guardian:PrimingBeam+1"],"picked":"SKIP","floor":44},{"not_picked":["Guardian:FloatingOrbs+1","Guardian:BronzeArmor+1"],"picked":"Guardian:TimeCapacitor","floor":45},{"not_picked":["Guardian:Planning+1","Guardian:Suspension+1"],"picked":"Guardian:ChargeUp+1","floor":48},{"not_picked":["Guardian:WalkerClaw+1","Guardian:Repulse+1","Guardian:FuturePlans+1"],"picked":"SKIP","floor":48},{"not_picked":["Guardian:CrystalBeam+1","Guardian:TemporalShield+1","Guardian:TemporalStrike"],"picked":"SKIP","floor":49},{"not_picked":["Guardian:TimeBomb+1","Guardian:WalkerClaw+1","Guardian:Emergency"],"picked":"SKIP","floor":49}],"player_experience":609137,"relics_obtained":[{"floor":7,"key":"Mercury Hourglass"},{"floor":20,"key":"Red Mask"},{"floor":25,"key":"Torii"},{"floor":30,"key":"Nunchaku"},{"floor":31,"key":"Necronomicon"},{"floor":41,"key":"HollowMod:StagPassRelic"},{"floor":44,"key":"theForsaken:Lifeblossom"},{"floor":46,"key":"Thread and Needle"}],"event_choices":[{"damage_healed":0,"gold_gain":0,"player_choice":"Fought Bandits","damage_taken":0,"max_hp_gain":0,"max_hp_loss":0,"event_name":"Masked Bandits","floor":20,"gold_loss":0},{"damage_healed":0,"gold_gain":0,"player_choice":"Stole Relic","damage_taken":0,"relics_obtained":["Prayer Wheel"],"max_hp_gain":0,"max_hp_loss":0,"event_name":"Addict","floor":22,"gold_loss":0,"cards_obtained":["Shame"]},{"damage_healed":0,"gold_gain":0,"player_choice":"Copied","damage_taken":0,"max_hp_gain":0,"max_hp_loss":0,"event_name":"Duplicator","floor":43,"gold_loss":0,"cards_obtained":["Guardian:SpikerProtocol"]}],"is_beta":false,"boss_relics":[{"not_picked":["Philosopher\u0027s Stone","Runic Dome"],"picked":"Guardian:ModeShifterPlus"},{"not_picked":["Astrolabe","Snecko Eye"],"picked":"Empty Cage"}],"items_purged_floors":[11,45],"is_endless":false,"potions_floor_spawned":[2,14,15,16,20,25,28,36,40,44,46,48],"ascension_level":1}}