{"host":"840yoaz69lavfcgt","time":1609214924,"event":{"mods":["BaseMod","Colored Powertips","DeckTracker","Highlight Path","Minty Spire (QoL Compilation)","Synergy Search"],"gold_per_floor":[111,111,111,126,26,61,75,106,106,132,132,159,9,9,9,135,135,153,174,249,268,288,288,288,288],"floor_reached":24,"playtime":1349,"items_purged":["Doubt","Injury"],"score":264,"play_id":"7e8092d4-8744-41eb-a808-8ebb3000a210","local_time":"20201228230844","is_ascension_mode":false,"campfire_choices":[{"data":"Tantrum","floor":15.0,"key":"SMITH"},{"data":"Eruption","floor":23,"key":"SMITH"}],"circlet_count":0,"master_deck":["Strike_P","Strike_P","Strike_P","Strike_P","Defend_P","Defend_P","Defend_P","Defend_P","Eruption+1","Vigilance","Halt","Madness","Weave","BowlingBash","SandsOfTime+1","Tantrum+1","Weave","Conclude+1","JustLucky+1","Vault+1","PathToVictory+1","ReachHeaven+1","Prostrate+1","CutThroughFate+1"],"relics":["PureWater","NeowsBlessing","Eternal Feather","Toxic Egg 2","Pantograph","Molten Egg 2","Golden Idol","Nunchaku","SacredBark"],"acts_visited":["Exordium","TheCity"],"potions_floor_usage":[21],"damage_taken":[{"damage":0.0,"enemies":"Small Slimes","floor":1.0,"turns":1.0},{"damage":0.0,"enemies":"2 Louse","floor":4.0,"turns":1.0},{"damage":0.0,"enemies":"3 Sentries","floor":6.0,"turns":1.0},{"damage":0.0,"enemies":"Cultist","floor":7.0,"turns":2.0},{"damage":0.0,"enemies":"Gremlin Nob","floor":8.0,"turns":2.0},{"damage":18.0,"enemies":"Lagavulin","floor":10.0,"turns":5.0},{"damage":3.0,"enemies":"Slime Boss","floor":16.0,"turns":5.0},{"damage":12.0,"enemies":"Shell Parasite","floor":18.0,"turns":4.0},{"damage":6.0,"enemies":"2 Thieves","floor":19.0,"turns":2.0},{"damage":17,"enemies":"Snecko","floor":21,"turns":4},{"damage":2,"enemies":"3 Cultists","floor":22,"turns":4},{"damage":26,"enemies":"Book of Stabbing","floor":24,"turns":5}],"seed_played":"4284921816412425755","potions_obtained":[{"floor":8.0,"key":"Dexterity Potion"},{"floor":10.0,"key":"BottledMiracle"},{"floor":16.0,"key":"Strength Potion"},{"floor":18.0,"key":"Fire Potion"},{"floor":19.0,"key":"SmokeBomb"},{"floor":21,"key":"BlessingOfTheForge"}],"is_trial":false,"path_per_floor":["M","?","?","M","$","E","M","E","T","E","?","T","$","?","R","B",null,"M","M","?","M","M","R","E"],"character_chosen":"WATCHER","items_purchased":["BowlingBash","JustLucky+1"],"campfire_rested":0,"item_purchase_floors":[5,13],"current_hp_per_floor":[72,72,72,72,72,72,72,72,72,54,54,54,54,54,63,69,72,60,54,47,30,28,40,14,14],"gold":288,"neow_bonus":"THREE_ENEMY_KILL","is_daily":false,"chose_seed":false,"campfire_upgraded":2,"win_rate":0.0,"timestamp":1609214924,"path_taken":["M","?","?","M","$","E","?","E","T","E","?","?","$","?","R","BOSS","M","M","?","?","M","R","E"],"items_purchased_type":["Card","Card"],"build_version":"2020-12-22","purchased_purges":2,"victory":false,"max_hp_per_floor":[72,72,72,72,72,72,72,72,72,72,72,72,72,72,72,72,72,72,72,72,72,72,72,72,72],"card_choices":[{"not_picked":["WaveOfTheHand","CarveReality"],"picked":"Halt","floor":1.0},{"not_picked":["EmptyBody","FlyingSleeves"],"picked":"Weave","floor":4.0},{"not_picked":["Fasting2","DeceiveReality"],"picked":"SandsOfTime","floor":6.0},{"not_picked":["SashWhip","Worship"],"picked":"Tantrum","floor":7.0},{"not_picked":["Worship+1","SashWhip"],"picked":"Weave","floor":8.0},{"not_picked":["Vengeance+1","FlyingSleeves+1"],"picked":"Conclude+1","floor":10.0},{"not_picked":["MasterReality","Ragnarok+1"],"picked":"Vault+1","floor":16.0},{"not_picked":["FlyingSleeves+1","ThirdEye+1"],"picked":"PathToVictory+1","floor":18.0},{"not_picked":["FollowUp+1","Crescendo+1"],"picked":"ReachHeaven+1","floor":19.0},{"not_picked":["Nirvana+1","CrushJoints+1"],"picked":"Prostrate+1","floor":21},{"not_picked":["MasterReality","Protect+1"],"picked":"CutThroughFate+1","floor":22}],"player_experience":131375,"relics_obtained":[{"floor":6.0,"key":"Eternal Feather"},{"floor":8.0,"key":"Toxic Egg 2"},{"floor":9.0,"key":"Pantograph"},{"floor":10.0,"key":"Molten Egg 2"},{"floor":12.0,"key":"Nunchaku"}],"event_choices":[{"damage_healed":0.0,"max_hp_gain":0.0,"max_hp_loss":0.0,"gold_gain":0.0,"event_name":"Liars Game","player_choice":"Ignored","floor":2.0,"gold_loss":0.0,"damage_taken":0.0},{"damage_healed":0.0,"max_hp_gain":0.0,"max_hp_loss":0.0,"gold_gain":0.0,"event_name":"Match and Keep!","player_choice":"2 cards matched","floor":3.0,"gold_loss":0.0,"damage_taken":0.0,"cards_obtained":["Madness","Doubt"]},{"damage_healed":0.0,"max_hp_gain":0.0,"max_hp_loss":0.0,"gold_gain":0.0,"event_name":"Golden Idol","player_choice":"Take Wound","floor":11.0,"gold_loss":0.0,"damage_taken":0.0,"relics_obtained":["Golden Idol"],"cards_obtained":["Injury"]},{"damage_healed":0.0,"max_hp_gain":0.0,"max_hp_loss":0.0,"gold_gain":0.0,"event_name":"Living Wall","player_choice":"Grow","floor":14.0,"gold_loss":0.0,"damage_taken":0.0,"cards_upgraded":["SandsOfTime"]},{"damage_healed":0.0,"max_hp_gain":0.0,"max_hp_loss":0.0,"gold_gain":75.0,"event_name":"FaceTrader","player_choice":"Touch","floor":20.0,"gold_loss":0.0,"damage_taken":7.0}],"is_beta":false,"boss_relics":[{"not_picked":["Astrolabe","Cursed Key"],"picked":"SacredBark"}],"items_purged_floors":[5,13],"is_endless":false,"potions_floor_spawned":[8,10,16,18,19,21],"killed_by":"Book of Stabbing","ascension_level":0}}