{"host":"Jedit","time":1609234809,"event":{"mods":["BaseMod","Minty Spire (QoL Compilation)","Relic Stats","StSLib"],"gold_per_floor":[10,10,29,179,179,179,195,213,213,213,225,243,270,287,287,358,358,358,283,223,223,223],"floor_reached":21,"playtime":945,"items_purged":[],"score":366,"play_id":"376e660b-9eb7-4a6b-9919-b62787712aa9","local_time":"20201229094009","is_ascension_mode":true,"campfire_choices":[{"data":"Corpse Explosion","floor":6,"key":"SMITH"},{"floor":10,"key":"REST"},{"floor":15,"key":"REST"}],"circlet_count":0,"master_deck":["AscendersBane","Strike_G","Strike_G","Strike_G","Strike_G","Defend_G","Defend_G","Defend_G","Defend_G","Defend_G","Survivor","Neutralize","Corpse Explosion+1","Slice","Backflip","Noxious Fumes","Flying Knee+1","Bane+1","Leg Sweep","Catalyst","Burst","Heel Hook+1","Deadly Poison"],"relics":["Ring of the Snake","Molten Egg 2","Blue Candle","Vajra","Ectoplasm"],"acts_visited":["Exordium","TheCity"],"potions_floor_usage":[13,13,16,18],"damage_taken":[{"damage":7.0,"enemies":"Small Slimes","floor":1.0,"turns":5.0},{"damage":1,"enemies":"Jaw Worm","floor":3,"turns":3},{"damage":0,"enemies":"2 Louse","floor":7,"turns":1},{"damage":3,"enemies":"Blue Slaver","floor":8,"turns":7},{"damage":0,"enemies":"Lots of Slimes","floor":11,"turns":1},{"damage":3,"enemies":"Looter","floor":12,"turns":3},{"damage":35,"enemies":"3 Sentries","floor":13,"turns":6},{"damage":4,"enemies":"3 Louse","floor":14,"turns":2},{"damage":15,"enemies":"Slime Boss","floor":16,"turns":8},{"damage":17,"enemies":"Chosen","floor":18,"turns":6},{"damage":14,"enemies":"2 Thieves","floor":20,"turns":4},{"damage":16,"enemies":"Sentry and Sphere","floor":21,"turns":5}],"seed_played":"4946313094149380533","potions_obtained":[{"floor":3,"key":"DistilledChaos"},{"floor":7,"key":"SkillPotion"},{"floor":12,"key":"Regen Potion"},{"floor":13,"key":"LiquidMemories"},{"floor":14,"key":"Swift Potion"}],"is_trial":false,"path_per_floor":["M","?","M","?","?","R","M","M","T","R","M","M","E","M","R","B",null,"M","?","M","M"],"character_chosen":"THE_SILENT","items_purchased":[],"campfire_rested":2,"item_purchase_floors":[],"current_hp_per_floor":[52,52,51,51,25,25,25,22,22,41,41,38,18,14,33,18,54,37,37,23,7,7],"gold":223,"neow_bonus":"THREE_RARE_CARDS","is_daily":false,"chose_seed":false,"campfire_upgraded":1,"win_rate":0.0,"timestamp":1609234809,"path_taken":["M","?","M","?","?","R","M","M","T","R","M","M","E","M","R","BOSS","M","?","M","M"],"items_purchased_type":[],"build_version":"2020-12-18","purchased_purges":0,"victory":false,"max_hp_per_floor":[66,66,66,66,66,66,66,66,66,66,66,66,66,66,66,66,66,66,66,66,66,66],"relic_stats":{"counters":[12,51],"Blue Candle":[1],"Ectoplasm":47,"obtain_stats":[{"Blue Candle":9,"Vajra":13,"Molten Egg 2":5,"Ectoplasm":17,"Ring of the Snake":0},{"Blue Candle":4,"Vajra":7,"Molten Egg 2":2,"Ectoplasm":9,"Ring of the Snake":0},{"Blue Candle":16,"Vajra":26,"Molten Egg 2":8,"Ectoplasm":36,"Ring of the Snake":0}],"Ring of the Snake":[24]},"card_choices":[{"not_picked":["Doppelganger","Envenom"],"picked":"Corpse Explosion","floor":0.0},{"not_picked":["Outmaneuver","Setup"],"picked":"Slice","floor":1.0},{"not_picked":["Concentrate","Sucker Punch"],"picked":"Backflip","floor":3},{"not_picked":["Dodge and Roll","Slice+1"],"picked":"Noxious Fumes","floor":7},{"not_picked":["Infinite Blades","Reflex","Terror"],"picked":"SKIP","floor":8},{"not_picked":["Heel Hook+1","Setup"],"picked":"Flying Knee+1","floor":11},{"not_picked":["PiercingWail","Cloak And Dagger"],"picked":"Bane+1","floor":12},{"not_picked":["Calculated Gamble","Backstab+1"],"picked":"Leg Sweep","floor":13},{"not_picked":["PiercingWail","Deadly Poison"],"picked":"Catalyst","floor":14},{"not_picked":["Corpse Explosion","Die Die Die+1"],"picked":"Burst","floor":16},{"not_picked":["Distraction","Predator+1"],"picked":"Heel Hook+1","floor":18},{"not_picked":["Blur","Concentrate"],"picked":"Deadly Poison","floor":20}],"player_experience":3420719,"relics_obtained":[{"floor":9,"key":"Blue Candle"},{"floor":13,"key":"Vajra"}],"event_choices":[{"cards_removed":["Strike_G"],"damage_healed":0.0,"max_hp_gain":0.0,"max_hp_loss":0.0,"gold_gain":0.0,"event_name":"Living Wall","player_choice":"Forget","floor":2.0,"gold_loss":0.0,"damage_taken":0.0},{"damage_healed":0,"gold_gain":150,"player_choice":"AGREE","damage_taken":0,"max_hp_gain":0,"max_hp_loss":0,"event_name":"Liars Game","floor":4,"gold_loss":0,"cards_obtained":["Doubt"]},{"damage_healed":0,"gold_gain":0,"player_choice":"Success","damage_taken":26,"relics_obtained":["Molten Egg 2"],"max_hp_gain":0,"max_hp_loss":0,"event_name":"Scrap Ooze","floor":5,"gold_loss":0},{"cards_removed":["Doubt"],"damage_healed":0,"gold_gain":0,"player_choice":"Gave Gold","damage_taken":0,"max_hp_gain":0,"max_hp_loss":0,"event_name":"Beggar","floor":19,"gold_loss":75}],"is_beta":true,"boss_relics":[{"not_picked":["Philosopher\u0027s Stone","Black Star"],"picked":"Ectoplasm"}],"items_purged_floors":[],"is_endless":false,"potions_floor_spawned":[3,7,12,13,14],"killed_by":"Sentry and Sphere","ascension_level":20}}