{"host":"e8rlfedn69rz2s07","time":1609282736,"event":{"mods":["Act Like it!","BaseMod","Conspire","Hubris","Infinite Spire","Minty Spire (QoL Compilation)","Permanent Neow","Relic Stats","Replay The Spire","Shop Mod","StSLib","The Jungle"],"gold_per_floor":[111,131,146,146,146,146,6,40,40,58,8,32,32,32,32,57,57],"floor_reached":16,"playtime":684,"items_purged":[],"score":200,"play_id":"e92c42e7-39e8-4250-a7db-d19a899a1110","local_time":"20201230005856","is_ascension_mode":true,"campfire_choices":[{"floor":6,"key":"REST"},{"floor":13,"key":"REST"},{"data":"Noxious Fumes","floor":15,"key":"SMITH"}],"circlet_count":0,"master_deck":["AscendersBane","Strike_G","Strike_G","Strike_G","Strike_G","Strike_G","Defend_G","Defend_G","Defend_G","Defend_G","Defend_G","Survivor","Neutralize","Sucker Punch","Deadly Poison","Languid","ReplayTheSpireMod:??????????????????????","Noxious Fumes+1","Bane","Dagger Spray","Backflip","conspire:SpireCoStock","Deadly Poison"],"relics":["Ring of the Snake","Ring of Panic","Bag of Preparation","hubris:FunFungus"],"acts_visited":["Exordium"],"potions_floor_usage":[8,10,10,10,12],"damage_taken":[{"damage":1,"enemies":"Jaw Worm","floor":1,"turns":6},{"damage":1,"enemies":"2 Louse","floor":2,"turns":3},{"damage":7,"enemies":"Small Slimes","floor":3,"turns":5},{"damage":46,"enemies":"Gremlin Nob","floor":8,"turns":5},{"damage":0,"enemies":"Blue Slaver","floor":10,"turns":3},{"damage":16,"enemies":"Exordium Thugs","floor":12,"turns":6},{"damage":38,"enemies":"Fading Forest","floor":16,"turns":7}],"seed_played":"-7847749451535898702","potions_obtained":[{"floor":1,"key":"EntropicBrew"},{"floor":2,"key":"Regen Potion"},{"floor":8,"key":"Poison Potion"},{"floor":10,"key":"Venom Potion"}],"is_trial":false,"path_per_floor":["M","M","M","?","?","R","$","E","T","M","?","M","R","$","R","B"],"character_chosen":"THE_SILENT","items_purchased":["Noxious Fumes","Bane"],"campfire_rested":2,"item_purchase_floors":[7,7],"current_hp_per_floor":[55,54,47,47,27,50,50,19,19,20,20,5,28,28,28,0,0],"gold":57,"neow_bonus":"TWENTY_PERCENT_HP_BONUS","is_daily":false,"chose_seed":false,"campfire_upgraded":1,"win_rate":0.0,"timestamp":1609282736,"path_taken":["M","M","M","?","?","R","$","E","T","M","?","M","R","?","R","BOSS"],"items_purchased_type":["Card","Card"],"build_version":"2020-12-22","purchased_purges":0,"victory":false,"max_hp_per_floor":[78,78,78,78,78,78,78,78,78,78,78,78,78,78,78,78,78],"relic_stats":{"counters":[7,35],"Bag of Preparation":[7],"obtain_stats":[{"hubris:FunFungus":9,"Bag of Preparation":8,"Ring of Panic":4,"Ring of the Snake":0},{"hubris:FunFungus":4,"Bag of Preparation":4,"Ring of Panic":3,"Ring of the Snake":0},{"hubris:FunFungus":19,"Bag of Preparation":19,"Ring of Panic":14,"Ring of the Snake":0}],"Ring of the Snake":[14]},"card_choices":[{"not_picked":["Prepared","Hidden Blade"],"picked":"Sucker Punch","floor":1},{"not_picked":["Deflect","Blade Dance","Outmaneuver"],"picked":"SKIP","floor":2},{"not_picked":["Blur","Choke"],"picked":"Deadly Poison","floor":3},{"not_picked":["infinitespire:Menacing","ReplayTheSpireMod:Haul"],"picked":"ReplayTheSpireMod:??????????????????????","floor":5},{"not_picked":["Infinite Blades","Flying Knee"],"picked":"Dagger Spray","floor":8},{"not_picked":["Deflect","Underhanded Strike"],"picked":"Backflip","floor":10},{"not_picked":["hubris:Sniper","Escape Plan"],"picked":"Deadly Poison","floor":12}],"player_experience":925902,"relics_obtained":[{"floor":4,"key":"Ring of Panic"},{"floor":8,"key":"Bag of Preparation"},{"floor":9,"key":"hubris:FunFungus"}],"event_choices":[{"damage_healed":0,"gold_gain":0,"player_choice":"Invest 1","damage_taken":0,"max_hp_gain":0,"max_hp_loss":0,"event_name":"conspire:Investor","floor":11,"gold_loss":0}],"is_beta":false,"boss_relics":[],"items_purged_floors":[],"is_endless":false,"potions_floor_spawned":[1,2,8,10],"killed_by":"Fading Forest","ascension_level":20}}