{"host":"iq6tbtp5mk4vf216","time":1610459835,"event":{"mods":["BaseMod","BetterRewards","Colored Map","Colored Powertips","Downfall","Duelist Mod","Minty Spire (QoL Compilation)","Rare Cards Sparkle","Replay The Spire","StSLib","The Hierophant","The Jungle","The Necromancer","The Poker Player"],"gold_per_floor":[111,111,11,11,11,44,60,60,60,91,31,55,88,126,126,252,252,272,272,297,317,342,342,378,378,378,378,399,399,399,417,417,547,547,567,315,331,331,265,265,309,309,309,353,353,353,373,283,283,283,283],"floor_reached":50,"playtime":3900,"items_purged":[],"score":609,"play_id":"a09e9b88-2819-4778-9079-bc53548ec908","local_time":"20210112065715","is_ascension_mode":false,"campfire_choices":[{"data":"Negative_Energy_Burst","floor":8,"key":"SMITH"},{"data":"Requiem","floor":15,"key":"SMITH"},{"floor":23,"key":"REST"},{"data":"Injury","floor":25,"key":"PURGE"},{"floor":27,"key":"REST"},{"floor":29,"key":"REST"},{"floor":32,"key":"REST"},{"floor":40,"key":"REST"},{"floor":42,"key":"REST"},{"floor":45,"key":"REST"},{"floor":49,"key":"RECALL"}],"circlet_count":0,"master_deck":["Defend_W","Defend_W","Defend_W+1","Defend_W+1","Negative_Energy_Arrows","Bone_Wall","Toxic_Smoke_Screen+1","Summon_Undead_Army","Negative_Energy_Burst+1","Death_Coil+1","Spectral_Walk+1","Bone_Spikes","Exploit+1","Blood_Curse","Requiem+1","Necrotic_Claws+1","Bone_Bullets","Summon_Death_Knight+1","Negative_Energy_Mist","Bone_Armor+1","Death_Knell","Violent_Necrosis+1","Corrupt+1","Bone_Prison","Bite","Bite","Bite","Bite","Blood_for_Blood","Summon_Vampire_Lady+1","Life_Tap+1","Grasp_Heart+1","Bones_to_Steel+1","Stop_Heart","Stop_Heart","Spectral_Armor+1","Blood_Curse+1","Thousand_Bone_Knives+1","Pandemic+1"],"relics":["Vampire_Amulet","NeowsBlessing","Blue Doll","Golden Idol","CaptainsWheel","Quantum Egg","FossilizedHelix","Peace Pipe","Odd Mushroom","ChewingGum","Strawberry","Gremlin Food","SlaversCollar","Guide Book","Darkstone Periapt","Blue Candle","War Paint"],"acts_visited":["Exordium","TheCity","TheBeyond"],"potions_floor_usage":[16,22,33,33,33,35,44,44],"damage_taken":[{"damage":0,"enemies":"2 Louse","floor":1,"turns":1},{"damage":3,"enemies":"3 Sentries","floor":6,"turns":2},{"damage":0,"enemies":"Jaw Worm","floor":7,"turns":1},{"damage":16,"enemies":"Gremlin Nob","floor":10,"turns":5},{"damage":0,"enemies":"Cultist","floor":12,"turns":3},{"damage":18,"enemies":"3 Sentries","floor":13,"turns":5},{"damage":12,"enemies":"The Mushroom Lair","floor":14,"turns":3},{"damage":23,"enemies":"Slime Boss","floor":16,"turns":9},{"damage":5,"enemies":"3 Byrds","floor":18,"turns":4},{"damage":0,"enemies":"Spheric Guardian","floor":20,"turns":5},{"damage":10,"enemies":"Snake Plant","floor":21,"turns":5},{"damage":36,"enemies":"Sentry and Sphere","floor":22,"turns":8},{"damage":28,"enemies":"Book of Stabbing","floor":24,"turns":6},{"damage":0,"enemies":"Centurion and Healer","floor":28,"turns":7},{"damage":22,"enemies":"Snake Plant","floor":31,"turns":5},{"damage":22,"enemies":"Champ","floor":33,"turns":8},{"damage":54,"enemies":"3 Darklings","floor":35,"turns":14},{"damage":0,"enemies":"Orb Walker","floor":37,"turns":4},{"damage":37,"enemies":"Nemesis","floor":41,"turns":5},{"damage":56,"enemies":"Reptomancer","floor":44,"turns":9},{"damage":24,"enemies":"3 Darklings","floor":47,"turns":6},{"damage":87,"enemies":"Awakened One","floor":50,"turns":12}],"seed_played":"4320696920745185604","potions_obtained":[{"floor":10,"key":"Flashbang"},{"floor":12,"key":"FearPotion"},{"floor":16,"key":"PowerPotion"},{"floor":19,"key":"Regen Potion"},{"floor":19,"key":"sneckomod:MuddlingPotion"},{"floor":28,"key":"Elixir"},{"floor":31,"key":"BlessingOfTheForge"},{"floor":33,"key":"SteroidPotion"},{"floor":35,"key":"Fire Potion"},{"floor":37,"key":"SteroidPotion"}],"is_trial":false,"path_per_floor":["M","?","$","?","T","E","M","R","T","E","$","M","E","?","R","B",null,"M","?","M","M","M","R","E","R","T","R","M","R","?","M","R","B",null,"M","$","M","?","$","R","E","R","T","E","R","?","M","?","R_BF","B"],"character_chosen":"NECROMANCER","items_purchased":["Summon_Undead_Army","Negative_Energy_Burst","Exploit+1","Blood_Curse","Grasp_Heart+1","Guide Book","Stop_Heart","Spectral_Armor"],"campfire_rested":7,"item_purchase_floors":[3,3,11,11,36,36,39,39],"current_hp_per_floor":[75,68,68,68,68,71,73,73,73,59,59,61,49,43,43,28,75,75,75,75,67,44,66,47,47,47,71,75,82,57,41,57,43,57,32,32,38,38,38,55,29,46,46,32,49,55,52,52,52,0,0],"gold":283,"neow_bonus":"THREE_ENEMY_KILL","is_daily":false,"chose_seed":false,"campfire_upgraded":2,"win_rate":0.0,"timestamp":1610459835,"path_taken":["M","?","$","?","?","E","M","R","T","E","$","M","E","?","R","BOSS","M","?","M","M","?","R","E","R","T","R","M","R","?","M","R","BOSS","M","$","M","?","$","R","E","R","T","E","R","?","?","?","R_BF","BOSS"],"items_purchased_type":["Card","Card","Card","Card","Card","Relic","Card","Card"],"build_version":"2020-12-22","purchased_purges":0,"victory":false,"max_hp_per_floor":[75,75,75,75,75,75,75,75,75,75,75,75,75,75,75,75,75,75,75,75,75,75,75,82,82,82,82,82,82,57,57,57,57,57,57,57,57,57,57,57,57,57,57,57,57,63,63,63,63,63,63],"card_choices":[{"not_picked":["Bone_Armor","Blood_Curse"],"picked":"Toxic_Smoke_Screen","floor":1},{"not_picked":["Bone_Prison","Deaths_Shadow"],"picked":"Death_Coil","floor":6},{"not_picked":["Summon_Undead_Army","Negative_Energy_Mist"],"picked":"Spectral_Walk","floor":7},{"not_picked":["Shackles_Of_Pain","Death_Coil"],"picked":"Bone_Spikes","floor":10},{"not_picked":["Blood_Is_Power","Death_Coil"],"picked":"Requiem","floor":12},{"not_picked":["Negative_Energy_Mist","Slay_Living"],"picked":"Necrotic_Claws","floor":13},{"not_picked":["Blood_Curse","Death_Coil"],"picked":"Bone_Bullets","floor":14},{"not_picked":["Reap_The_Weak","Blood_Wake"],"picked":"Summon_Death_Knight","floor":16},{"not_picked":["Bone_Bullets","Scare"],"picked":"Negative_Energy_Mist","floor":18},{"not_picked":["Finger_Of_Death","Blood_Curse"],"picked":"Bone_Armor+1","floor":20},{"not_picked":["Toxic_Smoke_Screen","Blood_Shield"],"picked":"Death_Knell","floor":21},{"not_picked":["Blood_Curse","Strike_from_Beyond"],"picked":"Violent_Necrosis+1","floor":22},{"not_picked":["Summon_Undead_Army","Death_March_Dance"],"picked":"Corrupt","floor":24},{"not_picked":["Siphon_Strength","Scare"],"picked":"Bone_Prison","floor":28},{"not_picked":["Bone_Shift","Thousand_Bone_Knives"],"picked":"Blood_for_Blood","floor":31},{"not_picked":["Skeleton_Dragon","Reap_The_Weak"],"picked":"Summon_Vampire_Lady","floor":33},{"not_picked":["Negative_Energy_Javelin+1","Acid_Javelin"],"picked":"Life_Tap+1","floor":35},{"not_picked":["Consume_Illness","Bone_Spikes+1"],"picked":"Bones_to_Steel","floor":37},{"not_picked":["Bone_Armor","Shackles_Of_Pain"],"picked":"Blood_Curse+1","floor":41},{"not_picked":["Siphon_Strength+1","Chill_Blood"],"picked":"Thousand_Bone_Knives+1","floor":44},{"not_picked":["Bones_to_Steel+1","Acid_Javelin+1"],"picked":"Pandemic+1","floor":47}],"player_experience":659968,"relics_obtained":[{"floor":6,"key":"CaptainsWheel"},{"floor":9,"key":"Quantum Egg"},{"floor":10,"key":"FossilizedHelix"},{"floor":13,"key":"Peace Pipe"},{"floor":14,"key":"Odd Mushroom"},{"floor":24,"key":"Strawberry"},{"floor":26,"key":"Gremlin Food"},{"floor":41,"key":"Darkstone Periapt"},{"floor":43,"key":"Blue Candle"},{"floor":44,"key":"War Paint"}],"event_choices":[{"damage_healed":0,"gold_gain":0,"player_choice":"Success","damage_taken":7,"relics_obtained":["Blue Doll"],"max_hp_gain":0,"max_hp_loss":0,"event_name":"Scrap Ooze","floor":2,"gold_loss":0},{"damage_healed":0,"gold_gain":0,"player_choice":"Take Wound","damage_taken":0,"relics_obtained":["Golden Idol"],"max_hp_gain":0,"max_hp_loss":0,"event_name":"Golden Idol","floor":4,"gold_loss":0,"cards_obtained":["Injury"]},{"damage_healed":0,"gold_gain":0,"player_choice":"Fought Mushrooms","damage_taken":0,"max_hp_gain":0,"max_hp_loss":0,"event_name":"Mushrooms","floor":14,"gold_loss":0},{"damage_healed":0,"gold_gain":0,"player_choice":"Got Potions","damage_taken":0,"max_hp_gain":0,"max_hp_loss":0,"event_name":"Lab","floor":19,"gold_loss":0},{"damage_healed":0,"gold_gain":0,"player_choice":"Became a vampire","damage_taken":0,"max_hp_gain":0,"max_hp_loss":25,"event_name":"Vampires","floor":30,"gold_loss":0,"cards_obtained":["Bite","Bite","Bite","Bite","Bite"]},{"cards_removed":["Bite"],"damage_healed":0,"gold_gain":0,"player_choice":"Removed Attack","damage_taken":0,"max_hp_gain":0,"max_hp_loss":0,"event_name":"Falling","floor":38,"gold_loss":0},{"damage_healed":0,"gold_gain":0,"player_choice":"Cursed","damage_taken":0,"max_hp_gain":0,"max_hp_loss":0,"event_name":"Wheel of Change","floor":46,"gold_loss":0,"cards_obtained":["Decay"]},{"cards_removed":["Decay"],"damage_healed":0,"gold_gain":0,"player_choice":"Upgrade and Remove","damage_taken":0,"max_hp_gain":0,"max_hp_loss":0,"event_name":"Designer","floor":48,"gold_loss":90,"cards_upgraded":["Corrupt"]}],"is_beta":false,"boss_relics":[{"not_picked":["ReplayTheSpireMod:DimensionalGlitch","Sozu"],"picked":"ChewingGum"},{"not_picked":["Velvet Choker","Black Star"],"picked":"SlaversCollar"}],"items_purged_floors":[],"is_endless":false,"potions_floor_spawned":[10,12,16,21,28,31,33,35,37],"killed_by":"Awakened One","ascension_level":0}}