{"host":"tmzq6unyecs2p367","time":1610486714,"event":{"mods":["BaseMod","Koishi","Minty Spire (QoL Compilation)","StSLib","The Bug Knight","The Dragon Tamer","The Juggle","The Senshi"],"gold_per_floor":[119,119,119,135,151,184,196,218,256,268,307,419,459,491,503,611,623,653,38,38,52,67,84,84,111,111,143,160,75,100,118,118,217,217,230,230,244,255,5,5,5,31,31,81,81,106,120,131,131,131,131,131],"floor_reached":50,"language":"ENG","playtime":1794,"items_purged":["Pain"],"score":854,"play_id":"192fbbc5-8b9b-4679-8f5e-f3ffcd13fb00","local_time":"20210112222514","is_ascension_mode":true,"metric_token":531,"campfire_choices":[{"floor":7,"key":"REST"},{"data":"DTMod:TriAttack","floor":10,"key":"SMITH"},{"floor":15,"key":"REST"},{"data":"DTMod:Training","floor":24,"key":"SMITH"},{"floor":32,"key":"REST"},{"floor":40,"key":"REST"},{"floor":49,"key":"REST"}],"dtmod_dragon_data":[7,50,1,3,10,2],"circlet_count":0,"master_deck":["DTMod:Strike","DTMod:Strike+1","DTMod:Strike","DTMod:Strike+1","DTMod:DoubleHit","DTMod:TargetDefense","DTMod:TargetDefense","DTMod:TargetDefense","DTMod:TargetDefense","DTMod:SwitchingTactic","DTMod:ComboAttack","DTMod:TriAttack+1","DTMod:MaximumCharge","DTMod:Training+1","DTMod:OpeningTactic","DTMod:TagTeam","DTMod:DragonDance","DTMod:Inferno","DTMod:FlameSlash+1","DTMod:BreakAttack","DTMod:BalancedStrike+1","DTMod:HeadStart+1","DTMod:ResonanceForm+1","DTMod:Multitask+1","Apotheosis+1","Mayhem+1","DTMod:CalculatedDefense+1","DTMod:ForkedFire+1","DTMod:ShadowImage+1","DTMod:HeatWave+1","DTMod:DragonDance+1"],"relics":["Philosopher\u0027s Stone","WarpedTongs","MawBank","Art of War","Anchor","SlaversCollar","DTMod:SolidMemories","Frozen Egg 2","Nloth\u0027s Gift","Toxic Egg 2","Meat on the Bone","Red Mask","DTMod:DragonFood","Pocketwatch","theSenshi:SuperSailorFukuRelic","DTMod:BasicTextbook","The Courier","Du-Vu Doll","StrikeDummy"],"acts_visited":["Exordium","TheCity","TheBeyond"],"potions_floor_usage":[6,11,27,30,38,46,47,50],"damage_taken":[{"damage":4,"enemies":"2 Louse","floor":1,"turns":3},{"damage":3,"enemies":"Cultist","floor":4,"turns":3},{"damage":9,"enemies":"Jaw Worm","floor":5,"turns":3},{"damage":12,"enemies":"3 Sentries","floor":6,"turns":7},{"damage":2,"enemies":"Gremlin Gang","floor":8,"turns":4},{"damage":2,"enemies":"HollowMod:MossKnight","floor":11,"turns":2},{"damage":2,"enemies":"Gremlin Nob","floor":13,"turns":3},{"damage":1,"enemies":"Lots of Slimes","floor":14,"turns":4},{"damage":11,"enemies":"The Guardian","floor":16,"turns":6},{"damage":3,"enemies":"Chosen","floor":18,"turns":3},{"damage":2,"enemies":"Shell Parasite","floor":21,"turns":2},{"damage":0,"enemies":"3 Cultists","floor":22,"turns":2},{"damage":13,"enemies":"Centurion and Healer","floor":23,"turns":5},{"damage":0,"enemies":"Slavers","floor":25,"turns":2},{"damage":0,"enemies":"Masked Bandits","floor":27,"turns":2},{"damage":0,"enemies":"Shelled Parasite and Fungi","floor":28,"turns":2},{"damage":0,"enemies":"Book of Stabbing","floor":30,"turns":3},{"damage":0,"enemies":"Snecko","floor":31,"turns":2},{"damage":0,"enemies":"Champ","floor":33,"turns":6},{"damage":0,"enemies":"Orb Walker","floor":35,"turns":3},{"damage":0,"enemies":"3 Shapes","floor":37,"turns":2},{"damage":26,"enemies":"Spire Growth","floor":38,"turns":3},{"damage":2,"enemies":"HollowMod:StalkingDevout","floor":42,"turns":8},{"damage":0,"enemies":"Mind Bloom Boss Battle","floor":44,"turns":3},{"damage":34,"enemies":"Giant Head","floor":46,"turns":8},{"damage":0,"enemies":"Transient","floor":47,"turns":5},{"damage":0,"enemies":"Jaw Worm Horde","floor":48,"turns":4},{"damage":40,"enemies":"Donu and Deca","floor":50,"turns":4}],"seed_played":"3023219268252894047","potions_obtained":[{"floor":5,"key":"SneckoOil"},{"floor":8,"key":"SteroidPotion"},{"floor":16,"key":"BlessingOfTheForge"},{"floor":18,"key":"Weak Potion"},{"floor":23,"key":"BlessingOfTheForge"},{"floor":25,"key":"DistilledChaos"},{"floor":28,"key":"FearPotion"},{"floor":35,"key":"GamblersBrew"},{"floor":42,"key":"Block Potion"}],"is_trial":false,"path_per_floor":["M","?","?","M","M","E","R","M","T","R","E","?","E","M","R","B",null,"M","$","?","M","M","M","R","E","T","?","M","?","E","M","R","B",null,"M","?","M","M","$","R","?","E","T","?","?","E","M","M","R","B"],"character_chosen":"THE_DT","items_purchased":["DTMod:SolidMemories","Frozen Egg 2","theSenshi:SuperSailorFukuRelic"],"campfire_rested":5,"item_purchase_floors":[19,19,39],"current_hp_per_floor":[41,32,32,29,20,8,21,19,19,19,17,17,15,14,27,16,45,42,42,42,40,40,27,27,27,27,27,27,27,27,27,40,40,45,45,40,40,26,26,39,39,37,37,37,37,15,27,27,40,0,0,0],"gold":131,"neow_bonus":"BOSS_RELIC","is_daily":false,"chose_seed":false,"campfire_upgraded":2,"win_rate":0.0,"timestamp":1610486714,"path_taken":["M","?","?","M","?","E","R","M","T","R","E","?","E","?","R","BOSS","M","$","?","?","M","M","R","E","T","?","M","?","E","M","R","BOSS","M","?","M","M","$","R","?","E","T","?","?","E","M","M","R","BOSS"],"items_purchased_type":["Relic","Relic","Relic"],"build_version":"2020-12-22","purchased_purges":1,"victory":false,"max_hp_per_floor":[45,45,45,45,45,45,45,45,45,45,45,45,45,45,45,45,45,45,45,45,45,45,45,45,45,45,45,45,45,45,45,45,45,45,45,45,45,45,45,45,45,45,45,45,45,45,45,45,45,45,45,45],"card_choices":[{"not_picked":["DTMod:BurningEnergy","DTMod:Observe","DTMod:GhostSkin"],"picked":"SKIP","floor":1},{"not_picked":["DTMod:Cover","DTMod:RunningTactic"],"picked":"DTMod:CrossStep","floor":4},{"not_picked":["DTMod:Astonish","DTMod:Punisher"],"picked":"DTMod:ComboAttack","floor":5},{"not_picked":["DTMod:FlameSlash","DTMod:ShieldDrain"],"picked":"DTMod:TriAttack","floor":6},{"not_picked":["DTMod:Observe","DTMod:ShieldDrain"],"picked":"DTMod:MaximumCharge","floor":8},{"not_picked":["DTMod:Hide","DTMod:CalculatedDefense"],"picked":"DTMod:Training","floor":11},{"not_picked":["DTMod:BalancedStrike","DTMod:BlueScale"],"picked":"DTMod:OpeningTactic","floor":13},{"not_picked":["DTMod:TagTeam","DTMod:MasterPlan","DTMod:Training"],"picked":"SKIP","floor":14},{"not_picked":["DTMod:MasterPlan","DTMod:Training"],"picked":"DTMod:TagTeam","floor":14},{"not_picked":["DTMod:Overwhelm","DTMod:Cover"],"picked":"DTMod:DragonDance","floor":15},{"not_picked":["DTMod:StunTrap","DTMod:Safeguard"],"picked":"DTMod:Inferno","floor":16},{"not_picked":["DTMod:BizarreTactic","DTMod:Feint"],"picked":"DTMod:FlameSlash+1","floor":18},{"not_picked":["DTMod:QuickFly","DTMod:Hide"],"picked":"DTMod:BreakAttack","floor":21},{"not_picked":["DTMod:ComboAttack","DTMod:ForkedFire"],"picked":"DTMod:BalancedStrike+1","floor":22},{"not_picked":["DTMod:Hide","DTMod:Haste+1","DTMod:TagTeam"],"picked":"SKIP","floor":23},{"not_picked":["DTMod:Astonish","DTMod:Haste+1","DTMod:TauntingStrike"],"picked":"SKIP","floor":25},{"not_picked":["DTMod:ForkedFire","DTMod:Feint"],"picked":"DTMod:HeadStart+1","floor":27},{"not_picked":["DTMod:ShieldDrain+1","DTMod:FlameSlash","DTMod:CleansingStrike"],"picked":"SKIP","floor":28},{"not_picked":["DTMod:Cover+1","DTMod:Feint+1"],"picked":"DTMod:ResonanceForm+1","floor":30},{"not_picked":["DTMod:Punisher+1","DTMod:BlazingStrike","DTMod:BalancedStrike"],"picked":"SKIP","floor":31},{"not_picked":["DTMod:FierySynthesis","DTMod:GearUp+1"],"picked":"DTMod:Multitask+1","floor":33},{"not_picked":["DTMod:RecklessFlurry+1","DTMod:Cover+1","DTMod:TagTeam+1"],"picked":"SKIP","floor":35},{"not_picked":["Mind Blast","Dramatic Entrance"],"picked":"Apotheosis+1","floor":36},{"not_picked":["Bandage Up+1","Impatience+1"],"picked":"Mayhem+1","floor":36},{"not_picked":["DTMod:QuickFly","DTMod:BreakAttack"],"picked":"DTMod:CalculatedDefense+1","floor":37},{"not_picked":["DTMod:ShieldDrain+1","DTMod:Cover+1","DTMod:BlazingStrike"],"picked":"SKIP","floor":38},{"not_picked":["DTMod:LowKick+1","DTMod:CalculatedDefense+1"],"picked":"DTMod:ForkedFire+1","floor":42},{"not_picked":["DTMod:QuickFly+1","DTMod:RepeatStrike"],"picked":"DTMod:ShadowImage+1","floor":46},{"not_picked":["DTMod:Adaptation+1","DTMod:Cover+1"],"picked":"DTMod:HeatWave+1","floor":47},{"not_picked":["DTMod:BreakAttack+1","DTMod:Threaten+1"],"picked":"DTMod:DragonDance+1","floor":48}],"player_experience":1835674,"relics_obtained":[{"floor":6,"key":"MawBank"},{"floor":9,"key":"Art of War"},{"floor":11,"key":"Anchor"},{"floor":13,"key":"Dream Catcher"},{"floor":25,"key":"Toxic Egg 2"},{"floor":26,"key":"Meat on the Bone"},{"floor":27,"key":"Red Mask"},{"floor":30,"key":"Pocketwatch"},{"floor":42,"key":"DTMod:BasicTextbook"},{"floor":43,"key":"The Courier"},{"floor":44,"key":"Du-Vu Doll"},{"floor":46,"key":"StrikeDummy"}],"event_choices":[{"damage_healed":0,"gold_gain":0,"player_choice":"Entered Light","damage_taken":9,"max_hp_gain":0,"max_hp_loss":0,"event_name":"Shining Light","floor":2,"gold_loss":0,"cards_upgraded":["DTMod:Strike","DTMod:Strike"]},{"damage_healed":0,"gold_gain":0,"player_choice":"Rummage","damage_taken":0,"relics_obtained":["WarpedTongs"],"max_hp_gain":0,"max_hp_loss":0,"event_name":"Accursed Blacksmith","floor":3,"gold_loss":0,"cards_obtained":["Pain"]},{"damage_healed":0,"gold_gain":100,"player_choice":"Pray","damage_taken":0,"max_hp_gain":0,"max_hp_loss":0,"event_name":"Golden Shrine","floor":12,"gold_loss":0},{"damage_healed":0,"gold_gain":0,"player_choice":"Traded Relic","damage_taken":0,"relics_obtained":["Nloth\u0027s Gift"],"max_hp_gain":0,"max_hp_loss":0,"event_name":"N\u0027loth","floor":20,"relics_lost":["Dream Catcher"],"gold_loss":0},{"damage_healed":0,"gold_gain":0,"player_choice":"Fought Bandits","damage_taken":0,"max_hp_gain":0,"max_hp_loss":0,"event_name":"Masked Bandits","floor":27,"gold_loss":0},{"damage_healed":0,"gold_gain":0,"player_choice":"Obtained Relic","damage_taken":0,"relics_obtained":["DTMod:DragonFood"],"max_hp_gain":0,"max_hp_loss":0,"event_name":"Addict","floor":29,"gold_loss":85},{"damage_healed":0,"gold_gain":0,"player_choice":"Memory 2","damage_taken":5,"max_hp_gain":0,"max_hp_loss":0,"event_name":"SensoryStone","floor":36,"gold_loss":0},{"damage_healed":0,"gold_gain":0,"player_choice":"Ignored","damage_taken":0,"max_hp_gain":0,"max_hp_loss":0,"event_name":"Tomb of Lord Red Mask","floor":41,"gold_loss":0},{"damage_healed":0,"gold_gain":0,"player_choice":"Fight","damage_taken":0,"max_hp_gain":0,"max_hp_loss":0,"event_name":"MindBloom","floor":44,"gold_loss":0},{"cards_removed":["DTMod:CrossStep"],"damage_healed":0,"gold_gain":0,"player_choice":"Removed Power","damage_taken":0,"max_hp_gain":0,"max_hp_loss":0,"event_name":"Falling","floor":45,"gold_loss":0}],"is_beta":false,"boss_relics":[{"not_picked":["SacredBark","Empty Cage"],"picked":"SlaversCollar"},{"not_picked":[]}],"items_purged_floors":[19],"is_endless":false,"potions_floor_spawned":[5,8,16,18,23,25,28,35,42],"killed_by":"Donu and Deca","ascension_level":4}}