{"host":"dt66m9hiqmdltoz4","time":1610456936,"event":{"mods":["BaseMod","Gremlin Skip","Minty Spire (QoL Compilation)","Shop Mod","StSLib"],"gold_per_floor":[114,114,114,130,142,169,182,182,182],"floor_reached":8,"playtime":263,"items_purged":[],"score":58,"play_id":"13651c02-e7a3-44cf-a50d-4d0d17afadc2","local_time":"20210113020856","is_ascension_mode":false,"campfire_choices":[],"circlet_count":0,"master_deck":["Strike_R","Strike_R","Strike_R","Strike_R","Strike_R+1","Defend_R","Defend_R+1","Defend_R","Defend_R","Bash+1","Cleave","Thunderclap","Iron Wave","Sever Soul","Flame Barrier"],"relics":["Burning Blood","Regal Pillow","CaptainsWheel"],"acts_visited":["Exordium"],"potions_floor_usage":[6,8,8],"damage_taken":[{"damage":7,"enemies":"Small Slimes","floor":1,"turns":4},{"damage":7,"enemies":"2 Louse","floor":4,"turns":2},{"damage":0,"enemies":"Cultist","floor":5,"turns":3},{"damage":28,"enemies":"3 Sentries","floor":6,"turns":5},{"damage":22,"enemies":"Gremlin Gang","floor":7,"turns":5},{"damage":31,"enemies":"Lagavulin","floor":8,"turns":8}],"seed_played":"-411042587277520960","potions_obtained":[{"floor":4,"key":"EssenceOfSteel"},{"floor":5,"key":"DuplicationPotion"},{"floor":6,"key":"Swift Potion"}],"is_trial":false,"path_per_floor":["M","?","?","M","M","E","M","E"],"character_chosen":"IRONCLAD","items_purchased":[],"campfire_rested":0,"item_purchase_floors":[],"current_hp_per_floor":[79,63,63,62,68,46,30,0,0],"gold":182,"neow_bonus":"RANDOM_COMMON_RELIC","is_daily":false,"chose_seed":false,"campfire_upgraded":0,"win_rate":0.0,"timestamp":1610456936,"path_taken":["M","?","?","M","?","E","M","E"],"items_purchased_type":[],"build_version":"2020-12-22","purchased_purges":0,"victory":false,"max_hp_per_floor":[80,80,80,80,80,80,80,80,80],"card_choices":[{"not_picked":["Flex","Wild Strike"],"picked":"Cleave","floor":1},{"not_picked":["Body Slam","Dual Wield"],"picked":"Thunderclap","floor":4},{"not_picked":["Fiend Fire","Seeing Red"],"picked":"Iron Wave","floor":5},{"not_picked":["Whirlwind","Flex"],"picked":"Sever Soul","floor":6},{"not_picked":["Rupture","Armaments"],"picked":"Flame Barrier","floor":7}],"player_experience":310660,"relics_obtained":[{"floor":6,"key":"CaptainsWheel"}],"event_choices":[{"damage_healed":0,"gold_gain":0,"player_choice":"Entered Light","damage_taken":16,"max_hp_gain":0,"max_hp_loss":0,"event_name":"Shining Light","floor":2,"gold_loss":0,"cards_upgraded":["Strike_R","Defend_R"]},{"damage_healed":0,"gold_gain":0,"player_choice":"Forge","damage_taken":0,"max_hp_gain":0,"max_hp_loss":0,"event_name":"Accursed Blacksmith","floor":3,"gold_loss":0,"cards_upgraded":["Bash"]}],"is_beta":false,"boss_relics":[],"items_purged_floors":[],"is_endless":false,"potions_floor_spawned":[4,5,6],"killed_by":"Lagavulin","ascension_level":0}}