{"host":"22tt21bn45sbv98g","time":1610461598,"event":{"mods":["Act Like it!","BaseMod","Downfall","Gensokyo","Minty Spire (QoL Compilation)","SOS（斯巴达之子）","StSLib","The Blackbeard","The Servant 0.9.4","Youmu（魂魄妖梦）","【功能Mod】聪明的最终Boss"],"gold_per_floor":[119,131,131,131,2,77,77,111,111,111,43,43,68,117,117,213,213,240,240,240],"floor_reached":19,"playtime":1365,"items_purged":[],"score":215,"play_id":"f5af79be-348f-4fe2-918d-31c0fc156f0c","local_time":"20210112222638","is_ascension_mode":false,"campfire_choices":[{"floor":7,"key":"RECALL"},{"data":"Rebellion","floor":12,"key":"SMITH"},{"data":"Redorb","floor":15,"key":"SMITH"}],"circlet_count":0,"master_deck":["Attack_a","Attack_a","Attack_b","Shoot","Shoot","Provocation","Defend_Dante","Defend_Dante","Defend_Dante","Defend_Dante","Redorb+1","Greenorb","Whiteorb","Rebellion+1","LucifercomboB","Splesh","Millionkick","LucifercomboC","LucifercomboD","Whiteorb","Stylechange"],"relics":["SSS","Combocheck","NeowsBlessing","Pear","Odd Mushroom","Busted Crown"],"acts_visited":["Exordium","TheCity"],"potions_floor_usage":[13,16,16],"damage_taken":[{"damage":0,"enemies":"Cultist","floor":1,"turns":1},{"damage":0,"enemies":"Jaw Worm","floor":2,"turns":1},{"damage":0,"enemies":"Gremlin Nob","floor":6,"turns":2},{"damage":0,"enemies":"2 Louse","floor":8,"turns":1},{"damage":5,"enemies":"Blue Slaver","floor":13,"turns":3},{"damage":12,"enemies":"The Mushroom Lair","floor":14,"turns":4},{"damage":67,"enemies":"Slime Boss","floor":16,"turns":10},{"damage":46,"enemies":"Shell Parasite","floor":18,"turns":7},{"damage":0,"enemies":"2 Thieves","floor":19,"turns":1}],"seed_played":"-1500626252268735147","potions_obtained":[{"floor":6,"key":"Slimebound:ThreeZeroPotion"},{"floor":8,"key":"SkillPotion"},{"floor":14,"key":"Block Potion"},{"floor":16,"key":"Regen Potion"}],"is_trial":false,"path_per_floor":["M","M","?","?","$","E","R","M","T","$","$","R","M","?","R","B",null,"M","M"],"character_chosen":"DANTE","items_purchased":["Rebellion","LucifercomboB","Splesh","LucifercomboD"],"campfire_rested":0,"item_purchase_floors":[5,5,5,11],"current_hp_per_floor":[80,80,80,85,85,95,95,95,95,95,95,95,90,82,82,15,95,53,53,53],"gold":240,"neow_bonus":"THREE_ENEMY_KILL","is_daily":false,"chose_seed":false,"campfire_upgraded":2,"win_rate":0.0,"timestamp":1610461598,"path_taken":["M","?","?","?","$","E","R","M","T","?","$","R","?","?","R","BOSS","M","M"],"items_purchased_type":["Card","Card","Card","Card"],"build_version":"2020-12-22","purchased_purges":0,"victory":false,"max_hp_per_floor":[80,80,80,85,85,95,95,95,95,95,95,95,95,95,95,95,95,95,95,95],"card_choices":[{"not_picked":["EbonyIvory","DevilstarS"],"picked":"Greenorb","floor":1},{"not_picked":["EbonyIvory","Dash1"],"picked":"Whiteorb","floor":2},{"not_picked":["Pandora","EbonyIvory"],"picked":"Millionkick","floor":6},{"not_picked":["Straight","Dash1"],"picked":"LucifercomboC","floor":8},{"not_picked":["Pandora","SSScard"],"picked":"Whiteorb","floor":13},{"not_picked":["Demonreform","Weaponreturn"],"picked":"Stylechange","floor":16},{"not_picked":["Whiteorb"],"picked":"SKIP","floor":18}],"player_experience":268549,"relics_obtained":[{"floor":6,"key":"Pear"},{"floor":14,"key":"Odd Mushroom"}],"event_choices":[{"damage_healed":0,"gold_gain":0,"player_choice":"Leave","damage_taken":0,"max_hp_gain":0,"max_hp_loss":0,"event_name":"The Cleric","floor":3,"gold_loss":0},{"damage_healed":0,"gold_gain":0,"player_choice":"Donut","damage_taken":0,"max_hp_gain":5,"max_hp_loss":0,"event_name":"Big Fish","floor":4,"gold_loss":0},{"damage_healed":0,"gold_gain":0,"player_choice":"Fought Mushrooms","damage_taken":0,"max_hp_gain":0,"max_hp_loss":0,"event_name":"Mushrooms","floor":14,"gold_loss":0}],"is_beta":false,"boss_relics":[{"not_picked":["Pandora\u0027s Box","Coffee Dripper"],"picked":"Busted Crown"}],"items_purged_floors":[],"is_endless":false,"potions_floor_spawned":[6,8,14,16],"killed_by":"2 Thieves","ascension_level":0}}