{"host":"anox4050deqdcqoh","time":1610457357,"event":{"mods":["BaseMod","Colored Map","Highlight Path","Minty Spire (QoL Compilation)","Quick Restart","Rare Cards Sparkle","everything is the same but u backflip on backflip"],"gold_per_floor":[113,93,111,125,200,231,247,261,261,261,261,289,303,45,45,149,149,161,12,23,23,34,34,34,34,34,48,80,92,92],"floor_reached":29,"playtime":2503,"items_purged":[],"score":255,"play_id":"b6ae1c58-9273-4885-98fb-9d4bf0fa013a","local_time":"20210112081557","is_ascension_mode":false,"campfire_choices":[{"floor":11.0,"key":"REST"},{"data":"DevaForm","floor":15.0,"key":"SMITH"},{"floor":23,"key":"REST"},{"data":"Wallop","floor":25,"key":"SMITH"}],"circlet_count":0,"master_deck":["Strike_P","Strike_P","Strike_P","Strike_P","Defend_P","Defend_P","Defend_P","Eruption","Vigilance","DevaForm+1","EmptyFist","Wireheading","CutThroughFate","DeceiveReality","MasterReality","Nirvana","ThirdEye+1","Wallop+1","SandsOfTime","Pray+1","Devotion","Halt+1","ClearTheMind+1","Writhe","Pray+1","FlurryOfBlows"],"relics":["HolyWater","Damaru","Toxic Egg 2","Lee\u0027s Waffle","ClockworkSouvenir","Vajra","Meat on the Bone","MawBank"],"acts_visited":["Exordium","TheCity"],"potions_floor_usage":[20,28,28,28],"damage_taken":[{"damage":2.0,"enemies":"2 Louse","floor":1.0,"turns":4.0},{"damage":0.0,"enemies":"Cultist","floor":3.0,"turns":5.0},{"damage":3.0,"enemies":"Jaw Worm","floor":4.0,"turns":2.0},{"damage":37.0,"enemies":"Gremlin Nob","floor":6.0,"turns":5.0},{"damage":4.0,"enemies":"2 Fungi Beasts","floor":7.0,"turns":4.0},{"damage":2.0,"enemies":"Looter","floor":8.0,"turns":3.0},{"damage":24.0,"enemies":"3 Sentries","floor":12.0,"turns":10.0},{"damage":0.0,"enemies":"3 Louse","floor":13.0,"turns":5.0},{"damage":21.0,"enemies":"The Guardian","floor":16.0,"turns":9.0},{"damage":38.0,"enemies":"3 Byrds","floor":18.0,"turns":8.0},{"damage":4,"enemies":"Shell Parasite","floor":20,"turns":4},{"damage":21,"enemies":"Snake Plant","floor":22,"turns":4},{"damage":6,"enemies":"Centurion and Healer","floor":27,"turns":5},{"damage":13,"enemies":"Book of Stabbing","floor":28,"turns":5},{"damage":36,"enemies":"Colosseum Slavers","floor":29,"turns":4}],"seed_played":"4594125792050599002","potions_obtained":[{"floor":2.0,"key":"Strength Potion"},{"floor":4.0,"key":"CultistPotion"},{"floor":6.0,"key":"ColorlessPotion"},{"floor":7.0,"key":"Weak Potion"},{"floor":12.0,"key":"Energy Potion"},{"floor":16.0,"key":"Swift Potion"},{"floor":22,"key":"Swift Potion"},{"floor":27,"key":"GamblersBrew"}],"is_trial":false,"path_per_floor":["M","?","M","M","?","E","M","M","T","?","R","E","M","$","R","B",null,"M","$","M","?","M","R","?","R","T","M","E","?"],"character_chosen":"WATCHER","items_purchased":["Lee\u0027s Waffle","SandsOfTime","Pray+1","ClockworkSouvenir"],"campfire_rested":2,"item_purchase_floors":[14,14,14,19],"current_hp_per_floor":[70,70,70,67,56,19,15,13,13,13,34,10,10,79,79,58,79,41,41,37,37,16,39,39,39,39,45,44,8,8],"gold":92,"neow_bonus":"TRANSFORM_CARD","is_daily":false,"chose_seed":false,"campfire_upgraded":2,"win_rate":0.0,"timestamp":1610457357,"path_taken":["M","?","M","?","?","E","M","M","T","?","R","E","M","$","R","BOSS","M","$","M","?","M","R","?","R","T","M","E","?"],"items_purchased_type":["Relic","Card","Card","Relic"],"build_version":"2020-12-22","purchased_purges":0,"victory":false,"max_hp_per_floor":[72,72,72,72,72,72,72,72,72,72,72,72,72,79,79,79,79,79,79,79,79,79,79,79,79,79,79,79,79,79],"card_choices":[{"not_picked":["SashWhip","JustLucky"],"picked":"EmptyFist","floor":1.0},{"not_picked":["FlurryOfBlows","FlyingSleeves"],"picked":"Wireheading","floor":3.0},{"not_picked":["SashWhip","Halt"],"picked":"CutThroughFate","floor":4.0},{"not_picked":["Consecrate","ClearTheMind"],"picked":"DeceiveReality","floor":6.0},{"not_picked":["Consecrate","PathToVictory"],"picked":"MasterReality","floor":7.0},{"not_picked":["Vengeance","Protect"],"picked":"Nirvana","floor":8.0},{"not_picked":["ClearTheMind+1","JustLucky"],"picked":"ThirdEye+1","floor":12.0},{"not_picked":["Crescendo+1","EmptyBody+1"],"picked":"Wallop","floor":13.0},{"not_picked":["Scrawl+1","SpiritShield+1"],"picked":"Devotion","floor":16.0},{"not_picked":["BowlingBash","ThirdEye+1"],"picked":"Halt+1","floor":18.0},{"not_picked":["WindmillStrike","Consecrate","SashWhip"],"picked":"SKIP","floor":20},{"not_picked":["Alpha+1","Consecrate+1"],"picked":"ClearTheMind+1","floor":22},{"not_picked":["ForeignInfluence+1","CrushJoints"],"picked":"Pray+1","floor":27},{"not_picked":["SashWhip","ThirdEye+1"],"picked":"FlurryOfBlows","floor":28}],"player_experience":321088,"relics_obtained":[{"floor":6.0,"key":"Damaru"},{"floor":12.0,"key":"Toxic Egg 2"},{"floor":26,"key":"Meat on the Bone"},{"floor":28,"key":"MawBank"}],"event_choices":[{"damage_healed":0.0,"max_hp_gain":0.0,"max_hp_loss":0.0,"gold_gain":0.0,"event_name":"The Woman in Blue","player_choice":"Bought 1 Potion","floor":2.0,"gold_loss":0.0,"damage_taken":0.0},{"damage_healed":0.0,"max_hp_gain":0.0,"max_hp_loss":0.0,"gold_gain":75.0,"event_name":"World of Goop","player_choice":"Gather Gold","floor":5.0,"gold_loss":0.0,"damage_taken":11.0},{"damage_healed":0.0,"max_hp_gain":0.0,"max_hp_loss":0.0,"gold_gain":0.0,"event_name":"Shining Light","player_choice":"Ignored","floor":10.0,"gold_loss":0.0,"damage_taken":0.0},{"damage_healed":0,"gold_gain":0,"player_choice":"Ignored","damage_taken":0,"max_hp_gain":0,"max_hp_loss":0,"event_name":"Ghosts","floor":21,"gold_loss":0},{"damage_healed":0,"gold_gain":0,"player_choice":"Opened","damage_taken":0,"relics_obtained":["Vajra"],"max_hp_gain":0,"max_hp_loss":0,"event_name":"The Mausoleum","floor":24,"gold_loss":0,"cards_obtained":["Writhe"]},{"damage_healed":0,"gold_gain":0,"player_choice":"Fight","damage_taken":0,"max_hp_gain":0,"max_hp_loss":0,"event_name":"Colosseum","floor":29,"gold_loss":0}],"is_beta":false,"boss_relics":[{"not_picked":["Tiny House","Runic Dome"],"picked":"HolyWater"}],"items_purged_floors":[],"is_endless":false,"potions_floor_spawned":[4,6,7,12,16,22,27],"killed_by":"Colosseum Slavers","ascension_level":0}}