{"host":"zekcc3vicrep0och","time":1610486549,"event":{"mods":["AchievementEnabler","BaseMod","Colored Map","Colored Powertips","Displayed Cursed Tome","Highlight Path","Minty Spire (QoL Compilation)","Quick Restart","Relic Stats","StSLib","The Cursed"],"gold_per_floor":[119,170,182,182,198,230,230,255,282,282,247,282,282,301,301,378,378,389,389,403,73,89,123,123,123,123],"floor_reached":25,"language":"ENG","playtime":951,"items_purged":[],"score":466,"play_id":"d54b7c7d-3f59-400b-b2ca-fa106344c775","local_time":"20210113002229","is_ascension_mode":true,"campfire_choices":[{"data":"Perfected Strike","floor":7.0,"key":"SMITH"},{"data":"Berserk","floor":10.0,"key":"SMITH"},{"data":"Shrug It Off","floor":15.0,"key":"SMITH"}],"circlet_count":0,"master_deck":["AscendersBane","Strike_R","Strike_R","Strike_R","Strike_R","Strike_R","Defend_R+1","Defend_R+1","Defend_R","Defend_R","Bash+1","Perfected Strike+1","Armaments+1","Shrug It Off+1","Berserk+1","Impervious","Dropkick+1","Battle Trance+1","Pommel Strike+1"],"relics":["Burning Blood","Bag of Marbles","Pen Nib","War Paint","MealTicket","Runic Cube","ClockworkSouvenir","Omamori","Question Card"],"acts_visited":["Exordium","TheCity"],"potions_floor_usage":[25],"damage_taken":[{"damage":10.0,"enemies":"Small Slimes","floor":1.0,"turns":4.0},{"damage":0.0,"enemies":"2 Louse","floor":3.0,"turns":3.0},{"damage":0.0,"enemies":"Jaw Worm","floor":5.0,"turns":4.0},{"damage":35.0,"enemies":"3 Sentries","floor":6.0,"turns":8.0},{"damage":8.0,"enemies":"Gremlin Nob","floor":8.0,"turns":3.0},{"damage":18.0,"enemies":"3 Sentries","floor":12.0,"turns":9.0},{"damage":1.0,"enemies":"Red Slaver","floor":14.0,"turns":5.0},{"damage":10.0,"enemies":"The Guardian","floor":16.0,"turns":14.0},{"damage":3.0,"enemies":"Spheric Guardian","floor":18.0,"turns":5.0},{"damage":30.0,"enemies":"2 Thieves","floor":20.0,"turns":4.0},{"damage":23.0,"enemies":"Centurion and Healer","floor":22.0,"turns":8.0},{"damage":30.0,"enemies":"Book of Stabbing","floor":23.0,"turns":4.0},{"damage":34,"enemies":"Slavers","floor":25,"turns":1}],"seed_played":"5679902213144458636","potions_obtained":[{"floor":3.0,"key":"GamblersBrew"},{"floor":5.0,"key":"Swift Potion"},{"floor":6.0,"key":"Regen Potion"},{"floor":12.0,"key":"SteroidPotion"},{"floor":20.0,"key":"ElixirPotion"},{"floor":22.0,"key":"PowerPotion"},{"floor":23.0,"key":"Explosive Potion"}],"is_trial":false,"path_per_floor":["M","?","M","?","M","E","R","E","T","R","?","E","?","M","R","B",null,"M","?","M","$","M","E","?","E"],"character_chosen":"IRONCLAD","items_purchased":["ClockworkSouvenir","Omamori"],"campfire_rested":0,"item_purchase_floors":[21,21],"current_hp_per_floor":[64,64,70,70,75,46,46,53,53,53,71,59,64,69,69,65,76,79,79,55,70,53,29,29,0,0],"gold":123,"neow_bonus":"UPGRADE_CARD","is_daily":false,"chose_seed":false,"campfire_upgraded":3,"win_rate":0.0,"timestamp":1610486549,"path_taken":["M","?","M","?","M","E","R","E","T","R","?","E","?","M","R","BOSS","M","?","M","$","?","E","?","E"],"items_purchased_type":["Relic","Relic"],"build_version":"2020-12-22","purchased_purges":0,"victory":false,"max_hp_per_floor":[75,75,75,75,75,75,75,75,75,75,75,75,80,80,80,80,80,80,80,80,80,80,80,80,80,80],"relic_stats":{"counters":[13,72],"MealTicket":15,"Pen Nib":[8],"War Paint":["Defend_R","Defend_R"],"Question Card":0,"obtain_stats":[{"MealTicket":12,"Pen Nib":8,"Bag of Marbles":6,"Omamori":21,"War Paint":9,"Question Card":23,"Burning Blood":0,"Runic Cube":17,"ClockworkSouvenir":21},{"MealTicket":6,"Pen Nib":5,"Bag of Marbles":4,"Omamori":10,"War Paint":5,"Question Card":12,"Burning Blood":0,"Runic Cube":8,"ClockworkSouvenir":10},{"MealTicket":31,"Pen Nib":22,"Bag of Marbles":19,"Omamori":59,"War Paint":22,"Question Card":71,"Burning Blood":0,"Runic Cube":50,"ClockworkSouvenir":59}],"Burning Blood":71,"Runic Cube":[12]},"card_choices":[{"not_picked":["Shrug It Off","Flame Barrier"],"picked":"Perfected Strike","floor":1.0},{"not_picked":["Perfected Strike","Seeing Red"],"picked":"Armaments","floor":3.0},{"not_picked":["Twin Strike","Clash"],"picked":"Shrug It Off","floor":5.0},{"not_picked":["Infernal Blade","Evolve","Power Through"],"picked":"SKIP","floor":6.0},{"not_picked":["Rage","Burning Pact"],"picked":"Berserk","floor":8.0},{"not_picked":["Heavy Blade","Intimidate","Wild Strike"],"picked":"SKIP","floor":12.0},{"not_picked":["Cleave","Blood for Blood","True Grit"],"picked":"SKIP","floor":14.0},{"not_picked":["Offering","Brutality"],"picked":"Impervious","floor":16.0},{"not_picked":["Clash","Infernal Blade"],"picked":"Dropkick+1","floor":18.0},{"not_picked":["True Grit+1","Headbutt"],"picked":"Battle Trance+1","floor":20.0},{"not_picked":["Headbutt","Havoc","Carnage"],"picked":"SKIP","floor":22.0},{"not_picked":["Clothesline","Metallicize"],"picked":"Pommel Strike+1","floor":23.0}],"player_experience":520295,"relics_obtained":[{"floor":6.0,"key":"Bag of Marbles"},{"floor":8.0,"key":"Pen Nib"},{"floor":9.0,"key":"War Paint"},{"floor":12.0,"key":"MealTicket"},{"floor":23.0,"key":"Question Card"}],"event_choices":[{"damage_healed":0.0,"max_hp_gain":0.0,"max_hp_loss":0.0,"gold_gain":51.0,"event_name":"Golden Wing","player_choice":"Gained Gold","floor":2.0,"gold_loss":0.0,"damage_taken":0.0},{"damage_healed":0.0,"max_hp_gain":0.0,"max_hp_loss":0.0,"gold_gain":0.0,"event_name":"Living Wall","player_choice":"Grow","floor":4.0,"gold_loss":0.0,"damage_taken":0.0,"cards_upgraded":["Armaments"]},{"damage_healed":18.0,"max_hp_gain":0.0,"max_hp_loss":0.0,"gold_gain":0.0,"event_name":"The Cleric","player_choice":"Healed","floor":11.0,"gold_loss":35.0,"damage_taken":0.0},{"damage_healed":0.0,"max_hp_gain":5.0,"max_hp_loss":0.0,"gold_gain":0.0,"event_name":"Big Fish","player_choice":"Donut","floor":13.0,"gold_loss":0.0,"damage_taken":0.0},{"damage_healed":0.0,"max_hp_gain":0.0,"max_hp_loss":0.0,"gold_gain":0.0,"event_name":"N\u0027loth","player_choice":"Ignored","floor":19.0,"gold_loss":0.0,"damage_taken":0.0},{"damage_healed":0.0,"max_hp_gain":0.0,"max_hp_loss":0.0,"gold_gain":0.0,"event_name":"Forgotten Altar","player_choice":"Smashed Altar","floor":24.0,"gold_loss":0.0,"damage_taken":0.0,"cards_obtained":["Decay"]}],"is_beta":false,"boss_relics":[{"not_picked":["Tiny House","Pandora\u0027s Box"],"picked":"Runic Cube"}],"items_purged_floors":[],"is_endless":false,"potions_floor_spawned":[3,5,6,12,20,22,23],"killed_by":"Slavers","ascension_level":19}}