{"host":"eydwxg59205c3vtl","time":1610425373,"event":{"mods":["2.2 Compatiblity","BaseMod","Colored Map","Colored Powertips","Hubris","Minty Spire (QoL Compilation)","StSLib","The Jungle","The Necromancer"],"gold_per_floor":[114,114,114,138,23,23,42,42,65,90,90,3,24,67,67,156,156,174,188,188,207,245,245,279,279,279,291,339,85,85,103,103,196,196,210,210,233,256,274,308,326,347,397,297,315,315,339,362,362,362],"floor_reached":51,"playtime":4360,"items_purged":["Injury","Strike_W"],"score":1238,"play_id":"70fca368-6c42-41e3-b1b3-04702f9fe5c8","local_time":"20210111232253","is_ascension_mode":true,"campfire_choices":[{"data":"Spectral_Walk","floor":6,"key":"SMITH"},{"data":"Negative_Energy_Arrows","floor":8,"key":"SMITH"},{"data":"Violent_Necrosis","floor":11,"key":"SMITH"},{"data":"Bone_Prison","floor":15,"key":"SMITH"},{"data":"Acid_Javelin","floor":23,"key":"SMITH"},{"data":"Bone_Bullets","floor":25,"key":"SMITH"},{"floor":27,"key":"REST"},{"data":"Thousand_Bone_Knives","floor":30,"key":"SMITH"},{"data":"Grasp_Heart","floor":32,"key":"SMITH"},{"data":"Siphon_Strength","floor":46,"key":"SMITH"},{"floor":49,"key":"REST"}],"circlet_count":0,"master_deck":["AscendersBane","Defend_W","Defend_W","Defend_W","Negative_Energy_Arrows+1","Bone_Wall","Cloudkill+1","Spectral_Walk+1","Violent_Necrosis+1","Bone_Prison+1","Vampiric_Strike","Grasp_Heart+1","Acid_Javelin+1","Bone_Bullets+1","Bone_Bullets+1","Thousand_Bone_Knives+1","Hellfire","Siphon_Strength+1","Summon_Undead+1","Siphon_Strength+1","Spectral_Walk+1","Bones_to_Steel","Necrotic_Claws+1","Necromantic_Selection+1"],"relics":["Vampire_Amulet","Golden Idol","hubris:OldNail","Regal Pillow","Pen Nib","Velvet Choker","Red Mask","Ornamental Fan","MawBank","Orichalcum","Nunchaku","Astrolabe","Boot","Bag of Preparation"],"acts_visited":["Exordium","TheCity","TheBeyond"],"potions_floor_usage":[14,24,28,28,40,50,50],"damage_taken":[{"damage":1,"enemies":"Cultist","floor":1,"turns":4},{"damage":2,"enemies":"2 Louse","floor":7,"turns":2},{"damage":6,"enemies":"Jaw Worm","floor":10,"turns":3},{"damage":1,"enemies":"Exordium Wildlife","floor":13,"turns":3},{"damage":5,"enemies":"Gremlin Nob","floor":14,"turns":3},{"damage":22,"enemies":"The Guardian","floor":16,"turns":11},{"damage":9,"enemies":"Shell Parasite","floor":18,"turns":4},{"damage":0,"enemies":"Spheric Guardian","floor":19,"turns":4},{"damage":11,"enemies":"Centurion and Healer","floor":21,"turns":5},{"damage":21,"enemies":"Masked Bandits","floor":22,"turns":5},{"damage":11,"enemies":"Book of Stabbing","floor":24,"turns":4},{"damage":12,"enemies":"Gremlin Leader","floor":28,"turns":6},{"damage":0,"enemies":"Snake Plant","floor":31,"turns":3},{"damage":67,"enemies":"Automaton","floor":33,"turns":9},{"damage":29,"enemies":"3 Darklings","floor":35,"turns":3},{"damage":0,"enemies":"Orb Walker","floor":37,"turns":3},{"damage":9,"enemies":"3 Darklings","floor":38,"turns":4},{"damage":18,"enemies":"Sphere and 2 Shapes","floor":39,"turns":4},{"damage":14,"enemies":"Reptomancer","floor":40,"turns":5},{"damage":27,"enemies":"Jaw Worm Horde","floor":41,"turns":3},{"damage":34,"enemies":"Spire Growth","floor":42,"turns":4},{"damage":0,"enemies":"4 Shapes","floor":45,"turns":5},{"damage":0,"enemies":"Jaw Worm Horde","floor":47,"turns":2},{"damage":14,"enemies":"Sphere and 2 Shapes","floor":48,"turns":3},{"damage":13,"enemies":"Awakened One","floor":50,"turns":6}],"seed_played":"-5345960937624102076","potions_obtained":[{"floor":1,"key":"PowerPotion"},{"floor":10,"key":"CultistPotion"},{"floor":18,"key":"Dexterity Potion"},{"floor":24,"key":"DuplicationPotion"},{"floor":31,"key":"FairyPotion"},{"floor":33,"key":"EssenceOfSteel"},{"floor":39,"key":"Regen Potion"},{"floor":41,"key":"LiquidBronze"},{"floor":48,"key":"PowerPotion"}],"is_trial":false,"path_per_floor":["M","?","?","T","$","R","M","R","T","M","R","$","M","E","R","B",null,"M","M","?","M","?","R","E","R","T","R","E","$","R","M","R","B",null,"M","?","M","M","M","E","M","M","T","NS","M","R","M","M","R","B",null],"character_chosen":"NECROMANCER","items_purchased":["Spectral_Walk","Bone_Prison","Nunchaku"],"campfire_rested":2,"item_purchase_floors":[5,12,29],"current_hp_per_floor":[65,65,65,65,65,65,67,67,67,63,63,63,66,63,63,49,66,59,61,61,57,45,45,36,36,36,71,65,65,65,67,67,10,56,29,29,31,27,15,26,14,23,23,23,31,31,37,29,65,69],"gold":362,"neow_bonus":"ONE_RANDOM_RARE_CARD","is_daily":false,"chose_seed":false,"campfire_upgraded":9,"win_rate":0.0,"timestamp":1610425373,"path_taken":["M","?","?","?","$","R","M","R","T","?","R","?","?","E","R","BOSS","M","M","?","M","?","R","E","R","T","R","E","$","R","M","R","BOSS","M","?","M","M","M","E","?","M","T","NS","M","R","?","M","R","BOSS"],"items_purchased_type":["Card","Card","Relic"],"build_version":"2020-12-22","purchased_purges":2,"victory":true,"max_hp_per_floor":[71,71,71,71,71,71,71,71,71,71,71,71,71,71,71,71,71,71,71,71,71,71,71,71,71,71,71,71,71,71,71,71,71,71,71,71,71,71,71,71,71,71,71,71,71,71,71,71,71,71],"card_choices":[{"not_picked":["Blood_for_Blood","Exploit","Negative_Energy_Sphere"],"picked":"SKIP","floor":1},{"not_picked":["Corrupt","Scare","Blood_Is_Power"],"picked":"SKIP","floor":7},{"not_picked":["Consume_Illness","Negative_Energy_Mist"],"picked":"Violent_Necrosis","floor":10},{"not_picked":["Negative_Energy_Sphere","Bone_Shift"],"picked":"Vampiric_Strike","floor":13},{"not_picked":["Blood_Magic","Negative_Energy_Sphere","Shackles_Of_Pain"],"picked":"SKIP","floor":14},{"not_picked":["Negative_Energy_Bomb","Hellfire"],"picked":"Grasp_Heart","floor":16},{"not_picked":["Blood_Curse","Negative_Energy_Sphere"],"picked":"Acid_Javelin","floor":18},{"not_picked":["Bone_Spikes","Death_Knell"],"picked":"Consume_Illness+1","floor":19},{"not_picked":["Necromantic_Selection","Slay_Living"],"picked":"Bone_Bullets+1","floor":21},{"not_picked":["Pandemic","Toxic_Smoke_Screen"],"picked":"Bone_Bullets","floor":24},{"not_picked":["Skeleton_Dragon","Slay_Living"],"picked":"Thousand_Bone_Knives","floor":28},{"not_picked":["Bone_Armory","Bone_Armor","Blood_Whip"],"picked":"SKIP","floor":31},{"not_picked":["Summon_Death_Knight","Blood_Wake"],"picked":"Hellfire","floor":33},{"not_picked":["Bone_Shift","Negative_Energy_Javelin"],"picked":"Siphon_Strength","floor":35},{"not_picked":["Life_Tap","Necromantic_Selection","Vampiric_Strike"],"picked":"SKIP","floor":37},{"not_picked":["Bone_Bullets","Blood_for_Blood"],"picked":"Bones_to_Steel","floor":38},{"not_picked":["Death_Knell","Flesh_Made_Foul","Negative_Energy_Javelin"],"picked":"SKIP","floor":39},{"not_picked":["Bone_Shift","Shackles_Of_Pain"],"picked":"Necrotic_Claws+1","floor":40},{"not_picked":["Bone_Spikes","Bone_Armory+1","Death_Coil+1"],"picked":"SKIP","floor":41},{"not_picked":["Necromantic_Selection","Death_Coil","Bone_Shift"],"picked":"SKIP","floor":42},{"not_picked":["Scare","Blood_Curse"],"picked":"Necromantic_Selection+1","floor":45},{"not_picked":["Stop_Heart","Necromantic_Selection","Bone_Spikes"],"picked":"SKIP","floor":47},{"not_picked":["Necromantic_Selection+1","Chill_Blood","Negative_Energy_Shield"],"picked":"SKIP","floor":48}],"player_experience":610378,"relics_obtained":[{"floor":4,"key":"hubris:OldNail"},{"floor":9,"key":"Regal Pillow"},{"floor":14,"key":"Pen Nib"},{"floor":22,"key":"Red Mask"},{"floor":24,"key":"Ornamental Fan"},{"floor":26,"key":"MawBank"},{"floor":28,"key":"Orichalcum"},{"floor":40,"key":"Boot"},{"floor":43,"key":"Bag of Preparation"}],"event_choices":[{"damage_healed":0,"gold_gain":0,"player_choice":"Take Wound","damage_taken":0,"relics_obtained":["Golden Idol"],"max_hp_gain":0,"max_hp_loss":0,"event_name":"Golden Idol","floor":3,"gold_loss":0,"cards_obtained":["Injury"]},{"cards_removed":["Strike_W"],"damage_healed":0,"gold_gain":0,"player_choice":"Elegance","damage_taken":0,"max_hp_gain":0,"max_hp_loss":0,"event_name":"Back to Basics","floor":20,"gold_loss":0},{"damage_healed":0,"gold_gain":0,"player_choice":"Fought Bandits","damage_taken":0,"max_hp_gain":0,"max_hp_loss":0,"event_name":"Masked Bandits","floor":22,"gold_loss":0},{"damage_healed":0,"gold_gain":0,"player_choice":"Copied","damage_taken":0,"max_hp_gain":0,"max_hp_loss":0,"event_name":"Duplicator","floor":36,"gold_loss":0,"cards_obtained":["Spectral_Walk"]}],"is_beta":false,"boss_relics":[{"not_picked":["hubris:GrandSneckoEye","Coffee Dripper"],"picked":"Velvet Choker"},{"not_picked":["Snecko Eye","Black Star"],"picked":"Astrolabe"}],"items_purged_floors":[5,29],"is_endless":false,"potions_floor_spawned":[1,10,18,22,24,31,33,37,39,41,48],"ascension_level":17}}