{"host":"nwa4vfojywrrycsd","time":1610429568,"event":{"mods":["BaseMod","Colored Powertips","Conspire","Downfall","Good Game Mod","Marisa£®ÏF”Í°°ƒß¿Ì…≥£©","Minty Spire (QoL Compilation)","Reimu£®≤©¿ˆ¡È√Œ£©","Replay The Spire","StSLib","noobMod"],"gold_per_floor":[99,114,128,128,146,174,200,150,485,500,531,224,324,335,351,449,449,999999,1000009,1000009,999101,999119,999069,999151,999170,999182,998718,998735,998735,998685,998697,998707,998803,998803,998753,998753,998766,998783,998795,998745,998820,998046,998046,998046,997846,997878,997917,997971,997986,997994],"floor_reached":51,"playtime":3604,"items_purged":["Slimebound:Strike_Slimebound","Slimebound:Defend_Slimebound","Slimebound:Strike_Slimebound","Slimebound:Defend_Slimebound"],"score":749,"play_id":"dcc691bd-2266-4362-9b9d-710813ed7183","local_time":"20210112133248","is_ascension_mode":false,"campfire_choices":[{"data":"Slimebound:Split","floor":8.0,"key":"SMITH"},{"data":"Slimebound:LevelUp","floor":18,"key":"SMITH"},{"data":"Slimebound:RainOfGoop","floor":23,"key":"SMITH"},{"data":"Slimebound:LevelUp","floor":30,"key":"SMITH"},{"floor":35,"key":"RECALL"},{"data":"Slimebound:Overexert","floor":40,"key":"SMITH"},{"data":"Slimebound:RainOfGoop","floor":45,"key":"SMITH"}],"circlet_count":7,"master_deck":["Slimebound:Tackle","Slimebound:Split+1","Slimebound:CorrosiveSpit","Slimebound:Prepare+1","Slimebound:SamplingLick","Slimebound:ComboTackle","Slimebound:AcidTongue","Slimebound:SplitMire","Slimebound:SplitBruiser","Slimebound:SamplingLick","Slimebound:RainOfGoop+1","Slimebound:SlimeBrawl","Slimebound:RainOfGoop+1","Slimebound:SpikyOuterGoop","Slimebound:SlimeTap","Slimebound:LevelUp+1","Slimebound:OozeBath+1","Slimebound:SplitLeeching","Slimebound:Chomp","Slimebound:MegaLick","Slimebound:LeadByExample","Slimebound:LevelUp+1","Slimebound:FormOfPuddle","Slimebound:LivingWall","Slimebound:Nibble","Slimebound:OneTwoCombo+1","Slimebound:Overexert+1","Slimebound:SplitAcid+1","Slimebound:SplitMire+1","Slimebound:Repurpose","Slimebound:SplitBruiser","Slimebound:SelfFormingGoo","Slimebound:SplitAcid+1"],"relics":["Slimebound:AbsorbEndCombatUpgraded","Slimebound:GreedOozeRelic","Circlet","ReplayFunnel","Old Coin","Blood Vial","Toy Ornithopter","White Beast Statue","Replay:Grab Bag","Philosopher\u0027s Stone","Velvet Choker","Letter Opener","Regal Pillow","Question Card","Sundial","Lantern","Medical Kit","Juzu Bracelet","Gremlin Horn","Guide Book","downfall:HeartBlessingRed","downfall:HeartBlessingBlue","Replay:Bandana","conspire:GiftBox","conspire:InfiniteJournal"],"acts_visited":["Exordium","TheCity","TheBeyond"],"potions_floor_usage":[27,27,50,50,50,50,50,50],"damage_taken":[{"damage":4.0,"enemies":"Small Slimes","floor":2.0,"turns":3.0},{"damage":10.0,"enemies":"Jaw Worm","floor":3.0,"turns":3.0},{"damage":4.0,"enemies":"2 Louse","floor":5.0,"turns":2.0},{"damage":41.0,"enemies":"Lagavulin","floor":6.0,"turns":5.0},{"damage":25.0,"enemies":"3 Sentries","floor":9.0,"turns":6.0},{"damage":22.0,"enemies":"Gremlin Gang","floor":10.0,"turns":3.0},{"damage":28.0,"enemies":"Replay:BlueRogue","floor":11.0,"turns":4.0},{"damage":20.0,"enemies":"downfall:FleeingMerchant","floor":12.0,"turns":4.0},{"damage":28.0,"enemies":"downfall:LadyInBlue","floor":13.0,"turns":4.0},{"damage":19.0,"enemies":"Large Slime","floor":14.0,"turns":4.0},{"damage":16.0,"enemies":"2 Fungi Beasts","floor":15.0,"turns":2.0},{"damage":28.0,"enemies":"downfall:Watcher","floor":16.0,"turns":4.0},{"damage":19,"enemies":"Chosen","floor":19,"turns":3},{"damage":28,"enemies":"downfall:FleeingMerchant","floor":21,"turns":4},{"damage":13,"enemies":"conspire:HollyBat","floor":22,"turns":4},{"damage":22,"enemies":"Cultist and Chosen","floor":25,"turns":4},{"damage":44,"enemies":"Centurion and Healer","floor":26,"turns":3},{"damage":41,"enemies":"downfall:FleeingMerchant","floor":27,"turns":4},{"damage":22,"enemies":"Shelled Parasite and Fungi","floor":28,"turns":4},{"damage":35,"enemies":"Snake Plant","floor":31,"turns":2},{"damage":40,"enemies":"Snecko","floor":32,"turns":4},{"damage":66,"enemies":"downfall:Silent","floor":33,"turns":6},{"damage":20,"enemies":"3 Shapes","floor":37,"turns":3},{"damage":24,"enemies":"Orb Walker","floor":38,"turns":3},{"damage":19,"enemies":"3 Darklings","floor":39,"turns":3},{"damage":38,"enemies":"Giant Head","floor":46,"turns":5},{"damage":12,"enemies":"conspire:MimicChest","floor":47,"turns":2},{"damage":38,"enemies":"2 Orb Walkers","floor":48,"turns":3},{"damage":15,"enemies":"4 Shapes","floor":49,"turns":3},{"damage":41,"enemies":"downfall:Ironclad","floor":50,"turns":4}],"seed_played":"-1855355267181174959","potions_obtained":[{"floor":2.0,"key":"Weak Potion"},{"floor":5.0,"key":"Adrenaline Potion"},{"floor":6.0,"key":"Fire Potion"},{"floor":9.0,"key":"Elixir"},{"floor":13.0,"key":"EntropicBrew"},{"floor":13.0,"key":"LifebloodPotion"},{"floor":13.0,"key":"Cursed Concoction"},{"floor":15.0,"key":"LiquidMemories"},{"floor":16.0,"key":"LiquidBronze"},{"floor":19,"key":"SkillPotion"},{"floor":21,"key":"ZuzhouPotion:ReiMu"},{"floor":25,"key":"SteroidPotion"},{"floor":27,"key":"FearPotion"},{"floor":36,"key":"EntropicBrew"}],"is_trial":false,"path_per_floor":["R","M","M","?","M","E","T","R","E","M","E","$","?","M","M","B",null,"R","M","?","$","M","R","T","M","M","$","M","?","R","M","M","B",null,"R","?","M","M","M","R","T","$","T","?","R","E","?","?","M","B",null],"character_chosen":"SLIMEBOUND","items_purchased":["Slimebound:RainOfGoop","Toy Ornithopter","Letter Opener","Regal Pillow","Circlet","Sundial","Lantern","Medical Kit","Slimebound:LevelUp","BlessingOfTheForge","Juzu Bracelet","Gremlin Horn","Slimebound:Repurpose","Guide Book"],"campfire_rested":0,"item_purchase_floors":[12,12,21,21,21,27,27,27,27,27,42,42,42,42],"current_hp_per_floor":[66,66,66,66,66,39,39,39,42,44,40,46,44,55,62,66,66,66,999,999,999,999,999,999,999,999,999,999,999,999,999,999,999,999,999,999,999,999,999,999,999,999,999,999,999,999,999,999,999,999],"gold":997994,"neow_bonus":"TEN_PERCENT_HP_BONUS","is_daily":false,"chose_seed":false,"campfire_upgraded":6,"win_rate":0.0,"timestamp":1610429568,"path_taken":["R","M","M","?","M","E","T","R","E","M","E","$","?","?","M","BOSS","R","M","?","$","M","R","T","M","M","$","M","?","R","M","M","BOSS","R","?","M","M","M","R","T","$","?","?","R","E","?","?","M","BOSS"],"items_purchased_type":["Card","Relic","Relic","Relic","Undefined","Relic","Relic","Relic","Card","Potion","Relic","Relic","Card","Relic"],"build_version":"2020-12-22","purchased_purges":4,"victory":true,"max_hp_per_floor":[66,66,66,66,66,66,66,66,66,66,66,66,66,66,66,66,66,66,66,66,66,66,66,66,66,66,66,66,66,66,66,66,66,66,66,66,66,66,66,66,66,66,66,66,76,76,76,76,76,76],"card_choices":[{"not_picked":["Slimebound:ComboTackle","Slimebound:LeadByExample"],"picked":"Slimebound:SamplingLick","floor":2.0},{"not_picked":["Slimebound:ViciousTackle","Slimebound:RollThrough"],"picked":"Slimebound:ComboTackle","floor":3.0},{"not_picked":["Slimebound:LeechingTouch","Slimebound:ComboTackle"],"picked":"Slimebound:AcidTongue","floor":5.0},{"not_picked":["Slimebound:Chomp","Slimebound:PressTheAttack"],"picked":"Slimebound:SplitMire","floor":6.0},{"not_picked":["Slimebound:BestDefense","Slimebound:ForwardTackle"],"picked":"Slimebound:SplitBruiser","floor":9.0},{"not_picked":["Slimebound:FinishingTackle","Slimebound:FirmFortitude"],"picked":"Slimebound:SamplingLick","floor":10.0},{"not_picked":["Slimebound:GrowthPunch","Slimebound:MassFeed"],"picked":"Slimebound:RainOfGoop","floor":11.0},{"not_picked":["Slimebound:Equalize","Slimebound:LeechEnergy"],"picked":"Slimebound:SlimeBrawl","floor":12.0},{"not_picked":["Slimebound:Replication","Slimebound:FormOfPuddle"],"picked":"Slimebound:SpikyOuterGoop","floor":13.0},{"not_picked":["Slimebound:Replication","Slimebound:PressTheAttack"],"picked":"Slimebound:SlimeTap","floor":14.0},{"not_picked":["Slimebound:SlimeBrawl","Slimebound:LeechingTouch"],"picked":"Slimebound:LevelUp","floor":15.0},{"not_picked":["Slimebound:LeechLife","Slimebound:SelfFormingGoo"],"picked":"Slimebound:OozeBath","floor":16.0},{"not_picked":["Slimebound:FinishingTackle+1","Slimebound:LivingWall","Slimebound:RollThrough+1"],"picked":"SKIP","floor":19},{"not_picked":["Slimebound:SplitMire+1","Slimebound:SpikyOuterGoop","Slimebound:ComboTackle"],"picked":"SKIP","floor":21},{"not_picked":["Slimebound:Schlurp","Slimebound:PressTheAttack+1"],"picked":"Slimebound:SplitLeeching","floor":22},{"not_picked":["Slimebound:DisruptingSlam","Slimebound:ViciousTackle","Slimebound:FinishingTackle"],"picked":"Slimebound:Chomp","floor":25},{"not_picked":["Slimebound:ViciousTackle","Slimebound:SlimeSpikes","Slimebound:ComboTackle+1"],"picked":"Slimebound:MegaLick","floor":26},{"not_picked":["Slimebound:RollThrough","Slimebound:SplitBruiser","Slimebound:SplitAcid"],"picked":"Slimebound:LeadByExample","floor":27},{"not_picked":["Slimebound:SplitBruiser+1","Slimebound:LeadByExample+1","Slimebound:Equalize","Slimebound:SlimeSpikes"],"picked":"SKIP","floor":28},{"not_picked":["Slimebound:GrowthPunch+1","Slimebound:HauntingLick","Slimebound:SamplingLick"],"picked":"Slimebound:Nibble","floor":31},{"not_picked":["Slimebound:LeechEnergy","Slimebound:SplitLeeching","Slimebound:GoopSpray"],"picked":"Slimebound:OneTwoCombo","floor":32},{"not_picked":["Slimebound:WasteNot","Slimebound:OneTwoCombo","Slimebound:DuplicatedForm"],"picked":"Slimebound:Overexert","floor":33},{"not_picked":["Slimebound:ViciousTackle","Slimebound:GoopSpray","Slimebound:SamplingLick"],"picked":"Slimebound:SplitAcid+1","floor":37},{"not_picked":["Slimebound:SamplingLick","Slimebound:RejuvenatingLick+1","Slimebound:LeechEnergy+1"],"picked":"Slimebound:SplitMire+1","floor":38},{"not_picked":["Slimebound:DisruptingSlam","Slimebound:RainOfGoop","Slimebound:FinishingTackle+1","Slimebound:ViciousTackle"],"picked":"SKIP","floor":39},{"not_picked":["Slimebound:GrowthPunch","Slimebound:BestDefense+1","Slimebound:MassFeed","Slimebound:SlimeSpikes+1"],"picked":"SKIP","floor":46},{"not_picked":["Slimebound:LeechLife","Slimebound:OozeBath","Slimebound:MassRepurpose"],"picked":"Slimebound:SelfFormingGoo","floor":47},{"not_picked":["Slimebound:LeechingTouch+1","Slimebound:SlimeBarrage","Slimebound:Prepare"],"picked":"Slimebound:SplitAcid+1","floor":47},{"not_picked":["Slimebound:ComboTackle+1","Slimebound:FirmFortitude+1","Slimebound:Nibble","Slimebound:FormOfPuddle"],"picked":"SKIP","floor":49}],"player_experience":38578,"relics_obtained":[{"floor":6.0,"key":"halation:KoshaPiece"},{"floor":7.0,"key":"ReplayFunnel"},{"floor":9.0,"key":"Old Coin"},{"floor":11.0,"key":"Blood Vial"},{"floor":13.0,"key":"White Beast Statue"},{"floor":24,"key":"Question Card"},{"floor":43,"key":"Circlet"},{"floor":46,"key":"Replay:Bandana"},{"floor":47,"key":"conspire:GiftBox"},{"floor":48,"key":"conspire:InfiniteJournal"}],"event_choices":[{"damage_healed":0,"gold_gain":0,"player_choice":"Read","damage_taken":0,"max_hp_gain":0,"max_hp_loss":0,"event_name":"The Library","floor":20,"gold_loss":0,"cards_obtained":["Slimebound:Grow"]},{"damage_healed":0,"gold_gain":0,"cards_transformed":["Slimebound:Defend_Slimebound","Slimebound:Strike_Slimebound"],"player_choice":"Became Test Subject","damage_taken":0,"max_hp_gain":0,"max_hp_loss":0,"event_name":"Drug Dealer","floor":29,"gold_loss":0,"cards_obtained":["Slimebound:FormOfPuddle","Slimebound:LivingWall"]},{"damage_healed":0,"gold_gain":0,"player_choice":"Got Potions","damage_taken":0,"max_hp_gain":0,"max_hp_loss":0,"event_name":"Lab","floor":36,"gold_loss":0},{"damage_healed":0,"gold_gain":0,"cards_transformed":["Slimebound:Grow"],"player_choice":"Transformed","damage_taken":0,"max_hp_gain":0,"max_hp_loss":0,"event_name":"Transmorgrifier","floor":44,"gold_loss":0,"cards_obtained":["Slimebound:SplitBruiser"]},{"damage_healed":0,"gold_gain":0,"player_choice":"Fight","damage_taken":0,"max_hp_gain":0,"max_hp_loss":0,"event_name":"Mysterious Sphere","floor":48,"gold_loss":0}],"is_beta":false,"boss_relics":[{"not_picked":["ChewingGum","Replay:Wanted Poster"],"picked":"Replay:Grab Bag"},{"not_picked":["Sozu","SlaversCollar"],"picked":"Philosopher\u0027s Stone"},{"not_picked":["downfall:Hecktoplasm","Runic Dome"],"picked":"Velvet Choker"},{"not_picked":["Empty Cage","RedLine:ReiMu"],"picked":"Slimebound:AbsorbEndCombatUpgraded"},{"not_picked":["Circlet","Circlet"],"picked":"Circlet"}],"items_purged_floors":[12,21,27,42],"is_endless":false,"potions_floor_spawned":[2,5,6,9,14,15,16,19,21,22,25,26,27,28,31,32,33,37,38,39,46,47,48,49],"ascension_level":0}}