{"host":"8rqsnaeml9gxb0kp","time":1610421297,"event":{"mods":["AchievementEnabler","BaseMod","Dark Map","Minty Spire (QoL Compilation)","StSLib"],"gold_per_floor":[112,125,79,79,79,119,119,119,419,419,437,457,457,457,457,457,457],"floor_reached":16,"playtime":739,"items_purged":[],"score":103,"play_id":"207d0dcd-5a16-4e45-8fcc-02d89cff8f1c","local_time":"20210111191457","is_ascension_mode":true,"campfire_choices":[{"data":"Double Tap","floor":8,"key":"SMITH"},{"data":"Burning Pact","floor":10,"key":"SMITH"},{"data":"Uppercut","floor":13,"key":"SMITH"},{"data":"Bash","floor":15,"key":"SMITH"}],"circlet_count":0,"master_deck":["Strike_R","Strike_R","Strike_R","Strike_R","Strike_R","Defend_R","Defend_R","Defend_R","Defend_R","Bash+1","Double Tap+1","Heavy Blade","Shrug It Off","Wild Strike","Burning Pact+1","Uppercut+1"],"relics":["Burning Blood","Golden Idol","InkBottle","Dream Catcher","Old Coin","Question Card"],"acts_visited":["Exordium"],"potions_floor_usage":[16],"damage_taken":[{"damage":6,"enemies":"Cultist","floor":1,"turns":3},{"damage":6,"enemies":"Jaw Worm","floor":2,"turns":4},{"damage":34,"enemies":"Gremlin Nob","floor":6,"turns":5},{"damage":0,"enemies":"Small Slimes","floor":11,"turns":3},{"damage":13,"enemies":"2 Fungi Beasts","floor":12,"turns":4},{"damage":60,"enemies":"Slime Boss","floor":16,"turns":12}],"seed_played":"-7734726820834786652","potions_obtained":[{"floor":2,"key":"Block Potion"},{"floor":6,"key":"SteroidPotion"},{"floor":11,"key":"BloodPotion"}],"is_trial":false,"path_per_floor":["M","M","$","?","?","E","?","R","T","R","M","M","R","T","R","B"],"character_chosen":"IRONCLAD","items_purchased":["Wild Strike"],"campfire_rested":0,"item_purchase_floors":[3],"current_hp_per_floor":[80,80,80,60,57,29,55,55,55,55,61,54,54,54,54,0,0],"gold":457,"neow_bonus":"ONE_RANDOM_RARE_CARD","is_daily":false,"chose_seed":false,"campfire_upgraded":4,"win_rate":0.0,"timestamp":1610421297,"path_taken":["M","M","?","?","?","E","?","R","T","R","M","M","R","?","R","BOSS"],"items_purchased_type":["Card"],"build_version":"2020-12-22","purchased_purges":0,"victory":false,"max_hp_per_floor":[80,80,80,80,80,80,80,80,80,80,80,80,80,80,80,80,80],"card_choices":[{"not_picked":["Bloodletting","Twin Strike"],"picked":"Heavy Blade","floor":1},{"not_picked":["Disarm","True Grit"],"picked":"Shrug It Off","floor":2},{"not_picked":["Intimidate","Clash"],"picked":"Burning Pact","floor":6},{"not_picked":["Flex","Metallicize"],"picked":"Uppercut","floor":11},{"not_picked":["Perfected Strike","Havoc","Anger"],"picked":"SKIP","floor":12}],"player_experience":46144,"relics_obtained":[{"floor":6,"key":"Dream Catcher"},{"floor":9,"key":"Old Coin"},{"floor":14,"key":"Question Card"}],"event_choices":[{"damage_healed":0,"gold_gain":0,"player_choice":"Take Damage","damage_taken":20,"relics_obtained":["Golden Idol"],"max_hp_gain":0,"max_hp_loss":0,"event_name":"Golden Idol","floor":4,"gold_loss":0},{"damage_healed":0,"gold_gain":0,"player_choice":"Success","damage_taken":3,"relics_obtained":["InkBottle"],"max_hp_gain":0,"max_hp_loss":0,"event_name":"Scrap Ooze","floor":5,"gold_loss":0},{"damage_healed":26,"gold_gain":0,"player_choice":"Banana","damage_taken":0,"max_hp_gain":0,"max_hp_loss":0,"event_name":"Big Fish","floor":7,"gold_loss":0}],"is_beta":false,"boss_relics":[],"items_purged_floors":[],"is_endless":false,"potions_floor_spawned":[2,6,11],"killed_by":"Slime Boss","ascension_level":1}}