{"host":"waym8cixmimlndgg","time":1610438232,"event":{"mods":["Act Like it!","BaseMod","Colored Powertips","Downfall","Gensokyo","KinomotoSakuraMod(Ä¾Ö®±¾Ó£)","Marisa£¨ìFÓê¡¡Ä§ÀíÉ³£©","Minty Spire (QoL Compilation)","READ ME - Guardian Mod","Replay The Spire","StSLib","The Bug Knight","The Clintock","The Poker Player"],"gold_per_floor":[99,118,133,148,148,158,158,158,88,88,88,101,126,169,197,304,304,304,330,333,368,328,360,360,408,25,70,113,153,153,195,225,336,336,336,387,426,471,302,302,302,302,337,358,358,358,395,430,454,470,470,470],"floor_reached":50,"playtime":3573,"items_purged":["Guardian:Strike_Guardian","Guardian:Strike_Guardian"],"score":657,"play_id":"6ea9e849-1f86-4dc2-9be2-23d3c99394cb","local_time":"20210112155712","is_ascension_mode":true,"campfire_choices":[{"data":"Guardian:TwinSlam","floor":1.0,"key":"SMITH"},{"data":"Guardian:MultiBeam","floor":8.0,"key":"SMITH"},{"data":"Guardian:CurlUp","floor":10.0,"key":"SMITH"},{"data":"Guardian:PrismaticBeam","floor":18.0,"key":"SMITH"},{"data":"Guardian:Defend_Guardian","floor":35,"key":"SMITH"},{"data":"Guardian:SpikerProtocol","floor":42,"key":"SMITH"}],"circlet_count":0,"master_deck":["Guardian:Defend_Guardian","Guardian:Defend_Guardian","Guardian:Defend_Guardian+1","Guardian:CurlUp+1","Guardian:TwinSlam+1","Guardian:PrimingBeam+1","Guardian:MultiBeam+1","Guardian:PiercingHide+1","Guardian:PrismaticBeam+1","Guardian:HyperBeam_Guardian","Guardian:PiercingHide+1","Guardian:PiercingHide+1","Guardian:CrystalBeam+1","Guardian:RollAttack","Guardian:DonusPower+1","Guardian:SpikerProtocol+1","Guardian:AncientConstruct","Guardian:Gem_Purple"],"relics":["Guardian:ModeShifter","Chameleon Ring","Replay:Ringing Soul","Replay:Bandana","Pear","Philosopher\u0027s Stone","Thread and Needle","Vajra","Prayer Wheel","Pen Nib","Toxic Egg 2","Runic Pyramid","HollowMod:PaleOreRelic","OrangePellets","Bag of Marbles","StoneCalendar","Gensokyo:EmptyGrave"],"acts_visited":["Gensokyo:Gensokyo","Gensokyo:Gensokyoer","Gensokyo:Gensokyoest"],"potions_floor_usage":[25,27,29,33,48,50,50],"damage_taken":[{"damage":4.0,"enemies":"Gensokyo:Gryphon","floor":2.0,"turns":3.0},{"damage":7.0,"enemies":"Gensokyo:Python","floor":3.0,"turns":3.0},{"damage":0.0,"enemies":"Gensokyo:2_Kodama","floor":4.0,"turns":3.0},{"damage":3.0,"enemies":"Gensokyo:2_Rabbits","floor":6.0,"turns":4.0},{"damage":2.0,"enemies":"Gensokyo:Python_and_Kodama","floor":12.0,"turns":2.0},{"damage":8.0,"enemies":"Gensokyo:Cirno","floor":14.0,"turns":6.0},{"damage":0.0,"enemies":"Gensokyo:LivingMonolith","floor":15.0,"turns":3.0},{"damage":16.0,"enemies":"downfall:Ironclad","floor":16.0,"turns":9.0},{"damage":15.0,"enemies":"Gensokyo:3_Dogs","floor":19.0,"turns":3.0},{"damage":0.0,"enemies":"downfall:FleeingMerchant","floor":20.0,"turns":4.0},{"damage":10,"enemies":"Gensokyo:AngelMirror","floor":21,"turns":5},{"damage":3,"enemies":"Gensokyo:Slime_Group","floor":23,"turns":5},{"damage":45,"enemies":"Gensokyo:Tenshi","floor":25,"turns":6},{"damage":2,"enemies":"downfall:FleeingMerchant","floor":26,"turns":4},{"damage":7,"enemies":"Gensokyo:Reisen","floor":27,"turns":5},{"damage":0,"enemies":"Gensokyo:Chomper_and_Gloop","floor":28,"turns":3},{"damage":0,"enemies":"Gensokyo:Koishi","floor":29,"turns":4},{"damage":0,"enemies":"Gensokyo:3_Gloops","floor":31,"turns":2},{"damage":14,"enemies":"Gensokyo:Wraith","floor":32,"turns":3},{"damage":10,"enemies":"downfall:Defect","floor":33,"turns":7},{"damage":12,"enemies":"Gensokyo:3_Boulders","floor":36,"turns":3},{"damage":4,"enemies":"Gensokyo:3_Bats","floor":37,"turns":2},{"damage":14,"enemies":"Gensokyo:3_Boulders","floor":38,"turns":4},{"damage":4,"enemies":"downfall:FleeingMerchant","floor":39,"turns":4},{"damage":16,"enemies":"Gensokyo:AtlasGolem","floor":43,"turns":5},{"damage":7,"enemies":"Gensokyo:4_Bats","floor":44,"turns":3},{"damage":0,"enemies":"Gensokyo:Dusk_and_Dawn","floor":47,"turns":3},{"damage":28,"enemies":"Gensokyo:AtlasGolem","floor":48,"turns":5},{"damage":16,"enemies":"Gensokyo:Rafflesia","floor":49,"turns":7},{"damage":130,"enemies":"downfall:Silent","floor":50,"turns":9}],"seed_played":"-4470378455936559444","potions_obtained":[{"floor":12.0,"key":"Fire Potion"},{"floor":14.0,"key":"ColorlessPotion"},{"floor":16.0,"key":"Fire Potion"},{"floor":21,"key":"Reflective Coating"},{"floor":27,"key":"FairyPotion"},{"floor":28,"key":"ColorlessPotion"},{"floor":30,"key":"Dexterity Potion"},{"floor":31,"key":"hexamod:EctoCoolerPotion"},{"floor":37,"key":"Fire Potion"},{"floor":48,"key":"SkillPotion"}],"is_trial":false,"path_per_floor":["R","M","M","M","?","M","T","R","?","R","?","M","T","E","M","B",null,"R","M","$","M","?","M","T","E","$","E","M","E","R","M","M","B",null,"R","M","M","M","$","?","T","R","M","M","?","?","M","M","M","B"],"character_chosen":"GUARDIAN","items_purchased":["Prayer Wheel","Guardian:AncientConstruct","HollowMod:PaleOreRelic","OrangePellets"],"campfire_rested":0,"item_purchase_floors":[26,39,39,39],"current_hp_per_floor":[56,52,45,45,29,26,26,26,26,26,29,30,30,35,38,25,105,105,93,96,89,89,89,89,44,45,41,41,44,44,47,36,26,132,132,123,119,108,107,107,107,107,91,87,30,30,30,2,52,0,0,0],"gold":470,"neow_bonus":"REMOVE_TWO","is_daily":false,"chose_seed":false,"campfire_upgraded":6,"win_rate":0.0,"timestamp":1610438232,"path_taken":["R","M","M","?","?","M","T","R","?","R","?","?","?","E","M","BOSS","R","M","$","M","?","M","T","E","?","E","M","E","R","?","M","BOSS","R","M","M","M","$","?","T","R","?","M","?","?","M","?","M","BOSS"],"items_purchased_type":["Relic","Card","Relic","Relic"],"build_version":"2020-12-22","purchased_purges":2,"victory":false,"max_hp_per_floor":[80,80,80,80,80,80,80,80,80,80,83,86,86,99,102,105,105,105,108,111,114,114,117,117,117,120,123,123,126,126,129,132,132,132,132,135,135,138,141,141,141,141,141,144,144,133,133,133,133,133,133,133],"card_choices":[{"not_picked":["Guardian:ChargeCore","Guardian:Reroute"],"picked":"Guardian:PrimingBeam","floor":2.0},{"not_picked":["Guardian:Gem_Red","Guardian:ShieldCharger"],"picked":"Guardian:Gem_White","floor":3.0},{"not_picked":["Guardian:Preprogram","Guardian:SentryBeam"],"picked":"Guardian:MultiBeam","floor":4.0},{"not_picked":["Guardian:WalkerClaw","Guardian:ShieldCharger"],"picked":"Guardian:Gem_Cyan","floor":6.0},{"not_picked":["Guardian:Gem_Lightblue","Guardian:Suspension"],"picked":"Guardian:PiercingHide","floor":12.0},{"not_picked":["Guardian:Recover","Guardian:ChargeUp"],"picked":"Guardian:PrismaticBeam","floor":14.0},{"not_picked":["Guardian:Gem_Green","Guardian:SentryBeam"],"picked":"Guardian:Gem_Crimson","floor":15.0},{"not_picked":["Guardian:ConstructionForm","Guardian:FastForward"],"picked":"Guardian:HyperBeam_Guardian","floor":16.0},{"not_picked":["Guardian:VentSteam","Guardian:Gem_Green"],"picked":"Guardian:PiercingHide+1","floor":19.0},{"not_picked":["Guardian:Clone","Guardian:TemporalShield"],"picked":"Guardian:PiercingHide+1","floor":20},{"not_picked":["Guardian:Harden","Guardian:ShieldCharger"],"picked":"Guardian:Gem_Blue","floor":21},{"not_picked":["Guardian:Recover+1","Guardian:Gem_Green"],"picked":"Guardian:CrystalBeam+1","floor":23},{"not_picked":["Guardian:BronzeOrb","Guardian:Reroute","Guardian:Planning"],"picked":"SKIP","floor":25},{"not_picked":["Guardian:Planning","Guardian:StasisStrike"],"picked":"Guardian:Gem_Lightblue","floor":26},{"not_picked":["Guardian:RefractedBeam","Guardian:Gem_Blue"],"picked":"Guardian:RollAttack","floor":27},{"not_picked":["Guardian:TemporalStrike","Guardian:Clone","Guardian:VentSteam"],"picked":"SKIP","floor":28},{"not_picked":["Guardian:WalkerClaw","Guardian:TemporalStrike","Guardian:ShieldCharger"],"picked":"SKIP","floor":28},{"not_picked":["Guardian:CrystalBeam","Guardian:HyperBeam_Guardian"],"picked":"Guardian:Gem_Green","floor":29},{"not_picked":["Guardian:CrystalBeam+1","Guardian:Recover+1"],"picked":"Guardian:Gem_Lightblue","floor":31},{"not_picked":["Guardian:ArmoredProtocol+1","Guardian:ChargeCore","Guardian:TimeBomb+1"],"picked":"SKIP","floor":31},{"not_picked":["Guardian:Harden+1","Guardian:ChargeCore"],"picked":"Guardian:DonusPower+1","floor":32},{"not_picked":["Guardian:ChargeCore","Guardian:CrystalBeam+1","Guardian:Gem_Cyan"],"picked":"SKIP","floor":32},{"not_picked":["Guardian:PolyBeam+1","Guardian:Gem_Fragmented"],"picked":"Guardian:SpikerProtocol","floor":36},{"not_picked":["Guardian:TemporalShield+1","Guardian:PrismaticBeam","Guardian:Gem_Cyan"],"picked":"SKIP","floor":36},{"not_picked":["Guardian:Incinerate+1","Guardian:BronzeArmor+1","Guardian:TemporalShield+1"],"picked":"SKIP","floor":37},{"not_picked":["Guardian:ChargeUp+1","Guardian:Clone+1","Guardian:TemporalStrike"],"picked":"SKIP","floor":37},{"not_picked":["Guardian:Incinerate+1","Guardian:Clone+1"],"picked":"Guardian:Gem_Red","floor":38},{"not_picked":["Guardian:Repulse+1","Guardian:ShieldSpikes+1"],"picked":"Guardian:Gem_Red","floor":38},{"not_picked":["Guardian:SpikerProtocol","Guardian:RollAttack+1","Guardian:PrimingBeam"],"picked":"SKIP","floor":39},{"not_picked":["Guardian:BronzeOrb+1","Guardian:Gem_White","Guardian:ArmoredProtocol"],"picked":"SKIP","floor":43},{"not_picked":["Guardian:ShieldCharger+1","Guardian:GuardianWhirl","Guardian:FierceBash"],"picked":"SKIP","floor":43},{"not_picked":["Guardian:Suspension+1","Guardian:Gem_Blue"],"picked":"Guardian:Gem_Purple","floor":44},{"not_picked":["Guardian:TemporalStrike","Guardian:Recover+1","Guardian:FloatingOrbs+1"],"picked":"SKIP","floor":44},{"not_picked":["Guardian:Preprogram+1","Guardian:PolyBeam+1","Guardian:Recover+1"],"picked":"SKIP","floor":47},{"not_picked":["Guardian:PolyBeam","Guardian:WalkerClaw+1","Guardian:RollAttack"],"picked":"SKIP","floor":47},{"not_picked":["Guardian:DecasProtection+1","Guardian:Orbwalk+1","Guardian:PrismaticBarrier+1"],"picked":"SKIP","floor":48},{"not_picked":["Guardian:Gem_Lightblue","Guardian:Suspension+1","Guardian:Recover+1"],"picked":"SKIP","floor":48},{"not_picked":["Guardian:TemporalStrike+1","Guardian:MultiBeam+1","Guardian:Gem_Crimson"],"picked":"SKIP","floor":49},{"not_picked":["Guardian:PrimingBeam+1","Guardian:StasisField+1","Guardian:PiercingHide+1"],"picked":"SKIP","floor":49}],"player_experience":79089,"relics_obtained":[{"floor":7.0,"key":"Replay:Ringing Soul"},{"floor":13.0,"key":"Replay:Bandana"},{"floor":14.0,"key":"Pear"},{"floor":24,"key":"Thread and Needle"},{"floor":25,"key":"Vajra"},{"floor":27,"key":"Pen Nib"},{"floor":29,"key":"Toxic Egg 2"},{"floor":41,"key":"Bag of Marbles"}],"event_choices":[],"is_beta":false,"boss_relics":[{"not_picked":["Black Star","Busted Crown"],"picked":"Philosopher\u0027s Stone"},{"not_picked":["Replay:Ancient Bell","Replay:Wanted Poster"],"picked":"Runic Pyramid"}],"items_purged_floors":[26,39],"is_endless":false,"potions_floor_spawned":[12,14,16,21,23,27,28,31,32,37,38,47,48,49],"killed_by":"downfall:Silent","ascension_level":2}}