{"host":"e52c7hvho6xny3hd","time":1610464160,"event":{"mods":["AchievementEnabler","BaseMod","Colored Map","DeckTracker","Minty Spire (QoL Compilation)","Permanent Neow","StSLib"],"gold_per_floor":[109,109,126,136,146,146,171,171,171,181,200,218,231,246,246,246,246],"floor_reached":16,"playtime":708,"items_purged":[],"score":211,"play_id":"2ab9eb7c-3127-41b2-b0e7-18ff638dd231","local_time":"20210113000920","is_ascension_mode":true,"campfire_choices":[{"data":"Body Slam","floor":6,"key":"SMITH"},{"floor":8,"key":"REST"},{"floor":15,"key":"REST"}],"circlet_count":0,"master_deck":["AscendersBane","Strike_R","Strike_R","Strike_R","Strike_R","Strike_R","Defend_R","Defend_R","Defend_R","Defend_R","Bash","Bludgeon","Spot Weakness","Body Slam+1","Metallicize","Feed","Iron Wave","Power Through"],"relics":["Burning Blood","Calipers","Singing Bowl"],"acts_visited":["Exordium"],"potions_floor_usage":[16,16],"damage_taken":[{"damage":6,"enemies":"Small Slimes","floor":1,"turns":3},{"damage":6,"enemies":"Cultist","floor":3,"turns":3},{"damage":8,"enemies":"2 Louse","floor":4,"turns":3},{"damage":10,"enemies":"2 Fungi Beasts","floor":5,"turns":4},{"damage":34,"enemies":"Lagavulin","floor":7,"turns":7},{"damage":18,"enemies":"Large Slime","floor":10,"turns":6},{"damage":13,"enemies":"Blue Slaver","floor":11,"turns":2},{"damage":3,"enemies":"3 Louse","floor":12,"turns":5},{"damage":10,"enemies":"Gremlin Gang","floor":13,"turns":5},{"damage":0,"enemies":"Large Slime","floor":14,"turns":6},{"damage":59,"enemies":"Slime Boss","floor":16,"turns":12}],"seed_played":"-2309708711616982303","potions_obtained":[{"floor":1,"key":"FearPotion"},{"floor":10,"key":"Block Potion"},{"floor":14,"key":"Dexterity Potion"}],"is_trial":false,"path_per_floor":["M","?","M","M","M","R","E","R","T","M","M","M","M","M","R","B"],"character_chosen":"IRONCLAD","items_purchased":[],"campfire_rested":2,"item_purchase_floors":[],"current_hp_per_floor":[50,46,46,44,40,40,12,34,34,27,22,28,27,38,65,6,6],"gold":246,"neow_bonus":"THREE_RARE_CARDS","is_daily":false,"chose_seed":false,"campfire_upgraded":1,"win_rate":0.0,"timestamp":1610464160,"path_taken":["M","?","M","M","M","R","E","R","T","M","M","M","M","M","R","BOSS"],"items_purchased_type":[],"build_version":"2020-12-22","purchased_purges":0,"victory":false,"max_hp_per_floor":[75,75,75,75,75,75,75,75,75,80,82,85,88,93,93,93,93],"card_choices":[{"not_picked":["Exhume","Fiend Fire"],"picked":"Bludgeon","floor":0},{"not_picked":["Ghostly Armor","Iron Wave"],"picked":"Spot Weakness","floor":1},{"not_picked":["Thunderclap","Heavy Blade"],"picked":"Body Slam","floor":3},{"not_picked":["Anger","Evolve"],"picked":"Metallicize","floor":4},{"not_picked":["Spot Weakness","Armaments","Clothesline"],"picked":"SKIP","floor":5},{"not_picked":["Twin Strike","Clash"],"picked":"Feed","floor":7},{"not_picked":["Uppercut","Warcry","Heavy Blade"],"picked":"Singing Bowl","floor":10},{"not_picked":["Searing Blow","Anger","Body Slam"],"picked":"Singing Bowl","floor":11},{"not_picked":["Inflame","Clash"],"picked":"Iron Wave","floor":12},{"not_picked":["Perfected Strike","Second Wind"],"picked":"Power Through","floor":13},{"not_picked":["Wild Strike","Warcry","Pommel Strike"],"picked":"Singing Bowl","floor":14}],"player_experience":656190,"relics_obtained":[{"floor":7,"key":"Calipers"},{"floor":9,"key":"Singing Bowl"}],"event_choices":[{"damage_healed":0,"gold_gain":0,"player_choice":"Bought 0 Potions","damage_taken":0,"max_hp_gain":0,"max_hp_loss":0,"event_name":"The Woman in Blue","floor":2,"gold_loss":0}],"is_beta":false,"boss_relics":[],"items_purged_floors":[],"is_endless":false,"potions_floor_spawned":[1,10,14],"killed_by":"Slime Boss","ascension_level":19}}