{"host":"o4rzrhgcrsb15v7q","time":1610421232,"event":{"mods":["AchievementEnabler","BaseMod","Minty Spire (QoL Compilation)","Permanent Neow"],"gold_per_floor":[109,109,109,109,109,141,141,170,170,181,214,289,11,11,11,84,84,99,99,116,116,134,134,150,150,198,198,198,224,241,270,270,347,347,367,367,367,130,143,170,186,186,212,212,212,112,127,157,157,157],"floor_reached":51,"playtime":5756,"items_purged":["Shame","Pain"],"score":1273,"play_id":"6d6e89c1-6ccc-4d3d-80d4-cab0997e8d79","local_time":"20210111191352","is_ascension_mode":true,"campfire_choices":[{"floor":7.0,"key":"REST"},{"floor":15.0,"key":"REST"},{"data":"Skewer","floor":23.0,"key":"SMITH"},{"data":"Wraith Form v2","floor":25.0,"key":"SMITH"},{"data":"Skewer","floor":27.0,"key":"SMITH"},{"data":"Well Laid Plans","floor":32.0,"key":"SMITH"},{"data":"J.A.X.","floor":42,"key":"SMITH"},{"data":"Malaise","floor":44,"key":"SMITH"},{"floor":49,"key":"REST"}],"circlet_count":0,"master_deck":["AscendersBane","Strike_G+1","Defend_G","Defend_G","Defend_G+1","Defend_G","Survivor","Neutralize+1","CurseOfTheBell","Backstab","Bouncing Flask","Skewer+1","Die Die Die","Skewer+1","Well Laid Plans+1","Wraith Form v2+1","Crippling Poison+1","J.A.X.+1","Poisoned Stab","Leg Sweep","Dash","Malaise+1","Acrobatics","Adrenaline","Dodge and Roll+1","Adrenaline+1","Heel Hook+1","Masterful Stab+1","Dash+1","PiercingWail"],"relics":["Calling Bell","Ginger","Blood Vial","Darkstone Periapt","Bronze Scales","Gambling Chip","Ninja Scroll","Juzu Bracelet","Chemical X","Cursed Key","Happy Flower","Anchor","Meat on the Bone","Astrolabe","Vajra","InkBottle","Bag of Preparation","Gremlin Horn"],"acts_visited":["Exordium","TheCity","TheBeyond"],"potions_floor_usage":[50,50],"damage_taken":[{"damage":0.0,"enemies":"Jaw Worm","floor":1.0,"turns":4.0},{"damage":36.0,"enemies":"3 Sentries","floor":6.0,"turns":17.0},{"damage":16.0,"enemies":"Lagavulin","floor":8.0,"turns":6.0},{"damage":0.0,"enemies":"2 Louse","floor":10.0,"turns":2.0},{"damage":14.0,"enemies":"3 Sentries","floor":11.0,"turns":8.0},{"damage":10.0,"enemies":"Slime Boss","floor":16.0,"turns":9.0},{"damage":8.0,"enemies":"Spheric Guardian","floor":18.0,"turns":4.0},{"damage":5.0,"enemies":"Shell Parasite","floor":20.0,"turns":3.0},{"damage":7.0,"enemies":"Chosen and Byrds","floor":22.0,"turns":5.0},{"damage":3.0,"enemies":"Centurion and Healer","floor":24.0,"turns":5.0},{"damage":23.0,"enemies":"Slavers","floor":29.0,"turns":4.0},{"damage":7.0,"enemies":"Shelled Parasite and Fungi","floor":30.0,"turns":3.0},{"damage":10.0,"enemies":"Gremlin Leader","floor":31.0,"turns":5.0},{"damage":32.0,"enemies":"Collector","floor":33.0,"turns":8.0},{"damage":0.0,"enemies":"3 Darklings","floor":35.0,"turns":4.0},{"damage":0.0,"enemies":"Orb Walker","floor":39.0,"turns":2.0},{"damage":32.0,"enemies":"Nemesis","floor":40.0,"turns":5.0},{"damage":5,"enemies":"Maw","floor":41,"turns":7},{"damage":0,"enemies":"Spire Growth","floor":47,"turns":2},{"damage":21,"enemies":"Reptomancer","floor":48,"turns":3},{"damage":17,"enemies":"Awakened One","floor":50,"turns":15}],"seed_played":"-8140318515477800525","potions_obtained":[{"floor":10.0,"key":"FairyPotion"},{"floor":11.0,"key":"EssenceOfSteel"},{"floor":18.0,"key":"Regen Potion"},{"floor":29.0,"key":"Poison Potion"},{"floor":30.0,"key":"Regen Potion"}],"is_trial":false,"path_per_floor":["M","?","?","?","?","E","R","E","T","M","E","?","$","?","R","B",null,"M","?","M","?","M","R","M","R","T","R","?","E","M","E","R","B",null,"M","?","?","$","M","E","M","R","T","R","?","$","M","E","R","B",null],"character_chosen":"THE_SILENT","items_purchased":["Chemical X","Skewer","Well Laid Plans","Vajra"],"campfire_rested":3,"item_purchase_floors":[13,13,13,38],"current_hp_per_floor":[61,54,59,38,38,4,25,11,11,13,1,21,21,21,42,34,62,56,56,53,53,48,48,47,47,53,53,53,44,39,31,31,13,61,63,63,63,63,65,47,44,44,50,50,50,50,52,45,69,69],"gold":157,"neow_bonus":"BOSS_RELIC","is_daily":false,"chose_seed":false,"campfire_upgraded":6,"win_rate":0.0,"timestamp":1610421232,"path_taken":["M","?","?","?","?","E","R","E","T","M","E","?","$","?","R","BOSS","M","?","M","?","M","R","M","R","T","R","?","E","M","E","R","BOSS","M","?","?","$","M","E","M","R","T","R","?","$","M","E","R","BOSS"],"items_purchased_type":["Relic","Card","Card","Relic"],"build_version":"2020-12-22","purchased_purges":2,"victory":true,"max_hp_per_floor":[66,66,71,71,71,71,71,71,71,71,71,71,71,71,71,71,71,71,71,71,71,71,71,71,71,77,77,77,77,77,77,77,77,77,77,77,77,77,77,77,77,77,83,83,83,83,83,83,83,83],"card_choices":[{"not_picked":["Dodge and Roll","Underhanded Strike"],"picked":"Backstab","floor":1.0},{"not_picked":["Flechettes","Finisher"],"picked":"Bouncing Flask","floor":6.0},{"not_picked":["Infinite Blades","Heel Hook"],"picked":"Skewer","floor":8.0},{"not_picked":["Outmaneuver","Deflect","Underhanded Strike"],"picked":"SKIP","floor":10.0},{"not_picked":["Setup","Poisoned Stab"],"picked":"Die Die Die","floor":11.0},{"not_picked":["Doppelganger","Corpse Explosion"],"picked":"Wraith Form v2","floor":16.0},{"not_picked":["Flying Knee","Deflect+1"],"picked":"Crippling Poison","floor":18.0},{"not_picked":["Underhanded Strike","Dodge and Roll"],"picked":"Poisoned Stab","floor":20.0},{"not_picked":["Deflect","Caltrops"],"picked":"Dash","floor":22.0},{"not_picked":["Prepared+1","Sucker Punch"],"picked":"Malaise","floor":24.0},{"not_picked":["Infinite Blades","Poisoned Stab"],"picked":"Acrobatics","floor":29.0},{"not_picked":["Riddle With Holes","Poisoned Stab","Finisher"],"picked":"SKIP","floor":30.0},{"not_picked":["Bouncing Flask","Backflip","Choke"],"picked":"SKIP","floor":31.0},{"not_picked":["Doppelganger","After Image"],"picked":"Adrenaline","floor":33.0},{"not_picked":["Sucker Punch","Dagger Throw"],"picked":"Masterful Stab+1","floor":35.0},{"not_picked":["Quick Slash+1","Blade Dance+1"],"picked":"Dash+1","floor":39.0},{"not_picked":["Sucker Punch","Riddle With Holes","Bane"],"picked":"SKIP","floor":40.0},{"not_picked":["Dodge and Roll+1","Phantasmal Killer"],"picked":"PiercingWail","floor":41},{"not_picked":["Dodge and Roll","Catalyst","Poisoned Stab+1"],"picked":"SKIP","floor":47},{"not_picked":["Dagger Throw","Underhanded Strike","Poisoned Stab"],"picked":"SKIP","floor":48}],"player_experience":1836469,"relics_obtained":[{"floor":0.0,"key":"Ginger"},{"floor":0.0,"key":"Blood Vial"},{"floor":0.0,"key":"Darkstone Periapt"},{"floor":6.0,"key":"Bronze Scales"},{"floor":8.0,"key":"Gambling Chip"},{"floor":9.0,"key":"Ninja Scroll"},{"floor":11.0,"key":"Juzu Bracelet"},{"floor":26.0,"key":"Happy Flower"},{"floor":29.0,"key":"Anchor"},{"floor":31.0,"key":"Meat on the Bone"},{"floor":40.0,"key":"InkBottle"},{"floor":43,"key":"Bag of Preparation"},{"floor":48,"key":"Gremlin Horn"}],"event_choices":[{"cards_removed":["Strike_G"],"damage_healed":0.0,"max_hp_gain":0.0,"max_hp_loss":0.0,"gold_gain":0.0,"event_name":"Golden Wing","player_choice":"Card Removal","floor":2.0,"gold_loss":0.0,"damage_taken":7.0},{"damage_healed":0.0,"max_hp_gain":5.0,"max_hp_loss":0.0,"gold_gain":0.0,"event_name":"Big Fish","player_choice":"Donut","floor":3.0,"gold_loss":0.0,"damage_taken":0.0},{"damage_healed":0.0,"max_hp_gain":0.0,"max_hp_loss":0.0,"gold_gain":0.0,"event_name":"Shining Light","player_choice":"Entered Light","floor":4.0,"gold_loss":0.0,"damage_taken":21.0,"cards_upgraded":["Strike_G","Defend_G"]},{"damage_healed":0.0,"max_hp_gain":0.0,"max_hp_loss":0.0,"gold_gain":0.0,"event_name":"Living Wall","player_choice":"Grow","floor":5.0,"gold_loss":0.0,"damage_taken":0.0,"cards_upgraded":["Neutralize"]},{"damage_healed":0.0,"max_hp_gain":0.0,"max_hp_loss":0.0,"gold_gain":75.0,"event_name":"World of Goop","player_choice":"Gather Gold","floor":12.0,"gold_loss":0.0,"damage_taken":11.0},{"damage_healed":0.0,"max_hp_gain":0.0,"max_hp_loss":0.0,"gold_gain":0.0,"event_name":"Golden Idol","player_choice":"Ignored","floor":14.0,"gold_loss":0.0,"damage_taken":0.0},{"damage_healed":0.0,"max_hp_gain":0.0,"max_hp_loss":0.0,"gold_gain":0.0,"event_name":"Drug Dealer","player_choice":"Obtain J.A.X.","floor":19.0,"gold_loss":0.0,"damage_taken":0.0,"cards_obtained":["J.A.X."]},{"damage_healed":0.0,"max_hp_gain":0.0,"max_hp_loss":0.0,"gold_gain":0.0,"event_name":"The Library","player_choice":"Read","floor":21.0,"gold_loss":0.0,"damage_taken":0.0,"cards_obtained":["Leg Sweep"]},{"damage_healed":0.0,"max_hp_gain":0.0,"max_hp_loss":0.0,"gold_gain":0.0,"event_name":"Ghosts","player_choice":"Ignored","floor":28.0,"gold_loss":0.0,"damage_taken":0.0},{"cards_removed":["Defend_G"],"damage_healed":0.0,"max_hp_gain":0.0,"max_hp_loss":0.0,"gold_gain":0.0,"event_name":"Falling","player_choice":"Removed Skill","floor":36.0,"gold_loss":0.0,"damage_taken":0.0},{"damage_healed":0.0,"max_hp_gain":0.0,"max_hp_loss":0.0,"gold_gain":0.0,"event_name":"Tomb of Lord Red Mask","player_choice":"Ignored","floor":37.0,"gold_loss":0.0,"damage_taken":0.0},{"damage_healed":0,"gold_gain":0,"player_choice":"Forge","damage_taken":0,"max_hp_gain":0,"max_hp_loss":0,"event_name":"Accursed Blacksmith","floor":45,"gold_loss":0,"cards_upgraded":["Crippling Poison"]}],"is_beta":false,"boss_relics":[{"not_picked":["WristBlade","Fusion Hammer"],"picked":"Cursed Key"},{"not_picked":["Runic Dome","SlaversCollar"],"picked":"Astrolabe"}],"items_purged_floors":[38,46],"is_endless":false,"potions_floor_spawned":[10,11,18,20,29,30,31,33,39,41],"ascension_level":16}}