{"host":"2qv44oxt58ptq59r","time":1610471334,"event":{"mods":["AchievementEnabler","BaseMod","Colored Powertips","Highlight Path","Minty Spire (QoL Compilation)","Permanent Neow","StSLib"],"gold_per_floor":[118,118,28,49,72,72,110,126,126,126,126,149,189,209,209,340,340,363,378,6,25,25,25,56,72,95,95,95,119,119,132,132,132,132],"floor_reached":33,"playtime":5364,"items_purged":["Strike_R"],"score":279,"play_id":"35cd3731-882e-49d5-8e7d-414bf4e2ca4d","local_time":"20210112170854","is_ascension_mode":false,"campfire_choices":[{"data":"Bash","floor":6.0,"key":"SMITH"},{"data":"Clothesline","floor":11.0,"key":"SMITH"},{"data":"Heavy Blade","floor":15.0,"key":"SMITH"},{"floor":23.0,"key":"REST"},{"floor":28,"key":"REST"},{"floor":32,"key":"RECALL"}],"circlet_count":0,"master_deck":["Strike_R+1","Strike_R+1","Strike_R+1","Defend_R+1","Defend_R+1","Defend_R+1","Defend_R+1","Bash+1","Thunderclap","Spot Weakness","Inflame","Clothesline+1","Cleave","Reaper","Shrug It Off","Headbutt","Heavy Blade+1","Feed","Limit Break","Uppercut","Reaper","Uppercut","Juggernaut","Twin Strike","Rage","Pommel Strike"],"relics":["Burning Blood","Golden Idol","Darkstone Periapt","Kunai","War Paint","StrikeDummy","PreservedInsect"],"acts_visited":["Exordium","TheCity"],"potions_floor_usage":[24,24,33,33],"damage_taken":[{"damage":0.0,"enemies":"2 Louse","floor":1.0,"turns":2.0},{"damage":0.0,"enemies":"Small Slimes","floor":4.0,"turns":3.0},{"damage":0.0,"enemies":"Cultist","floor":5.0,"turns":3.0},{"damage":26.0,"enemies":"Gremlin Nob","floor":7.0,"turns":4.0},{"damage":0.0,"enemies":"Large Slime","floor":8.0,"turns":5.0},{"damage":6.0,"enemies":"2 Fungi Beasts","floor":12.0,"turns":2.0},{"damage":34.0,"enemies":"3 Sentries","floor":13.0,"turns":7.0},{"damage":23.0,"enemies":"Lots of Slimes","floor":14.0,"turns":4.0},{"damage":27.0,"enemies":"Slime Boss","floor":16.0,"turns":11.0},{"damage":9.0,"enemies":"Chosen","floor":18.0,"turns":4.0},{"damage":23.0,"enemies":"Spheric Guardian","floor":19.0,"turns":5.0},{"damage":73.0,"enemies":"Shelled Parasite and Fungi","floor":21.0,"turns":7.0},{"damage":121,"enemies":"Gremlin Leader","floor":24,"turns":10},{"damage":20,"enemies":"Centurion and Healer","floor":25,"turns":5},{"damage":0,"enemies":"Snecko","floor":29,"turns":5},{"damage":2,"enemies":"Chosen and Byrds","floor":31,"turns":6},{"damage":104,"enemies":"Collector","floor":33,"turns":10}],"seed_played":"9180746332576236446","potions_obtained":[{"floor":5.0,"key":"SkillPotion"},{"floor":8.0,"key":"Swift Potion"},{"floor":12.0,"key":"FairyPotion"},{"floor":19.0,"key":"Swift Potion"},{"floor":24,"key":"SmokeBomb"},{"floor":29,"key":"ColorlessPotion"},{"floor":31,"key":"Weak Potion"}],"is_trial":false,"path_per_floor":["M","?","$","M","M","R","E","M","T","?","R","M","E","M","R","B",null,"M","M","$","M","?","R","E","M","T","?","R","M","?","M","R","B"],"character_chosen":"IRONCLAD","items_purchased":["Inflame","Clothesline","Reaper","Uppercut","DuplicationPotion"],"campfire_rested":2,"item_purchase_floors":[3,3,20,20,20],"current_hp_per_floor":[80,60,60,66,72,72,52,58,58,58,58,70,64,63,63,71,83,80,66,66,32,32,58,45,43,43,43,69,86,86,89,89,0,0],"gold":132,"neow_bonus":"THREE_CARDS","is_daily":false,"chose_seed":false,"campfire_upgraded":3,"win_rate":0.0,"timestamp":1610471334,"path_taken":["M","?","$","M","M","R","E","M","T","?","R","M","E","M","R","BOSS","M","M","$","?","?","R","E","M","T","?","R","?","?","M","R","BOSS"],"items_purchased_type":["Card","Card","Card","Card","Potion"],"build_version":"2020-12-22","purchased_purges":1,"victory":false,"max_hp_per_floor":[80,80,80,80,80,80,80,80,80,80,80,80,80,80,80,83,83,83,86,86,89,89,89,89,89,89,89,89,89,89,89,89,89,89],"card_choices":[{"not_picked":["Dropkick","Perfected Strike"],"picked":"Thunderclap","floor":0.0},{"not_picked":["Pommel Strike","Bloodletting"],"picked":"Spot Weakness","floor":1.0},{"not_picked":["Bloodletting","Fire Breathing"],"picked":"Cleave","floor":4.0},{"not_picked":["Infernal Blade","Havoc","Flex"],"picked":"SKIP","floor":5.0},{"not_picked":["Searing Blow","Shrug It Off"],"picked":"Reaper","floor":7.0},{"not_picked":["Perfected Strike","Fire Breathing"],"picked":"Shrug It Off","floor":8.0},{"not_picked":["Flex","Dropkick"],"picked":"Headbutt","floor":12.0},{"not_picked":["Ghostly Armor","Inflame"],"picked":"Heavy Blade","floor":13.0},{"not_picked":["Entrench","Heavy Blade"],"picked":"Feed","floor":14.0},{"not_picked":["Barricade","Offering"],"picked":"Limit Break","floor":16.0},{"not_picked":["Combust","Body Slam","Second Wind"],"picked":"SKIP","floor":18.0},{"not_picked":["Ghostly Armor","Spot Weakness"],"picked":"Uppercut","floor":19.0},{"not_picked":["Cleave","Pommel Strike+1","Headbutt"],"picked":"SKIP","floor":21.0},{"not_picked":["Warcry","Flame Barrier"],"picked":"Twin Strike","floor":24},{"not_picked":["Pommel Strike","Entrench"],"picked":"Rage","floor":25},{"not_picked":["Clothesline","Spot Weakness"],"picked":"Pommel Strike","floor":29},{"not_picked":["Armaments","Wild Strike","Shrug It Off"],"picked":"SKIP","floor":31}],"player_experience":5307641,"relics_obtained":[{"floor":7.0,"key":"Darkstone Periapt"},{"floor":9.0,"key":"Kunai"},{"floor":13.0,"key":"War Paint"},{"floor":24,"key":"StrikeDummy"},{"floor":26,"key":"PreservedInsect"}],"event_choices":[{"damage_healed":0.0,"max_hp_gain":0.0,"max_hp_loss":0.0,"gold_gain":0.0,"event_name":"Golden Idol","player_choice":"Take Damage","floor":2.0,"gold_loss":0.0,"damage_taken":20.0,"relics_obtained":["Golden Idol"]},{"cards_removed":["Strike_R"],"damage_healed":0.0,"max_hp_gain":0.0,"max_hp_loss":0.0,"gold_gain":0.0,"event_name":"Purifier","player_choice":"Purged","floor":10.0,"gold_loss":0.0,"damage_taken":0.0},{"damage_healed":0.0,"max_hp_gain":0.0,"max_hp_loss":0.0,"gold_gain":0.0,"event_name":"The Library","player_choice":"Read","floor":22.0,"gold_loss":0.0,"damage_taken":0.0,"cards_obtained":["Juggernaut"]},{"damage_healed":0,"gold_gain":0,"player_choice":"Ignored","damage_taken":0,"max_hp_gain":0,"max_hp_loss":0,"event_name":"N\u0027loth","floor":27,"gold_loss":0},{"damage_healed":0,"gold_gain":0,"player_choice":"Simplicity","damage_taken":0,"max_hp_gain":0,"max_hp_loss":0,"event_name":"Back to Basics","floor":30,"gold_loss":0,"cards_upgraded":["Strike_R","Strike_R","Strike_R","Defend_R","Defend_R"]}],"is_beta":false,"boss_relics":[{"not_picked":["Coffee Dripper","Mark of Pain","Pandora\u0027s Box"]}],"items_purged_floors":[20],"is_endless":false,"potions_floor_spawned":[5,8,12,19,24,29,31],"killed_by":"Collector","ascension_level":0}}