{"host":"08sn1703g14rasc1","time":1610420767,"event":{"mods":["AchievementEnabler","BaseMod","Colored Map","Colored Powertips","Hermit","Minty Spire (QoL Compilation)","StSLib"],"gold_per_floor":[112,112,124,124,1,1,21,36,36,36,49,49,70,93,93,216,216,230,155,254,254,254,254,7,22,47,47,62,81,81,93,93,93,93],"floor_reached":33,"playtime":782,"items_purged":["Strike_R"],"score":335,"play_id":"b62e3bef-f962-4431-b88b-6e29aa3f7937","local_time":"20210111190607","is_ascension_mode":true,"campfire_choices":[{"data":"Hemokinesis","floor":6,"key":"SMITH"},{"data":"Berserk","floor":10,"key":"SMITH"},{"data":"Uppercut","floor":15,"key":"SMITH"},{"data":"Rupture","floor":23,"key":"SMITH"},{"data":"Forethought","floor":27,"key":"SMITH"},{"floor":30,"key":"REST"},{"floor":32,"key":"REST"}],"circlet_count":0,"master_deck":["Strike_R+1","Strike_R+1","Defend_R","Defend_R","Defend_R","Defend_R","Bash","Uppercut+1","Hemokinesis+1","Flex","Berserk+1","Sword Boomerang","Injury","Twin Strike","Flame Barrier","Bludgeon","Rupture+1","Forethought+1","Rampage","Exhume","Twin Strike+1"],"relics":["Burning Blood","Du-Vu Doll","MealTicket","Bloody Idol","Runic Cube","Vajra","Blood Vial"],"acts_visited":["Exordium","TheCity"],"potions_floor_usage":[16,18,18,33,33],"damage_taken":[{"damage":3,"enemies":"Small Slimes","floor":1,"turns":5},{"damage":0,"enemies":"2 Louse","floor":3,"turns":3},{"damage":2,"enemies":"Cultist","floor":7,"turns":2},{"damage":9,"enemies":"Exordium Wildlife","floor":8,"turns":3},{"damage":17,"enemies":"3 Louse","floor":11,"turns":3},{"damage":12,"enemies":"Large Slime","floor":13,"turns":3},{"damage":2,"enemies":"2 Fungi Beasts","floor":14,"turns":2},{"damage":40,"enemies":"The Guardian","floor":16,"turns":9},{"damage":9,"enemies":"3 Byrds","floor":18,"turns":3},{"damage":33,"enemies":"2 Thieves","floor":25,"turns":4},{"damage":21,"enemies":"3 Cultists","floor":28,"turns":5},{"damage":33,"enemies":"Centurion and Healer","floor":29,"turns":4},{"damage":28,"enemies":"Snake Plant","floor":31,"turns":4},{"damage":84,"enemies":"Champ","floor":33,"turns":9}],"seed_played":"918774488948656383","potions_obtained":[{"floor":3,"key":"Energy Potion"},{"floor":13,"key":"GamblersBrew"},{"floor":16,"key":"Ancient Potion"},{"floor":31,"key":"BloodPotion"}],"is_trial":false,"path_per_floor":["M","?","M","?","$","R","M","M","T","R","M","?","M","M","R","B",null,"M","?","?","?","?","R","$","M","T","R","M","M","R","M","R","B"],"character_chosen":"IRONCLAD","items_purchased":["Block Potion","Vajra","Forethought"],"campfire_rested":2,"item_purchase_floors":[5,24,24],"current_hp_per_floor":[72,58,64,64,64,64,68,65,65,65,54,54,48,52,52,18,59,56,56,56,56,56,56,71,54,59,59,51,31,52,37,58,0,0],"gold":93,"neow_bonus":"ONE_RARE_RELIC","is_daily":false,"chose_seed":false,"campfire_upgraded":5,"win_rate":0.0,"timestamp":1610420767,"path_taken":["M","?","M","?","$","R","M","M","T","R","?","?","M","M","R","BOSS","M","?","?","?","?","R","?","M","T","R","M","M","R","?","R","BOSS"],"items_purchased_type":["Potion","Relic","Card"],"build_version":"2020-12-22","purchased_purges":1,"victory":false,"max_hp_per_floor":[72,72,72,72,72,72,72,72,72,72,72,72,72,72,72,72,72,72,72,72,72,72,72,72,72,72,72,72,72,72,72,72,72,72],"card_choices":[{"not_picked":["Sword Boomerang","Infernal Blade"],"picked":"Uppercut","floor":1},{"not_picked":["Anger","Ghostly Armor"],"picked":"Hemokinesis","floor":3},{"not_picked":["Heavy Blade","Searing Blow","Havoc"],"picked":"SKIP","floor":7},{"not_picked":["Anger","Flex"],"picked":"Berserk","floor":8},{"not_picked":["Thunderclap","Perfected Strike"],"picked":"Sword Boomerang","floor":11},{"not_picked":["Armaments","Feel No Pain"],"picked":"Twin Strike","floor":13},{"not_picked":["Entrench","Flex"],"picked":"Flame Barrier","floor":14},{"not_picked":["Double Tap","Berserk"],"picked":"Bludgeon","floor":16},{"not_picked":["Twin Strike","Warcry"],"picked":"Rupture","floor":18},{"not_picked":["Thunderclap","Shrug It Off"],"picked":"Rampage","floor":25},{"not_picked":["Reckless Charge+1","Flex"],"picked":"Exhume","floor":28},{"not_picked":["Twin Strike","Anger","Feel No Pain+1"],"picked":"SKIP","floor":29},{"not_picked":["Cleave","Reckless Charge"],"picked":"Twin Strike+1","floor":31}],"player_experience":473212,"relics_obtained":[{"floor":9,"key":"MealTicket"},{"floor":26,"key":"Blood Vial"}],"event_choices":[{"damage_healed":0,"gold_gain":0,"player_choice":"Entered Light","damage_taken":14,"max_hp_gain":0,"max_hp_loss":0,"event_name":"Shining Light","floor":2,"gold_loss":0,"cards_upgraded":["Strike_R","Strike_R"]},{"damage_healed":0,"gold_gain":0,"cards_transformed":["Strike_R"],"player_choice":"Transformed","damage_taken":0,"max_hp_gain":0,"max_hp_loss":0,"event_name":"Transmorgrifier","floor":4,"gold_loss":0,"cards_obtained":["Flex"]},{"damage_healed":0,"gold_gain":0,"player_choice":"Take Wound","damage_taken":0,"relics_obtained":["Golden Idol"],"max_hp_gain":0,"max_hp_loss":0,"event_name":"Golden Idol","floor":12,"gold_loss":0,"cards_obtained":["Injury"]},{"cards_removed":["Strike_R"],"damage_healed":0,"gold_gain":0,"player_choice":"Gave Gold","damage_taken":0,"max_hp_gain":0,"max_hp_loss":0,"event_name":"Beggar","floor":19,"gold_loss":75},{"damage_healed":0,"gold_gain":99,"player_choice":"Stole From Cult","damage_taken":0,"max_hp_gain":0,"max_hp_loss":0,"event_name":"Nest","floor":20,"gold_loss":0},{"damage_healed":0,"gold_gain":0,"player_choice":"Gave Idol","damage_taken":0,"relics_obtained":["Bloody Idol"],"max_hp_gain":0,"max_hp_loss":0,"event_name":"Forgotten Altar","floor":21,"relics_lost":["Golden Idol"],"gold_loss":0},{"damage_healed":0,"gold_gain":0,"player_choice":"Ignored","damage_taken":0,"max_hp_gain":0,"max_hp_loss":0,"event_name":"Vampires","floor":22,"gold_loss":0}],"is_beta":false,"boss_relics":[{"not_picked":["Velvet Choker","Pandora\u0027s Box"],"picked":"Runic Cube"}],"items_purged_floors":[5],"is_endless":false,"potions_floor_spawned":[3,13,16,31],"killed_by":"Champ","ascension_level":8}}