{"host":"mdbnki27vzqujy5q","time":1610439596,"event":{"mods":["BaseMod","Better Note","Better Skull","Colored Map","Colored Powertips","DeckTracker","Highlight Path","Minty Spire (QoL Compilation)","Quick Restart","Rare Cards Sparkle","StSLib"],"gold_per_floor":[116,344,355,370,370,370,399,129,129,156,156,188,206,60,60,160,160,170,170,24,24,24,58,58,92,130,169,196,208,237,260,272,284,284],"floor_reached":33,"playtime":1695,"items_purged":["Defend_P","Strike_P"],"score":363,"play_id":"978d3564-8fb1-4a46-b789-60a0e86941a1","local_time":"20210112001956","is_ascension_mode":true,"campfire_choices":[{"data":"Eruption","floor":6.0,"key":"SMITH"},{"data":"Study","floor":11.0,"key":"SMITH"},{"data":"FlurryOfBlows","floor":15.0,"key":"SMITH"},{"floor":24.0,"key":"REST"},{"floor":29.0,"key":"REST"},{"floor":32,"key":"REST"}],"circlet_count":0,"master_deck":["Strike_P","Strike_P","Strike_P","Defend_P","Defend_P","Defend_P","Eruption+1","Vigilance","FlurryOfBlows+1","EmptyFist","Halt","Vengeance","Study+1","FearNoEvil+1","FearNoEvil+1","Adaptation","DevaForm","Conclude+1","Enlightenment","Brilliance+1","SashWhip+1","Echo Form+1","ReachHeaven+1","BattleHymn","Tantrum+1","Prostrate","FlyingSleeves+1"],"relics":["PureWater","Lantern","Bottled Lightning","Oddly Smooth Stone","Molten Egg 2","Boot","Toy Ornithopter","Omamori","Black Star","Centennial Puzzle","Damaru","MawBank","Darkstone Periapt","Strawberry","Orichalcum","Anchor"],"acts_visited":["Exordium","TheCity"],"potions_floor_usage":[31,31],"damage_taken":[{"damage":4.0,"enemies":"Cultist","floor":1.0,"turns":4.0},{"damage":0.0,"enemies":"Small Slimes","floor":3.0,"turns":2.0},{"damage":0.0,"enemies":"2 Louse","floor":4.0,"turns":1.0},{"damage":16.0,"enemies":"Gremlin Nob","floor":7.0,"turns":4.0},{"damage":9.0,"enemies":"3 Sentries","floor":10.0,"turns":4.0},{"damage":0.0,"enemies":"Gremlin Nob","floor":12.0,"turns":2.0},{"damage":1.0,"enemies":"Looter","floor":13.0,"turns":2.0},{"damage":4.0,"enemies":"Hexaghost","floor":16.0,"turns":5.0},{"damage":4.0,"enemies":"Spheric Guardian","floor":18.0,"turns":3.0},{"damage":55.0,"enemies":"Gremlin Leader","floor":23.0,"turns":5.0},{"damage":22.0,"enemies":"Slavers","floor":25.0,"turns":5.0},{"damage":23.0,"enemies":"Book of Stabbing","floor":27.0,"turns":4.0},{"damage":9.0,"enemies":"3 Byrds","floor":28.0,"turns":4.0},{"damage":9,"enemies":"Snake Plant","floor":30,"turns":3},{"damage":13,"enemies":"Shelled Parasite and Fungi","floor":31,"turns":3},{"damage":63,"enemies":"Collector","floor":33,"turns":6}],"seed_played":"-8070121536014423601","potions_obtained":[{"floor":3.0,"key":"SteroidPotion"},{"floor":4.0,"key":"BottledMiracle"},{"floor":7.0,"key":"PowerPotion"},{"floor":13.0,"key":"Fire Potion"},{"floor":25.0,"key":"EssenceOfSteel"},{"floor":27.0,"key":"FearPotion"},{"floor":30,"key":"Fire Potion"}],"is_trial":false,"path_per_floor":["M","?","M","M","?","R","E","$","T","E","R","E","M","$","R","B",null,"M","?","$","?","?","E","R","E","T","E","M","R","M","M","R","B"],"character_chosen":"WATCHER","items_purchased":["Study","Oddly Smooth Stone","Omamori","SashWhip+1"],"campfire_rested":3,"item_purchase_floors":[8,8,14,20],"current_hp_per_floor":[75,40,40,40,66,66,50,50,50,41,41,41,40,40,40,41,79,75,75,75,75,75,25,48,26,33,10,6,31,22,19,44,0,0],"gold":284,"neow_bonus":"TEN_PERCENT_HP_BONUS","is_daily":false,"chose_seed":false,"campfire_upgraded":3,"win_rate":0.0,"timestamp":1610439596,"path_taken":["M","?","M","?","?","R","E","$","T","E","R","E","M","$","R","BOSS","M","?","$","?","?","E","R","E","T","E","M","R","M","M","R","BOSS"],"items_purchased_type":["Card","Relic","Relic","Card"],"build_version":"2020-12-22","purchased_purges":2,"victory":false,"max_hp_per_floor":[79,79,79,79,79,79,79,79,79,79,79,79,79,79,79,79,79,79,79,79,79,79,79,79,79,86,86,86,86,86,86,86,86,86],"card_choices":[{"not_picked":["Consecrate","SashWhip"],"picked":"FlurryOfBlows","floor":1.0},{"not_picked":["WheelKick","Weave"],"picked":"EmptyFist","floor":3.0},{"not_picked":["JustLucky","Collect"],"picked":"Halt","floor":4.0},{"not_picked":["InnerPeace","CutThroughFate"],"picked":"Vengeance","floor":7.0},{"not_picked":["ThirdEye","BowlingBash+1"],"picked":"FearNoEvil+1","floor":10.0},{"not_picked":["ConjureBlade","EmptyBody"],"picked":"FearNoEvil+1","floor":12.0},{"not_picked":["BowlingBash+1","Crescendo"],"picked":"Adaptation","floor":13.0},{"not_picked":["Omniscience","Alpha"],"picked":"DevaForm","floor":16.0},{"not_picked":["Study+1","ClearTheMind"],"picked":"Conclude+1","floor":18.0},{"not_picked":["EmptyFist+1","CutThroughFate+1"],"picked":"ReachHeaven+1","floor":23.0},{"not_picked":["ClearTheMind+1","Weave+1"],"picked":"BattleHymn","floor":25.0},{"not_picked":["WindmillStrike+1","Blasphemy"],"picked":"Tantrum+1","floor":27.0},{"not_picked":["JustLucky+1","CutThroughFate+1"],"picked":"Prostrate","floor":28.0},{"not_picked":["ReachHeaven+1","Meditate","CutThroughFate+1"],"picked":"SKIP","floor":30},{"not_picked":["CrushJoints+1","Vengeance"],"picked":"FlyingSleeves+1","floor":31}],"player_experience":68431,"relics_obtained":[{"floor":7.0,"key":"Bottled Lightning"},{"floor":9.0,"key":"Molten Egg 2"},{"floor":10.0,"key":"Boot"},{"floor":12.0,"key":"Toy Ornithopter"},{"floor":23.0,"key":"Centennial Puzzle"},{"floor":23.0,"key":"Damaru"},{"floor":25.0,"key":"MawBank"},{"floor":25.0,"key":"Darkstone Periapt"},{"floor":26.0,"key":"Strawberry"},{"floor":27.0,"key":"Orichalcum"},{"floor":27.0,"key":"Anchor"}],"event_choices":[{"damage_healed":0.0,"max_hp_gain":0.0,"max_hp_loss":0.0,"gold_gain":228.0,"event_name":"betterSkull:BetterSkull","player_choice":"RE GO GO ","floor":2.0,"gold_loss":0.0,"damage_taken":39.0,"cards_upgraded":[],"relics_obtained":["Lantern"]},{"damage_healed":26.0,"max_hp_gain":0.0,"max_hp_loss":0.0,"gold_gain":0.0,"event_name":"Big Fish","player_choice":"Banana","floor":5.0,"gold_loss":0.0,"damage_taken":0.0},{"damage_healed":0.0,"max_hp_gain":0.0,"max_hp_loss":0.0,"gold_gain":0.0,"event_name":"Match and Keep!","player_choice":"2 cards matched","floor":19.0,"gold_loss":0.0,"damage_taken":0.0,"cards_obtained":["Enlightenment","Brilliance"]},{"cards_removed":["DevaForm"],"damage_healed":0.0,"max_hp_gain":0.0,"max_hp_loss":0.0,"gold_gain":0.0,"event_name":"betterNote:BetterNote","player_choice":"Take \u0026 Give","floor":21.0,"gold_loss":0.0,"damage_taken":0.0,"cards_obtained":["Echo Form"]}],"is_beta":false,"boss_relics":[{"not_picked":["Empty Cage","Coffee Dripper"],"picked":"Black Star"}],"items_purged_floors":[8,20],"is_endless":false,"potions_floor_spawned":[3,4,7,13,25,27,30],"killed_by":"Collector","ascension_level":1}}