{"host":"j3kbm8fz4f78dhv0","time":1610437867,"event":{"mods":["BaseMod","Better Third Choice","CapriCore","Hermit","Minty Spire (QoL Compilation)","Replay The Spire","StSLib"],"gold_per_floor":[117,117,133,408,82,82,107,121,121,121,139,150,164,192,192,290,290,308,308,325,340,340,340],"floor_reached":22,"playtime":817,"items_purged":[],"score":234,"play_id":"c222b55c-22b2-4546-994f-8c74feea72c1","local_time":"20210112015107","is_ascension_mode":true,"campfire_choices":[{"data":"Inflame","floor":6,"key":"SMITH"},{"data":"Rage","floor":15,"key":"SMITH"}],"circlet_count":0,"master_deck":["Strike_R","Strike_R","Strike_R","Strike_R","Strike_R","Defend_R","Defend_R","Defend_R","Defend_R","Bash","Anger","Defy Death","Regret","Inflame+1","Run Through+1","Heavy Blade+1","Rage+1","ReplayTheSpireMod:Strike From Hell+1","Limit Break","Hallucinations","Iron Wave+1","Burning Pact"],"relics":["Burning Blood","NeowsBlessing","Pantograph","Molten Egg 2","Nunchaku","NlothsMask","Replay:Mystery Machine","Busted Crown"],"acts_visited":["Exordium","TheCity"],"potions_floor_usage":[12,12,14,14],"damage_taken":[{"damage":0,"enemies":"Small Slimes","floor":1,"turns":1},{"damage":0,"enemies":"Cultist","floor":3,"turns":1},{"damage":0,"enemies":"Replay:BlueRogue","floor":7,"turns":1},{"damage":8,"enemies":"2 Louse","floor":8,"turns":2},{"damage":22,"enemies":"Red Slaver","floor":11,"turns":4},{"damage":2,"enemies":"Exordium Thugs","floor":12,"turns":4},{"damage":8,"enemies":"Exordium Wildlife","floor":13,"turns":3},{"damage":5,"enemies":"Gremlin Nob","floor":14,"turns":3},{"damage":78,"enemies":"Hexaghost","floor":16,"turns":10},{"damage":22,"enemies":"2 Thieves","floor":18,"turns":4},{"damage":21,"enemies":"3 Byrds","floor":20,"turns":7},{"damage":31,"enemies":"Centurion and Healer","floor":21,"turns":5},{"damage":29,"enemies":"Shelled Parasite and Fungi","floor":22,"turns":3}],"seed_played":"-1443092473451306323","potions_obtained":[{"floor":3,"key":"Block Potion"},{"floor":7,"key":"EssenceOfSteel"},{"floor":11,"key":"PowerPotion"},{"floor":12,"key":"SpeedPotion"}],"is_trial":false,"path_per_floor":["M","$","M","?","$","R","E","M","T","?","M","M","M","E","R","B",null,"M","?","M","M","M"],"character_chosen":"IRONCLAD","items_purchased":["Inflame","Pantograph"],"campfire_rested":0,"item_purchase_floors":[5,5],"current_hp_per_floor":[80,80,80,80,80,80,80,78,78,78,62,66,64,65,65,8,80,64,64,49,24,0,0],"gold":340,"neow_bonus":"THREE_ENEMY_KILL","is_daily":false,"chose_seed":false,"campfire_upgraded":2,"win_rate":0.0,"timestamp":1610437867,"path_taken":["M","$","M","?","$","R","E","?","T","?","?","?","?","E","R","BOSS","M","?","?","M","M"],"items_purchased_type":["Card","Relic"],"build_version":"2020-12-22","purchased_purges":0,"victory":false,"max_hp_per_floor":[80,80,80,80,80,80,80,80,80,80,80,80,80,80,80,80,80,80,80,80,80,80,80],"card_choices":[{"not_picked":["Clothesline","Blood for Blood"],"picked":"Anger","floor":1},{"not_picked":["Iron Wave","True Grit"],"picked":"Defy Death","floor":3},{"not_picked":["Exhume","Reckless Charge+1"],"picked":"Run Through+1","floor":7},{"not_picked":["Iron Wave+1","Reckless Charge+1","Body Slam+1"],"picked":"SKIP","floor":8},{"not_picked":["Havoc","Replay:Undeath\u0027s Touch+1"],"picked":"Heavy Blade+1","floor":11},{"not_picked":["Pommel Strike+1","Shrug It Off","Evolve"],"picked":"SKIP","floor":12},{"not_picked":["Disarm","Dark Embrace"],"picked":"Rage","floor":13},{"not_picked":["Barricade","Cleave+1"],"picked":"ReplayTheSpireMod:Strike From Hell+1","floor":14},{"not_picked":["Brutality","Feed+1"],"picked":"Limit Break","floor":16},{"not_picked":["Headbutt+1"],"picked":"SKIP","floor":18},{"not_picked":[],"picked":"Burning Pact","floor":20},{"not_picked":["Dual Wield"],"picked":"SKIP","floor":21}],"player_experience":156389,"relics_obtained":[{"floor":7,"key":"Molten Egg 2"},{"floor":9,"key":"Nunchaku"},{"floor":14,"key":"Replay:Mystery Machine"}],"event_choices":[{"damage_healed":0,"gold_gain":275,"player_choice":"Desecrate","damage_taken":0,"max_hp_gain":0,"max_hp_loss":0,"event_name":"Golden Shrine","floor":4,"gold_loss":0,"cards_obtained":["Regret"]},{"damage_healed":0,"gold_gain":0,"player_choice":"Trade","damage_taken":0,"relics_obtained":["NlothsMask"],"max_hp_gain":0,"max_hp_loss":0,"event_name":"FaceTrader","floor":10,"gold_loss":0},{"damage_healed":0,"gold_gain":0,"player_choice":"2 cards matched","damage_taken":0,"max_hp_gain":0,"max_hp_loss":0,"event_name":"Match and Keep!","floor":19,"gold_loss":0,"cards_obtained":["Hallucinations","Iron Wave"]}],"is_beta":false,"boss_relics":[{"not_picked":["Black Blood","Honey Jar"],"picked":"Busted Crown"}],"items_purged_floors":[],"is_endless":false,"potions_floor_spawned":[3,7,11,12],"killed_by":"Shelled Parasite and Fungi","ascension_level":1}}