{"host":"vl29iwkwnyytuw8q","time":1610467671,"event":{"mods":["BaseMod","Minty Spire (QoL Compilation)","Permanent Neow","Relic Stats","StSLib"],"gold_per_floor":[109,128,128,128,141,141,176,176,176,206,220,240,94,127,127,202,202,215,66,66,66,66,100,100,128,154,154,189,189,218,231,231,302,302,312,202,125,137,157,157,184,184,184,52,0,0,0,354,354,354,354,354,42,69,69,69],"floor_reached":55,"playtime":1769,"items_purged":["Strike_R"],"score":1355,"play_id":"3cf932b1-6935-4ba7-b83b-affe4a43ed77","local_time":"20210112170751","is_ascension_mode":true,"campfire_choices":[{"data":"Armaments","floor":6.0,"key":"SMITH"},{"floor":8.0,"key":"REST"},{"data":"Corruption","floor":15.0,"key":"SMITH"},{"floor":24.0,"key":"REST"},{"data":"RitualDagger","floor":27.0,"key":"SMITH"},{"floor":29.0,"key":"REST"},{"floor":32.0,"key":"REST"},{"floor":40,"key":"RECALL"},{"floor":42,"key":"REST"},{"floor":49,"key":"REST"},{"floor":52,"key":"REST"}],"circlet_count":0,"master_deck":["AscendersBane","Defend_R","Defend_R","Defend_R","Defend_R","Bash","Armaments+1","Sever Soul","Corruption+1","Whirlwind","Demon Form+1","Impervious+1","Carnage+1","Limit Break+1","Pommel Strike","Infernal Blade+1","True Grit","Shockwave","Anger","Sword Boomerang","RitualDagger+1","Disarm+1","Headbutt","Cleave+1","Exhume","Flame Barrier","Heavy Blade","Entrench","Second Wind+1","Mayhem+1","Master of Strategy","Inflame+1"],"relics":["Busted Crown","Regal Pillow","Frozen Egg 2","Vajra","Prayer Wheel","Astrolabe","Orrery","The Courier","Gambling Chip","Gremlin Horn","Pantograph","Fusion Hammer","Lantern","Meat on the Bone","Red Mask","Old Coin","OrangePellets","Ornamental Fan","Boot"],"acts_visited":["Exordium","TheCity","TheBeyond","TheEnding"],"potions_floor_usage":[50,55],"damage_taken":[{"damage":6.0,"enemies":"Small Slimes","floor":1.0,"turns":4.0},{"damage":0.0,"enemies":"Cultist","floor":2.0,"turns":2.0},{"damage":7.0,"enemies":"Jaw Worm","floor":5.0,"turns":3.0},{"damage":23.0,"enemies":"3 Sentries","floor":7.0,"turns":9.0},{"damage":17.0,"enemies":"Lagavulin","floor":10.0,"turns":6.0},{"damage":6.0,"enemies":"Looter","floor":11.0,"turns":3.0},{"damage":0.0,"enemies":"3 Louse","floor":12.0,"turns":1.0},{"damage":5.0,"enemies":"3 Sentries","floor":14.0,"turns":2.0},{"damage":33.0,"enemies":"Slime Boss","floor":16.0,"turns":6.0},{"damage":19.0,"enemies":"2 Thieves","floor":18.0,"turns":5.0},{"damage":6.0,"enemies":"Book of Stabbing","floor":23.0,"turns":4.0},{"damage":19.0,"enemies":"Gremlin Leader","floor":25.0,"turns":5.0},{"damage":25.0,"enemies":"Book of Stabbing","floor":28.0,"turns":5.0},{"damage":31.0,"enemies":"Slavers","floor":30.0,"turns":5.0},{"damage":11.0,"enemies":"Chosen","floor":31.0,"turns":6.0},{"damage":25.0,"enemies":"Champ","floor":33.0,"turns":7.0},{"damage":5,"enemies":"Orb Walker","floor":35,"turns":2},{"damage":0,"enemies":"3 Shapes","floor":38,"turns":5},{"damage":12,"enemies":"Spire Growth","floor":39,"turns":5},{"damage":17,"enemies":"Reptomancer","floor":41,"turns":5},{"damage":13,"enemies":"2 Orb Walkers","floor":48,"turns":3},{"damage":38,"enemies":"Time Eater","floor":50,"turns":6},{"damage":33,"enemies":"Shield and Spear","floor":54,"turns":9},{"damage":99,"enemies":"The Heart","floor":55,"turns":5}],"seed_played":"2330625302155202272","potions_obtained":[{"floor":1.0,"key":"Block Potion"},{"floor":2.0,"key":"Energy Potion"},{"floor":12.0,"key":"SpeedPotion"},{"floor":14.0,"key":"FairyPotion"},{"floor":25.0,"key":"Fruit Juice"},{"floor":30.0,"key":"GamblersBrew"},{"floor":31.0,"key":"ColorlessPotion"},{"floor":38,"key":"PowerPotion"},{"floor":54,"key":"Weak Potion"}],"is_trial":false,"path_per_floor":["M","M","?","?","M","R","E","R","T","E","M","M","$","E","R","B",null,"M","$","?","?","?","E","R","E","T","R","E","R","E","M","R","B",null,"M","?","$","M","M","R","E","R","T","$","?","?","?","?","R","B",null,"R","$","E","B"],"character_chosen":"IRONCLAD","items_purchased":["Demon Form+1","Orrery","Flame Barrier","Heavy Blade","Mayhem+1","OrangePellets","Ornamental Fan"],"campfire_rested":7,"item_purchase_floors":[13,19,37,37,44,53,53],"current_hp_per_floor":[62,62,67,67,60,60,37,76,76,59,53,53,53,48,48,15,64,45,45,45,45,39,33,72,58,58,58,33,73,42,31,71,60,79,74,74,74,74,62,62,45,85,85,85,85,85,81,68,81,43,72,81,81,48,0,0],"gold":69,"neow_bonus":"BOSS_RELIC","is_daily":false,"chose_seed":false,"campfire_upgraded":3,"win_rate":0.0,"timestamp":1610467671,"path_taken":["M","M","?","?","M","R","E","R","T","E","?","M","?","E","R","BOSS","M","$","?","?","?","E","R","E","T","R","E","R","E","M","R","BOSS","M","?","$","M","?","R","E","R","T","$","?","?","?","?","R","BOSS","R","$","E","BOSS"],"items_purchased_type":["Card","Relic","Card","Card","Card","Relic","Relic"],"build_version":"2020-12-22","purchased_purges":1,"victory":false,"max_hp_per_floor":[75,75,80,80,80,80,80,80,80,80,80,80,80,80,80,80,80,80,80,80,80,80,80,80,85,85,85,85,85,85,85,85,85,85,85,85,85,85,85,85,85,85,85,85,85,85,81,81,81,81,81,81,81,81,81,81],"relic_stats":{"Regal Pillow":75,"Gremlin Horn":[10,10],"counters":[24,113],"Astrolabe":["Impervious","Carnage","Limit Break"],"Boot":[0],"OrangePellets":[0],"Busted Crown":70,"Ornamental Fan":[12],"Gambling Chip":[35],"Pantograph":39,"Prayer Wheel":6,"obtain_stats":[{"Regal Pillow":7,"Lantern":41,"Gremlin Horn":28,"Astrolabe":17,"Vajra":10,"The Courier":23,"Frozen Egg 2":9,"Boot":54,"Burning Blood":0,"Old Coin":48,"OrangePellets":53,"Busted Crown":0,"Ornamental Fan":53,"Gambling Chip":25,"Pantograph":30,"Orrery":19,"Prayer Wheel":14,"Fusion Hammer":34,"Red Mask":45,"Meat on the Bone":43},{"Regal Pillow":4,"Lantern":20,"Gremlin Horn":13,"Astrolabe":9,"Vajra":5,"The Courier":11,"Frozen Egg 2":4,"Boot":23,"Burning Blood":0,"Old Coin":21,"OrangePellets":22,"Busted Crown":0,"Ornamental Fan":22,"Gambling Chip":12,"Pantograph":14,"Orrery":10,"Prayer Wheel":8,"Fusion Hammer":16,"Red Mask":20,"Meat on the Bone":20},{"Regal Pillow":18,"Lantern":90,"Gremlin Horn":55,"Astrolabe":36,"Vajra":24,"The Courier":45,"Frozen Egg 2":18,"Boot":108,"Burning Blood":0,"Old Coin":93,"OrangePellets":99,"Busted Crown":0,"Ornamental Fan":99,"Gambling Chip":50,"Pantograph":60,"Orrery":41,"Prayer Wheel":30,"Fusion Hammer":73,"Red Mask":90,"Meat on the Bone":90}],"Meat on the Bone":0},"card_choices":[{"not_picked":[],"picked":"Armaments","floor":1.0},{"not_picked":["Fire Breathing"],"picked":"SKIP","floor":2.0},{"not_picked":["Clash"],"picked":"SKIP","floor":5.0},{"not_picked":["Fire Breathing"],"picked":"SKIP","floor":7.0},{"not_picked":[],"picked":"Whirlwind","floor":10.0},{"not_picked":["Heavy Blade"],"picked":"SKIP","floor":11.0},{"not_picked":["Reckless Charge"],"picked":"SKIP","floor":12.0},{"not_picked":["Wild Strike"],"picked":"SKIP","floor":14.0},{"not_picked":[],"picked":"Pommel Strike","floor":18.0},{"not_picked":[],"picked":"Infernal Blade+1","floor":18.0},{"not_picked":[],"picked":"True Grit","floor":19.0},{"not_picked":[],"picked":"Shockwave","floor":19.0},{"not_picked":[],"picked":"Anger","floor":19.0},{"not_picked":[],"picked":"Sword Boomerang","floor":19.0},{"not_picked":["Shockwave"],"picked":"SKIP","floor":23.0},{"not_picked":[],"picked":"Disarm","floor":25.0},{"not_picked":[],"picked":"Headbutt","floor":28.0},{"not_picked":[],"picked":"Cleave+1","floor":30.0},{"not_picked":["Sword Boomerang+1"],"picked":"SKIP","floor":31.0},{"not_picked":["Rupture+1"],"picked":"SKIP","floor":31.0},{"not_picked":[],"picked":"Exhume","floor":33.0},{"not_picked":["Evolve+1"],"picked":"SKIP","floor":35},{"not_picked":["Cleave"],"picked":"SKIP","floor":35},{"not_picked":[],"picked":"Entrench","floor":38},{"not_picked":["Wild Strike"],"picked":"SKIP","floor":38},{"not_picked":[],"picked":"Second Wind+1","floor":39},{"not_picked":["Headbutt+1"],"picked":"SKIP","floor":39},{"not_picked":["Dropkick"],"picked":"SKIP","floor":41},{"not_picked":[],"picked":"Master of Strategy","floor":46},{"not_picked":[],"picked":"Inflame+1","floor":54}],"player_experience":623261,"relics_obtained":[{"floor":7.0,"key":"Regal Pillow"},{"floor":9.0,"key":"Frozen Egg 2"},{"floor":10.0,"key":"Vajra"},{"floor":14.0,"key":"Prayer Wheel"},{"floor":23.0,"key":"The Courier"},{"floor":25.0,"key":"Gambling Chip"},{"floor":28.0,"key":"Gremlin Horn"},{"floor":30.0,"key":"Pantograph"},{"floor":41,"key":"Lantern"},{"floor":43,"key":"Meat on the Bone"},{"floor":48,"key":"Old Coin"},{"floor":54,"key":"Boot"}],"event_choices":[{"damage_healed":0.0,"max_hp_gain":5.0,"max_hp_loss":0.0,"gold_gain":0.0,"event_name":"Big Fish","player_choice":"Donut","floor":3.0,"gold_loss":0.0,"damage_taken":0.0},{"damage_healed":0.0,"max_hp_gain":0.0,"max_hp_loss":0.0,"gold_gain":0.0,"event_name":"Match and Keep!","player_choice":"2 cards matched","floor":4.0,"gold_loss":0.0,"damage_taken":0.0,"cards_obtained":["Sever Soul","Corruption"]},{"damage_healed":0.0,"max_hp_gain":0.0,"max_hp_loss":0.0,"gold_gain":0.0,"event_name":"Ghosts","player_choice":"Ignored","floor":20.0,"gold_loss":0.0,"damage_taken":0.0},{"damage_healed":0.0,"max_hp_gain":0.0,"max_hp_loss":0.0,"gold_gain":0.0,"event_name":"Vampires","player_choice":"Ignored","floor":21.0,"gold_loss":0.0,"damage_taken":0.0},{"damage_healed":0.0,"max_hp_gain":0.0,"max_hp_loss":0.0,"gold_gain":0.0,"event_name":"Nest","player_choice":"Joined the Cult","floor":22.0,"gold_loss":0.0,"damage_taken":6.0,"cards_obtained":["RitualDagger"]},{"cards_removed":["Strike_R"],"damage_healed":0,"gold_gain":0,"player_choice":"Upgrade and Remove","damage_taken":0,"max_hp_gain":0,"max_hp_loss":0,"event_name":"Designer","floor":36,"gold_loss":110,"cards_upgraded":["Disarm"]},{"damage_healed":0,"gold_gain":0,"player_choice":"Paid","damage_taken":0,"relics_obtained":["Red Mask"],"max_hp_gain":0,"max_hp_loss":0,"event_name":"Tomb of Lord Red Mask","floor":45,"gold_loss":52},{"damage_healed":0,"gold_gain":0,"player_choice":"Memory 1","damage_taken":0,"max_hp_gain":0,"max_hp_loss":0,"event_name":"SensoryStone","floor":46,"gold_loss":0},{"damage_healed":0,"gold_gain":0,"player_choice":"Max HP","damage_taken":0,"max_hp_gain":0,"max_hp_loss":4,"event_name":"Winding Halls","floor":47,"gold_loss":0},{"damage_healed":0,"gold_gain":0,"player_choice":"Fight","damage_taken":0,"max_hp_gain":0,"max_hp_loss":0,"event_name":"Mysterious Sphere","floor":48,"gold_loss":0}],"is_beta":false,"boss_relics":[{"not_picked":["Runic Pyramid","Velvet Choker"],"picked":"Astrolabe"},{"not_picked":["Cursed Key","Runic Dome"],"picked":"Fusion Hammer"}],"items_purged_floors":[13],"is_endless":false,"potions_floor_spawned":[1,2,12,14,25,30,31,38,48,54],"killed_by":"The Heart","ascension_level":15}}