{"host":"msa0wxqjs3jv1k3j","time":1610442767,"event":{"mods":["AchievementEnabler","BaseMod","BetterRewards","Colored Map","Highlight Path","KOR Keyword Fix","Keyboard Shortcuts","Minty Spire (QoL Compilation)","Quick Restart","SuperFastMode","everything is the same but u backflip on backflip"],"gold_per_floor":[113,125,125,74,90,101,101,14,14,44,44,69,69,69,69,193,193,208,208,227,227,250,250,266,266,312,324,336,366,402,429,441,578,590,620,632,707,783,795,807,843,855,891,152,166,201,214,214,214,214],"floor_reached":51,"playtime":2130,"items_purged":["Defend_R","Defend_R"],"score":760,"play_id":"5934ef1f-939d-4317-a808-712ab9b139ab","local_time":"20210112181247","is_ascension_mode":false,"campfire_choices":[{"data":"Armaments","floor":11.0,"key":"SMITH"},{"data":"Perfected Strike","floor":13.0,"key":"SMITH"},{"floor":15.0,"key":"REST"},{"data":"Twin Strike","floor":23.0,"key":"SMITH"},{"data":"Shrug It Off","floor":28.0,"key":"SMITH"},{"data":"Perfected Strike","floor":32.0,"key":"SMITH"},{"floor":40.0,"key":"REST"},{"floor":49.0,"key":"REST"}],"circlet_count":0,"master_deck":["Strike_R","Strike_R","Strike_R","Bash","Perfected Strike+1","Shrug It Off+1","Armaments+1","Perfected Strike+1","Finesse","Shrug It Off","Feed","Flex","Burning Pact","Twin Strike+1","Inflame","Sword Boomerang+1","Infernal Blade+1","Perfected Strike+1","Berserk","Seeing Red+1","Wild Strike","Body Slam+1","Flash of Steel","Twin Strike+1"],"relics":["Burning Blood","Tiny Chest","Lizard Tail","ClockworkSouvenir","Kunai","Meat on the Bone","PreservedInsect","Bottled Lightning","Bronze Scales","Golden Idol","Runic Pyramid","Ornamental Fan","MawBank","Empty Cage","WingedGreaves","StoneCalendar","Pocketwatch","Question Card","Pen Nib","Blood Vial","TheAbacus","Letter Opener","InkBottle","Champion Belt"],"acts_visited":["Exordium","TheCity","TheBeyond"],"potions_floor_usage":[50],"damage_taken":[{"damage":1.0,"enemies":"Cultist","floor":1.0,"turns":3.0},{"damage":0.0,"enemies":"2 Louse","floor":2.0,"turns":2.0},{"damage":3.0,"enemies":"Jaw Worm","floor":5.0,"turns":3.0},{"damage":0.0,"enemies":"2 Fungi Beasts","floor":6.0,"turns":2.0},{"damage":22.0,"enemies":"3 Sentries","floor":10.0,"turns":5.0},{"damage":14.0,"enemies":"Gremlin Nob","floor":12.0,"turns":3.0},{"damage":47.0,"enemies":"Slime Boss","floor":16.0,"turns":13.0},{"damage":0.0,"enemies":"Chosen","floor":18.0,"turns":4.0},{"damage":14.0,"enemies":"Shell Parasite","floor":20.0,"turns":6.0},{"damage":40.0,"enemies":"Shelled Parasite and Fungi","floor":22.0,"turns":6.0},{"damage":27.0,"enemies":"3 Cultists","floor":24.0,"turns":5.0},{"damage":39.0,"enemies":"Centurion and Healer","floor":29.0,"turns":5.0},{"damage":27.0,"enemies":"Cultist and Chosen","floor":30.0,"turns":5.0},{"damage":1.0,"enemies":"Sentry and Sphere","floor":31.0,"turns":5.0},{"damage":98.0,"enemies":"Champ","floor":33.0,"turns":17.0},{"damage":43.0,"enemies":"3 Shapes","floor":35.0,"turns":4.0},{"damage":9.0,"enemies":"Mind Bloom Boss Battle","floor":37.0,"turns":6.0},{"damage":51.0,"enemies":"2 Orb Walkers","floor":38.0,"turns":4.0},{"damage":10.0,"enemies":"Orb Walker","floor":41.0,"turns":3.0},{"damage":16.0,"enemies":"Transient","floor":45.0,"turns":5.0},{"damage":35.0,"enemies":"Reptomancer","floor":46.0,"turns":3.0},{"damage":15.0,"enemies":"Sphere and 2 Shapes","floor":47.0,"turns":3.0},{"damage":60,"enemies":"Awakened One","floor":50,"turns":10}],"seed_played":"-1539173730169224534","potions_obtained":[{"floor":1.0,"key":"Regen Potion"},{"floor":5.0,"key":"SmokeBomb"},{"floor":12.0,"key":"SmokeBomb"},{"floor":16.0,"key":"BloodPotion"},{"floor":30.0,"key":"LiquidMemories"},{"floor":41.0,"key":"SmokeBomb"},{"floor":45.0,"key":"EssenceOfSteel"},{"floor":47.0,"key":"FearPotion"}],"is_trial":false,"path_per_floor":["M","M","?","$","M","M","T","$","T","E","R","E","R","?","R","B",null,"M","?","M","T","M","R","M","?","T","?","R","M","M","M","R","B",null,"M","T","?","?","?","R","M","T","T","$","M","E","M","T","R","B",null],"character_chosen":"IRONCLAD","items_purchased":["Tiny Chest","ClockworkSouvenir","Kunai","Perfected Strike","Perfected Strike","Finesse","Blood Vial","TheAbacus","Letter Opener","Flash of Steel"],"campfire_rested":3,"item_purchase_floors":[0,0,0,0,4,8,44,44,44,44],"current_hp_per_floor":[80,80,80,80,80,80,80,80,80,64,64,56,56,36,60,31,80,80,80,72,72,50,50,41,41,41,33,33,28,19,39,39,20,83,58,58,55,26,18,44,52,52,52,52,56,41,46,46,72,32],"gold":214,"neow_bonus":"","is_daily":false,"chose_seed":false,"campfire_upgraded":5,"win_rate":0.0,"timestamp":1610442767,"path_taken":["M","M","?","?","M","?","?","?","T","E","R","E","R","?","R","BOSS","M","?","M","?","?","R","M","?","T","?","R","M","M","M","R","BOSS","M","?","?","?","?","R","M","?","T","?","?","E","?","?","R","BOSS"],"items_purchased_type":["Relic","Relic","Relic","Card","Card","Card","Relic","Relic","Relic","Card"],"build_version":"2020-12-22","purchased_purges":2,"victory":true,"max_hp_per_floor":[80,80,80,80,80,80,80,80,80,80,80,80,80,80,80,80,80,80,80,80,80,80,80,80,80,80,80,80,80,80,83,83,83,83,83,83,83,87,87,87,87,87,87,87,87,87,87,87,87,87],"card_choices":[{"not_picked":["Thunderclap","Searing Blow"],"picked":"Shrug It Off","floor":1.0},{"not_picked":["True Grit","Iron Wave"],"picked":"Armaments","floor":2.0},{"not_picked":["Sword Boomerang","Cleave","Rupture"],"picked":"SKIP","floor":5.0},{"not_picked":["Clothesline","Dark Embrace","Shockwave"],"picked":"SKIP","floor":6.0},{"not_picked":["Clothesline","True Grit","Rupture"],"picked":"SKIP","floor":10.0},{"not_picked":["Clothesline","True Grit","Rupture"],"picked":"SKIP","floor":10.0},{"not_picked":["Feed","Pummel"],"picked":"Shrug It Off","floor":12.0},{"not_picked":["Exhume","Bludgeon"],"picked":"Feed","floor":16.0},{"not_picked":["Entrench","Thunderclap","Rupture+1"],"picked":"SKIP","floor":18.0},{"not_picked":["Dual Wield+1","Havoc","Armaments"],"picked":"SKIP","floor":20.0},{"not_picked":["Heavy Blade","Sever Soul+1"],"picked":"Twin Strike","floor":22.0},{"not_picked":["Havoc","Thunderclap"],"picked":"Inflame","floor":24.0},{"not_picked":["Bloodletting","Iron Wave"],"picked":"Sword Boomerang+1","floor":29.0},{"not_picked":["Havoc","Searing Blow+1"],"picked":"Infernal Blade+1","floor":30.0},{"not_picked":["Flex","Clothesline"],"picked":"Perfected Strike","floor":31.0},{"not_picked":["Fiend Fire","Limit Break"],"picked":"Berserk","floor":33.0},{"not_picked":["Cleave+1","Clash"],"picked":"Seeing Red+1","floor":35.0},{"not_picked":["Entrench+1","Hemokinesis+1"],"picked":"Wild Strike","floor":37.0},{"not_picked":["Hemokinesis","Rampage+1"],"picked":"Body Slam+1","floor":38.0},{"not_picked":["Pummel+1","Thunderclap","Feel No Pain+1"],"picked":"SKIP","floor":41.0},{"not_picked":["Havoc","Metallicize+1","Reckless Charge+1","Clothesline"],"picked":"SKIP","floor":45.0},{"not_picked":["Metallicize","Rampage","Warcry","Clash+1"],"picked":"SKIP","floor":46.0},{"not_picked":["Sentinel","Sword Boomerang+1","Rupture"],"picked":"Twin Strike+1","floor":47.0}],"player_experience":90001,"relics_obtained":[{"floor":7.0,"key":"Meat on the Bone"},{"floor":9.0,"key":"PreservedInsect"},{"floor":10.0,"key":"Bottled Lightning"},{"floor":12.0,"key":"Bronze Scales"},{"floor":21.0,"key":"Ornamental Fan"},{"floor":26.0,"key":"MawBank"},{"floor":36.0,"key":"WingedGreaves"},{"floor":37.0,"key":"StoneCalendar"},{"floor":38.0,"key":"Pocketwatch"},{"floor":42.0,"key":"Question Card"},{"floor":43.0,"key":"Pen Nib"},{"floor":46.0,"key":"InkBottle"},{"floor":48.0,"key":"Champion Belt"}],"event_choices":[{"damage_healed":0.0,"max_hp_gain":0.0,"max_hp_loss":0.0,"gold_gain":0.0,"event_name":"Accursed Blacksmith","player_choice":"Forge","floor":3.0,"gold_loss":0.0,"damage_taken":0.0,"cards_upgraded":["Perfected Strike"]},{"damage_healed":0.0,"max_hp_gain":0.0,"max_hp_loss":0.0,"gold_gain":0.0,"event_name":"Golden Idol","player_choice":"Take Damage","floor":14.0,"gold_loss":0.0,"damage_taken":20.0,"relics_obtained":["Golden Idol"]},{"damage_healed":0.0,"max_hp_gain":0.0,"max_hp_loss":0.0,"gold_gain":0.0,"cards_transformed":["Strike_R","Strike_R"],"event_name":"Drug Dealer","player_choice":"Became Test Subject","floor":19.0,"gold_loss":0.0,"damage_taken":0.0,"cards_obtained":["Flex","Burning Pact"]},{"damage_healed":0.0,"max_hp_gain":0.0,"max_hp_loss":0.0,"gold_gain":0.0,"event_name":"Ghosts","player_choice":"Ignored","floor":25.0,"gold_loss":0.0,"damage_taken":0.0},{"damage_healed":0.0,"max_hp_gain":0.0,"max_hp_loss":0.0,"gold_gain":0.0,"event_name":"Wheel of Change","player_choice":"Damaged","floor":27.0,"gold_loss":0.0,"damage_taken":8.0},{"damage_healed":0.0,"max_hp_gain":0.0,"max_hp_loss":0.0,"gold_gain":0.0,"event_name":"MindBloom","player_choice":"Fight","floor":37.0,"gold_loss":0.0,"damage_taken":0.0},{"damage_healed":0.0,"max_hp_gain":0.0,"max_hp_loss":0.0,"gold_gain":0.0,"event_name":"Mysterious Sphere","player_choice":"Fight","floor":38.0,"gold_loss":0.0,"damage_taken":0.0},{"damage_healed":0.0,"max_hp_gain":0.0,"max_hp_loss":0.0,"gold_gain":0.0,"event_name":"Wheel of Change","player_choice":"Damaged","floor":39.0,"gold_loss":0.0,"damage_taken":8.0}],"is_beta":false,"boss_relics":[{"not_picked":["Tiny House","Philosopher\u0027s Stone"],"picked":"Runic Pyramid"},{"not_picked":["Runic Dome","Mark of Pain"],"picked":"Empty Cage"}],"items_purged_floors":[0,44],"is_endless":false,"potions_floor_spawned":[1,5,12,16,20,30,41,45,47],"ascension_level":0}}