{"host":"1a3cjta80tad0aqj","time":1610423075,"event":{"mods":["2.2 Compatiblity","AchievementEnabler","BaseMod","Colored Map","DeckTracker","KOR Keyword Fix","Keyboard Shortcuts","Minty Spire (QoL Compilation)","Permanent Neow","Quick Restart","Random Character Button","StSLib","SuperFastMode","everything is the same but u backflip on backflip"],"gold_per_floor":[111,129,129,129,129,129,153,188,213,213,234,52,52,65,65,190,190,203,219,134,147,147,190,190,28,51,87,99,149,161,186,198,210,210],"floor_reached":33,"playtime":1464,"items_purged":["Regret","Defend_R+1"],"score":310,"play_id":"6a0c10a1-e013-4476-b07d-57c98ac5f567","local_time":"20210112124435","is_ascension_mode":false,"campfire_choices":[{"data":"Perfected Strike","floor":6.0,"key":"SMITH"},{"data":"Bash","floor":10.0,"key":"SMITH"},{"data":"Shrug It Off","floor":15.0,"key":"SMITH"},{"data":"Wild Strike","floor":24.0,"key":"SMITH"},{"data":"Havoc","floor":28.0,"key":"SMITH"},{"data":"Twin Strike","floor":30.0,"key":"SMITH"},{"data":"Twin Strike","floor":32.0,"key":"SMITH"}],"circlet_count":0,"master_deck":["Strike_R+1","Strike_R+1","Strike_R+1","Strike_R+1","Strike_R+1","Defend_R+1","Defend_R+1","Defend_R+1","Bash+1","Perfected Strike+1","Headbutt","Shrug It Off","Wild Strike+1","Warcry+1","Shrug It Off+1","CurseOfTheBell","Anger","Twin Strike+1","Twin Strike+1","Havoc+1","Warcry"],"relics":["Burning Blood","NeowsBlessing","Boot","Golden Idol","WingedGreaves","PreservedInsect","Membership Card","Calling Bell","Vajra","Pantograph","CaptainsWheel","Bag of Marbles","The Courier","HornCleat","MawBank","MealTicket"],"acts_visited":["Exordium","TheCity"],"potions_floor_usage":[],"damage_taken":[{"damage":0.0,"enemies":"Jaw Worm","floor":1.0,"turns":1.0},{"damage":0.0,"enemies":"Small Slimes","floor":2.0,"turns":1.0},{"damage":0.0,"enemies":"Cultist","floor":7.0,"turns":1.0},{"damage":17.0,"enemies":"Gremlin Nob","floor":8.0,"turns":3.0},{"damage":2.0,"enemies":"Looter","floor":11.0,"turns":2.0},{"damage":6.0,"enemies":"Large Slime","floor":14.0,"turns":6.0},{"damage":30.0,"enemies":"Slime Boss","floor":16.0,"turns":9.0},{"damage":24.0,"enemies":"3 Byrds","floor":18.0,"turns":9.0},{"damage":2.0,"enemies":"2 Thieves","floor":19.0,"turns":4.0},{"damage":16.0,"enemies":"Snake Plant","floor":21.0,"turns":4.0},{"damage":0.0,"enemies":"Gremlin Leader","floor":23.0,"turns":3.0},{"damage":0.0,"enemies":"Sentry and Sphere","floor":27.0,"turns":4.0},{"damage":9.0,"enemies":"Slavers","floor":29.0,"turns":5.0},{"damage":4.0,"enemies":"Snecko","floor":31.0,"turns":4.0},{"damage":86,"enemies":"Automaton","floor":33,"turns":8}],"seed_played":"6128955282120293020","potions_obtained":[{"floor":2.0,"key":"SmokeBomb"},{"floor":7.0,"key":"Swift Potion"},{"floor":14.0,"key":"LiquidMemories"},{"floor":16.0,"key":"BlessingOfTheForge"},{"floor":21.0,"key":"DistilledChaos"},{"floor":23.0,"key":"ColorlessPotion"}],"is_trial":false,"path_per_floor":["M","M","?","?","?","R","M","E","T","R","M","$","?","M","R","B",null,"M","M","?","M","?","E","R","$","T","M","R","E","R","M","R","B"],"character_chosen":"IRONCLAD","items_purchased":["Membership Card","HornCleat","Twin Strike"],"campfire_rested":0,"item_purchase_floors":[12,25,25],"current_hp_per_floor":[80,80,80,60,60,60,66,55,55,55,59,59,59,59,59,35,80,62,66,66,56,56,62,62,62,62,68,68,65,65,67,67,0,0],"gold":210,"neow_bonus":"THREE_ENEMY_KILL","is_daily":false,"chose_seed":false,"campfire_upgraded":7,"win_rate":0.0,"timestamp":1610423075,"path_taken":["M","M","?","?","?","R","?","E","T","R","M","$","?","M","R","BOSS","M","M","?","M","?","E","R","$","T","M","R","E","R","M","R","BOSS"],"items_purchased_type":["Relic","Relic","Card"],"build_version":"2020-12-22","purchased_purges":2,"victory":false,"max_hp_per_floor":[80,80,80,80,80,80,80,80,80,80,80,80,80,80,80,80,80,80,80,80,80,80,80,80,80,80,80,80,80,80,80,80,80,80],"card_choices":[{"not_picked":["Armaments","True Grit"],"picked":"Perfected Strike","floor":1.0},{"not_picked":["Rupture","Blood for Blood"],"picked":"Headbutt","floor":2.0},{"not_picked":["Thunderclap","Cleave"],"picked":"Wild Strike","floor":7.0},{"not_picked":["Havoc","Dual Wield"],"picked":"Warcry","floor":8.0},{"not_picked":["Anger","Metallicize"],"picked":"Shrug It Off","floor":11.0},{"not_picked":["Dark Embrace","Uppercut","Berserk"],"picked":"SKIP","floor":14.0},{"not_picked":["Intimidate","Hemokinesis"],"picked":"Anger","floor":18.0},{"not_picked":["Dual Wield","Body Slam"],"picked":"Twin Strike","floor":19.0},{"not_picked":["Heavy Blade","Metallicize","Uppercut"],"picked":"SKIP","floor":21.0},{"not_picked":["Shockwave+1","Berserk","Flame Barrier"],"picked":"SKIP","floor":23.0},{"not_picked":["Shockwave+1","Berserk","Flame Barrier"],"picked":"SKIP","floor":23.0},{"not_picked":["Shockwave+1","Berserk","Flame Barrier"],"picked":"SKIP","floor":23.0},{"not_picked":["Carnage","Searing Blow"],"picked":"Havoc","floor":27.0},{"not_picked":["Metallicize","Infernal Blade+1","Clothesline"],"picked":"SKIP","floor":29.0},{"not_picked":["Cleave","True Grit"],"picked":"Warcry","floor":31.0}],"player_experience":307821,"relics_obtained":[{"floor":8.0,"key":"WingedGreaves"},{"floor":9.0,"key":"PreservedInsect"},{"floor":17.0,"key":"Vajra"},{"floor":17.0,"key":"Pantograph"},{"floor":17.0,"key":"CaptainsWheel"},{"floor":23.0,"key":"The Courier"},{"floor":26.0,"key":"MawBank"},{"floor":29.0,"key":"MealTicket"}],"event_choices":[{"damage_healed":0.0,"max_hp_gain":0.0,"max_hp_loss":0.0,"gold_gain":0.0,"event_name":"Big Fish","player_choice":"Box","floor":3.0,"gold_loss":0.0,"damage_taken":0.0,"relics_obtained":["Boot"],"cards_obtained":["Regret"]},{"damage_healed":0.0,"max_hp_gain":0.0,"max_hp_loss":0.0,"gold_gain":0.0,"event_name":"Golden Idol","player_choice":"Take Damage","floor":4.0,"gold_loss":0.0,"damage_taken":20.0,"relics_obtained":["Golden Idol"]},{"damage_healed":0.0,"max_hp_gain":0.0,"max_hp_loss":0.0,"gold_gain":0.0,"event_name":"Match and Keep!","player_choice":"1 cards matched","floor":5.0,"gold_loss":0.0,"damage_taken":0.0,"cards_obtained":["Shrug It Off"]},{"damage_healed":0.0,"max_hp_gain":0.0,"max_hp_loss":0.0,"gold_gain":0.0,"event_name":"Match and Keep!","player_choice":"1 cards matched","floor":5.0,"gold_loss":0.0,"damage_taken":0.0,"cards_obtained":["Shrug It Off"]},{"damage_healed":0.0,"max_hp_gain":0.0,"max_hp_loss":0.0,"gold_gain":0.0,"event_name":"Living Wall","player_choice":"Grow","floor":13.0,"gold_loss":0.0,"damage_taken":0.0,"cards_upgraded":["Warcry"]},{"damage_healed":0.0,"max_hp_gain":0.0,"max_hp_loss":0.0,"gold_gain":0.0,"event_name":"Addict","player_choice":"Obtained Relic","floor":20.0,"gold_loss":85.0,"damage_taken":0.0,"relics_obtained":["Bag of Marbles"]},{"damage_healed":0.0,"max_hp_gain":0.0,"max_hp_loss":0.0,"gold_gain":0.0,"event_name":"Back to Basics","player_choice":"Simplicity","floor":22.0,"gold_loss":0.0,"damage_taken":0.0,"cards_upgraded":["Strike_R","Strike_R","Strike_R","Strike_R","Strike_R","Defend_R","Defend_R","Defend_R","Defend_R"]}],"is_beta":false,"boss_relics":[{"not_picked":["Coffee Dripper","Mark of Pain"],"picked":"Calling Bell"}],"items_purged_floors":[12,25],"is_endless":false,"potions_floor_spawned":[2,7,14,16,21,23],"killed_by":"Automaton","ascension_level":0}}