{"host":"dpbezu80jg8zk7un","time":1610448423,"event":{"mods":["BaseMod","Colored Map","Colored Powertips","Custom Start","DeckTracker","Minty Spire (QoL Compilation)","Quick Restart","StSLib","SuperFastMode"],"gold_per_floor":[113,113,38,38,55,55,80,80,80,96,128,139,39,52,52,126,126,136,61,79,92,103,103,135,135,135,155,71,71,71,71],"floor_reached":30,"playtime":646,"items_purged":["Defend_P","Strike_P"],"score":570,"play_id":"a1d23b40-fec2-4cfa-9aa9-00ec2f85b78b","local_time":"20210112194703","is_ascension_mode":true,"campfire_choices":[{"data":"Eruption","floor":6.0,"key":"SMITH"},{"data":"WheelKick","floor":8.0,"key":"SMITH"},{"data":"1","floor":15.0,"key":"LIFT"},{"data":"2","floor":23.0,"key":"LIFT"},{"data":"3","floor":25,"key":"LIFT"}],"circlet_count":0,"master_deck":["AscendersBane","Strike_P+1","Strike_P","Defend_P+1","Defend_P+1","Defend_P+1","Eruption+1","Vigilance","WheelKick+1","SandsOfTime","Vault+1","LessonLearned+1","Indignation+1","MentalFortress","Necronomicurse"],"relics":["PureWater","NeowsBlessing","CloakClasp","Meat on the Bone","Girya","Dream Catcher","VioletLotus","Art of War","Eternal Feather","Necronomicon"],"acts_visited":["Exordium","TheCity"],"potions_floor_usage":[],"damage_taken":[{"damage":0.0,"enemies":"Small Slimes","floor":1.0,"turns":1.0},{"damage":0.0,"enemies":"Cultist","floor":5.0,"turns":1.0},{"damage":0.0,"enemies":"Gremlin Nob","floor":7.0,"turns":1.0},{"damage":0.0,"enemies":"2 Louse","floor":10.0,"turns":2.0},{"damage":7.0,"enemies":"Lagavulin","floor":11.0,"turns":6.0},{"damage":0.0,"enemies":"Exordium Wildlife","floor":12.0,"turns":3.0},{"damage":0.0,"enemies":"Large Slime","floor":14.0,"turns":2.0},{"damage":17.0,"enemies":"Hexaghost","floor":16.0,"turns":9.0},{"damage":15.0,"enemies":"Shell Parasite","floor":18.0,"turns":6.0},{"damage":10.0,"enemies":"Spheric Guardian","floor":20.0,"turns":5.0},{"damage":0.0,"enemies":"Centurion and Healer","floor":21.0,"turns":5.0},{"damage":0.0,"enemies":"Sentry and Sphere","floor":22.0,"turns":4.0},{"damage":2,"enemies":"Gremlin Leader","floor":24,"turns":6},{"damage":10,"enemies":"Snake Plant","floor":27,"turns":3},{"damage":24,"enemies":"Slavers","floor":30,"turns":2}],"seed_played":"1305997082625002667","potions_obtained":[{"floor":1.0,"key":"GamblersBrew"},{"floor":11.0,"key":"Regen Potion"},{"floor":12.0,"key":"EssenceOfSteel"},{"floor":14.0,"key":"Ambrosia"},{"floor":18.0,"key":"SneckoOil"},{"floor":21.0,"key":"ColorlessPotion"}],"is_trial":false,"path_per_floor":["M","?","$","?","M","R","E","R","T","M","E","M","$","M","R","B",null,"M","?","M","M","M","R","E","R","T","M","$","?","E"],"character_chosen":"WATCHER","items_purchased":["MentalFortress"],"campfire_rested":0,"item_purchase_floors":[28],"current_hp_per_floor":[61,61,61,66,66,66,66,66,66,66,59,59,59,59,59,42,65,65,65,55,55,55,55,53,53,53,43,43,22,0,0],"gold":71,"neow_bonus":"THREE_ENEMY_KILL","is_daily":false,"chose_seed":false,"campfire_upgraded":2,"win_rate":0.0,"timestamp":1610448423,"path_taken":["M","?","?","?","M","R","E","R","T","M","E","M","$","M","R","BOSS","M","?","M","M","M","R","E","R","T","M","$","?","E"],"items_purchased_type":["Card"],"build_version":"2020-12-22","purchased_purges":2,"victory":false,"max_hp_per_floor":[68,68,68,73,73,73,73,73,73,73,73,73,73,73,73,73,73,73,73,73,73,73,73,73,73,73,73,73,73,73,73],"card_choices":[{"not_picked":["CarveReality","FollowUp"],"picked":"WheelKick","floor":1.0},{"not_picked":["Vengeance","BowlingBash","Halt"],"picked":"SKIP","floor":5.0},{"not_picked":["Halt","WaveOfTheHand","WreathOfFlame"],"picked":"SKIP","floor":7.0},{"not_picked":["SignatureMove","Crescendo"],"picked":"SandsOfTime","floor":10.0},{"not_picked":["JustLucky","FollowUp","Crescendo"],"picked":"SKIP","floor":11.0},{"not_picked":["Halt","ThirdEye","Fasting2"],"picked":"SKIP","floor":12.0},{"not_picked":["FlyingSleeves","Meditate"],"picked":"Vault","floor":14.0},{"not_picked":["Devotion","Brilliance"],"picked":"LessonLearned","floor":16.0},{"not_picked":["ClearTheMind","Prostrate","WreathOfFlame+1"],"picked":"SKIP","floor":18.0},{"not_picked":["JustLucky","FlyingSleeves","EmptyBody"],"picked":"SKIP","floor":20.0},{"not_picked":["ThirdEye","EmptyFist"],"picked":"Indignation+1","floor":21.0},{"not_picked":["Protect","WaveOfTheHand","ThirdEye"],"picked":"SKIP","floor":22.0},{"not_picked":["ClearTheMind","FollowUp","FlurryOfBlows"],"picked":"SKIP","floor":24},{"not_picked":["ClearTheMind","FlyingSleeves","Alpha"],"picked":"SKIP","floor":27}],"player_experience":2867281,"relics_obtained":[{"floor":7.0,"key":"Meat on the Bone"},{"floor":9.0,"key":"Girya"},{"floor":11.0,"key":"Dream Catcher"},{"floor":24,"key":"Art of War"},{"floor":26,"key":"Eternal Feather"},{"floor":29,"key":"Necronomicon"}],"event_choices":[{"damage_healed":0.0,"max_hp_gain":0.0,"max_hp_loss":0.0,"gold_gain":0.0,"event_name":"WeMeetAgain","player_choice":"Gave Potion","floor":2.0,"gold_loss":0.0,"damage_taken":0.0,"relics_obtained":["CloakClasp"]},{"damage_healed":0.0,"max_hp_gain":5.0,"max_hp_loss":0.0,"gold_gain":0.0,"event_name":"Big Fish","player_choice":"Donut","floor":4.0,"gold_loss":0.0,"damage_taken":0.0},{"cards_removed":["Strike_P"],"damage_healed":0.0,"max_hp_gain":0.0,"max_hp_loss":0.0,"gold_gain":0.0,"event_name":"Beggar","player_choice":"Gave Gold","floor":19.0,"gold_loss":75.0,"damage_taken":0.0},{"damage_healed":0,"gold_gain":0,"player_choice":"Obtained Book","damage_taken":21,"max_hp_gain":0,"max_hp_loss":0,"event_name":"Cursed Tome","floor":29,"gold_loss":0}],"is_beta":false,"boss_relics":[{"not_picked":["HolyWater","Velvet Choker"],"picked":"VioletLotus"}],"items_purged_floors":[3,13],"is_endless":false,"potions_floor_spawned":[1,11,12,14,18,21],"killed_by":"Slavers","ascension_level":20}}