{"host":"337p6miwxbqfki03","time":1610488364,"event":{"mods":["BaseMod","Better Third Choice","Colored Map","Conspire","Downfall","Hubris","Minty Spire (QoL Compilation)","Replay The Spire","Somnambulant","StSLib","The Cursed","The Hierophant","Unceasing Turn Reminder"],"gold_per_floor":[112,62,78,188,242,242,285,281,281,281,319,377,377,451,451,501,501,521,520,520,214,256,256,256,256,256,274,315,42,75,125,125,181,181],"floor_reached":33,"language":"ENG","playtime":1458,"items_purged":[],"score":278,"play_id":"97e2e62e-5b1a-4a2f-9475-9623ea207820","local_time":"20210112155244","is_ascension_mode":false,"campfire_choices":[{"floor":6,"key":"REST"},{"floor":10,"key":"REST"},{"floor":15,"key":"REST"},{"floor":23,"key":"REST"},{"floor":25,"key":"REST"},{"floor":32,"key":"REST"}],"circlet_count":0,"master_deck":["hierophant:Strike_Hierophant+1","hierophant:Strike_Hierophant+1","hierophant:Strike_Hierophant+1","hierophant:Strike_Hierophant+1","hierophant:Punish+1","hierophant:Defend_Hierophant+1","hierophant:Defend_Hierophant+1","hierophant:Defend_Hierophant+1","hierophant:Defend_Hierophant+1","hierophant:ChurchCoffers","hierophant:Bribe","hierophant:RustyCrate+1","hierophant:Doubloon","hierophant:Doubloon","hierophant:Doubloon","hierophant:Remorse","hierophant:Doubloon","hierophant:CoinFling","hierophant:AuricBeam","hierophant:Doubloon","hierophant:Remorse","hierophant:Doubloon+1","hierophant:Remorse","hierophant:Doubloon","hierophant:CursedGold","hierophant:PassingBell","hierophant:ArchangelShield+1","hierophant:ThreeLashes","hierophant:Doubloon","hierophant:Refuge","hierophant:Invocation","hierophant:AuricBeam","hierophant:FieryStrike+1","hierophant:Glossolalia","hierophant:ArchangelShield","hierophant:Embezzle+1","hierophant:OrnateBuckler+1","hierophant:Community+1","hierophant:Mercenaries+1","hierophant:Doubloon+1","hierophant:Dazzle+1","hierophant:Community"],"relics":["Painkiller Herb","Gremlin Food","hubris:MedicalManual","Cursed Key","Toxic Egg 2","Boot"],"acts_visited":["Exordium","TheCity"],"potions_floor_usage":[],"damage_taken":[{"damage":1,"enemies":"Jaw Worm","floor":1,"turns":3},{"damage":0,"enemies":"2 Louse","floor":3,"turns":2},{"damage":0,"enemies":"conspire:RoseBush","floor":5,"turns":2},{"damage":27,"enemies":"Replay:BlueRogue","floor":7,"turns":4},{"damage":0,"enemies":"2 Fungi Beasts","floor":8,"turns":2},{"damage":7,"enemies":"conspire:2 RoseBushes","floor":11,"turns":5},{"damage":10,"enemies":"Exordium Thugs","floor":12,"turns":3},{"damage":7,"enemies":"3 Louse","floor":14,"turns":4},{"damage":0,"enemies":"Slime Boss","floor":16,"turns":8},{"damage":10,"enemies":"Spheric Guardian","floor":18,"turns":3},{"damage":17,"enemies":"Chosen","floor":19,"turns":6},{"damage":24,"enemies":"Snecko","floor":22,"turns":7},{"damage":22,"enemies":"Cultist and Chosen","floor":27,"turns":9},{"damage":11,"enemies":"Centurion and Healer","floor":28,"turns":6},{"damage":13,"enemies":"conspire:HollyBat","floor":30,"turns":9},{"damage":24,"enemies":"Sentry and Sphere","floor":31,"turns":8},{"damage":45,"enemies":"Pondfish","floor":33,"turns":4}],"seed_played":"4128072680848543913","potions_obtained":[{"floor":1,"key":"Languid Potion"},{"floor":7,"key":"BlessingOfTheForge"},{"floor":8,"key":"SpeedPotion"},{"floor":27,"key":"FairyPotion"}],"is_trial":false,"path_per_floor":["?","T","?","?","?","T","E","?","T","T","?","?","?","?","T","B",null,"?","?","?","T","?","T","?","T","T","?","?","T","?","?","T","B"],"character_chosen":"HIEROPHANT","items_purchased":["hierophant:RustyCrate","Toxic Egg 2","hierophant:Glossolalia","hierophant:Community","Boot","hierophant:Mercenaries+1"],"campfire_rested":6,"item_purchase_floors":[2,21,21,29,29,29],"current_hp_per_floor":[74,74,74,44,44,66,39,39,39,61,54,44,44,37,59,59,75,65,48,48,48,24,46,46,68,68,46,35,35,22,22,44,0,0],"gold":181,"neow_bonus":"BOSS_RELIC","is_daily":false,"chose_seed":false,"campfire_upgraded":0,"win_rate":0.0,"timestamp":1610488364,"path_taken":["?","T","?","?","?","T","E","?","T","T","?","?","?","?","T","BOSS","?","?","?","T","?","T","?","T","T","?","?","T","?","?","T","BOSS"],"items_purchased_type":["Card","Relic","Card","Card","Relic","Card"],"build_version":"2020-12-22","purchased_purges":0,"victory":false,"max_hp_per_floor":[75,75,75,75,75,75,75,75,75,75,75,75,75,75,75,75,75,75,75,75,75,75,75,75,75,75,75,75,75,75,75,75,75,75],"card_choices":[{"not_picked":["hierophant:Zeal","hierophant:RustyCrate"],"picked":"hierophant:Bribe","floor":1},{"not_picked":["hierophant:Encroach","hierophant:Purify"],"picked":"hierophant:Remorse","floor":3},{"not_picked":["hierophant:SealAway","hierophant:Sermon"],"picked":"hierophant:CoinFling","floor":4},{"not_picked":["hierophant:Zeal","hierophant:Purify"],"picked":"hierophant:AuricBeam","floor":4},{"not_picked":["hierophant:OrnateBuckler","hierophant:Empathy"],"picked":"hierophant:Remorse","floor":4},{"not_picked":["hierophant:Racketeering","hierophant:Smite"],"picked":"hierophant:Remorse","floor":5},{"not_picked":["hierophant:DisplayOfPower","hierophant:Mercenaries"],"picked":"hierophant:CursedGold","floor":7},{"not_picked":["hierophant:Rebuild","hierophant:SealAway"],"picked":"hierophant:PassingBell","floor":8},{"not_picked":["hierophant:HolyVerse","hierophant:FlamingChariot"],"picked":"hierophant:ArchangelShield","floor":11},{"not_picked":["hierophant:FlamingChariot","hierophant:Anathema"],"picked":"hierophant:ThreeLashes","floor":12},{"not_picked":["hierophant:Martyrdom","hierophant:FieryStrike"],"picked":"hierophant:Refuge","floor":14},{"not_picked":["hierophant:LocustPlague","hierophant:WrathOfGod"],"picked":"hierophant:Invocation","floor":16},{"not_picked":["hierophant:PassingBell","hierophant:Alms"],"picked":"hierophant:AuricBeam","floor":18},{"not_picked":["hierophant:Zeal","hierophant:RecallFunds"],"picked":"hierophant:FieryStrike+1","floor":19},{"not_picked":["hierophant:RepressedViolence","hierophant:Zeal"],"picked":"hierophant:ArchangelShield","floor":22},{"not_picked":["hierophant:PassingBell","hierophant:OrnateBuckler+1"],"picked":"hierophant:Embezzle+1","floor":27},{"not_picked":["hierophant:SealAway","hierophant:Blessing+1"],"picked":"hierophant:OrnateBuckler+1","floor":28},{"not_picked":["hierophant:FieryStrike","hierophant:Mercenaries"],"picked":"hierophant:Dazzle+1","floor":30},{"not_picked":["hierophant:Purify+1","hierophant:OrnateBuckler+1"],"picked":"hierophant:Community","floor":31}],"player_experience":284844,"relics_obtained":[{"floor":7,"key":"Gremlin Food"},{"floor":9,"key":"hubris:MedicalManual"}],"event_choices":[{"damage_healed":0,"gold_gain":0,"player_choice":"Leave","damage_taken":0,"max_hp_gain":0,"max_hp_loss":0,"event_name":"conspire:Investor","floor":13,"gold_loss":0},{"damage_healed":0,"gold_gain":0,"player_choice":"Ignored","damage_taken":0,"max_hp_gain":0,"max_hp_loss":0,"event_name":"Ghosts","floor":20,"gold_loss":0},{"damage_healed":0,"gold_gain":0,"player_choice":"Simplicity","damage_taken":0,"max_hp_gain":0,"max_hp_loss":8,"event_name":"betterThird:BetterWriting","floor":24,"gold_loss":0}],"is_beta":false,"boss_relics":[{"not_picked":["Busted Crown","conspire:SpecialSausage"],"picked":"Cursed Key"}],"items_purged_floors":[],"is_endless":false,"potions_floor_spawned":[1,7,8,12,16,22,27,30],"killed_by":"Pondfish","ascension_level":0}}