{"host":"w9yruvs4bqht6bhw","time":1610426347,"event":{"mods":["BaseMod","Colored Powertips","Minty Spire (QoL Compilation)"],"gold_per_floor":[109,127,127,127,138,138,165,184,211,33,33,33,33,33,33,33,33,48,48,63,63,0,0,0,0],"floor_reached":24,"playtime":824,"items_purged":[],"score":264,"play_id":"a20648f5-d4d5-496a-a79d-1886d1f58839","local_time":"20210111233907","is_ascension_mode":true,"campfire_choices":[{"data":"Armaments","floor":6,"key":"SMITH"},{"floor":11,"key":"REST"},{"data":"Disarm","floor":15,"key":"SMITH"},{"floor":23,"key":"REST"}],"circlet_count":0,"master_deck":["Strike_R+1","Strike_R","Strike_R+1","Strike_R","Strike_R","Defend_R","Defend_R","Defend_R","Defend_R","Bash","Disarm+1","Armaments+1","Anger","Disarm","True Grit","Corruption","Flame Barrier","Iron Wave+1"],"relics":["Burning Blood","Omamori","Nunchaku","Orichalcum","PreservedInsect","Fusion Hammer"],"acts_visited":["Exordium","TheCity"],"potions_floor_usage":[8,16,24,24],"damage_taken":[{"damage":10,"enemies":"Small Slimes","floor":1,"turns":4},{"damage":14,"enemies":"Jaw Worm","floor":2,"turns":5},{"damage":0,"enemies":"2 Louse","floor":5,"turns":2},{"damage":18,"enemies":"Lots of Slimes","floor":8,"turns":4},{"damage":11,"enemies":"Hexaghost","floor":16,"turns":13},{"damage":16,"enemies":"3 Byrds","floor":18,"turns":9},{"damage":1,"enemies":"Chosen","floor":20,"turns":5},{"damage":112,"enemies":"Gremlin Leader","floor":24,"turns":9}],"seed_played":"-6459964513153769584","potions_obtained":[{"floor":1,"key":"ElixirPotion"},{"floor":2,"key":"PowerPotion"},{"floor":5,"key":"BloodPotion"},{"floor":8,"key":"Weak Potion"},{"floor":18,"key":"LiquidBronze"}],"is_trial":false,"path_per_floor":["M","M","?","?","M","R","T","M","T","$","R","$","?","?","R","B",null,"M","?","M","?","?","R","E"],"character_chosen":"IRONCLAD","items_purchased":["PreservedInsect","True Grit"],"campfire_rested":2,"item_purchase_floors":[10,10],"current_hp_per_floor":[76,68,43,43,49,49,49,37,37,37,63,63,85,67,67,62,82,72,72,77,77,77,88,0,0],"gold":0,"neow_bonus":"TEN_PERCENT_HP_BONUS","is_daily":false,"chose_seed":false,"campfire_upgraded":2,"win_rate":0.0,"timestamp":1610426347,"path_taken":["M","M","?","?","M","R","?","M","T","$","R","?","?","?","R","BOSS","M","?","?","?","?","R","E"],"items_purchased_type":["Relic","Card"],"build_version":"2020-12-22","purchased_purges":0,"victory":false,"max_hp_per_floor":[88,88,88,88,88,88,88,88,88,88,88,88,88,88,88,88,88,88,88,88,88,88,88,88,88],"card_choices":[{"not_picked":["Ghostly Armor","Shrug It Off"],"picked":"Disarm","floor":1},{"not_picked":["Thunderclap","Shrug It Off"],"picked":"Armaments","floor":2},{"not_picked":["Cleave","Offering"],"picked":"Anger","floor":5},{"not_picked":["Sword Boomerang","Sentinel"],"picked":"Disarm","floor":8},{"not_picked":["Immolate","Double Tap"],"picked":"Corruption","floor":16},{"not_picked":["Thunderclap","Hemokinesis+1"],"picked":"Flame Barrier","floor":18},{"not_picked":["Pommel Strike+1","Dual Wield"],"picked":"Iron Wave+1","floor":20}],"player_experience":383817,"relics_obtained":[{"floor":7,"key":"Nunchaku"},{"floor":9,"key":"Orichalcum"}],"event_choices":[{"damage_healed":0,"gold_gain":0,"player_choice":"Success","damage_taken":25,"relics_obtained":["Omamori"],"max_hp_gain":0,"max_hp_loss":0,"event_name":"Scrap Ooze","floor":3,"gold_loss":0},{"damage_healed":0,"gold_gain":0,"player_choice":"Ignored","damage_taken":0,"max_hp_gain":0,"max_hp_loss":0,"event_name":"Golden Wing","floor":4,"gold_loss":0},{"damage_healed":22,"gold_gain":0,"player_choice":"Healed and dodged fight","damage_taken":0,"max_hp_gain":0,"max_hp_loss":0,"event_name":"Mushrooms","floor":13,"gold_loss":0,"cards_obtained":["Parasite"]},{"damage_healed":0,"gold_gain":0,"player_choice":"Entered Light","damage_taken":18,"max_hp_gain":0,"max_hp_loss":0,"event_name":"Shining Light","floor":14,"gold_loss":0,"cards_upgraded":["Strike_R","Strike_R"]},{"damage_healed":0,"gold_gain":0,"player_choice":"Ignored","damage_taken":0,"max_hp_gain":0,"max_hp_loss":0,"event_name":"N\u0027loth","floor":19,"gold_loss":0},{"damage_healed":0,"gold_gain":0,"player_choice":"Ignored","damage_taken":0,"max_hp_gain":0,"max_hp_loss":0,"event_name":"Ghosts","floor":21,"gold_loss":0},{"damage_healed":0,"gold_gain":0,"player_choice":"Paid Fearfully","damage_taken":0,"max_hp_gain":0,"max_hp_loss":0,"event_name":"Masked Bandits","floor":22,"gold_loss":63}],"is_beta":false,"boss_relics":[{"not_picked":["Empty Cage","Astrolabe"],"picked":"Fusion Hammer"}],"items_purged_floors":[],"is_endless":false,"potions_floor_spawned":[1,2,5,8,18],"killed_by":"Gremlin Leader","ascension_level":9}}