{"host":"9jj9tzo2iym4bpat","time":1610458830,"event":{"mods":["Act Like it!","BaseMod","CapriCore","Gensokyo","Luminous","Marisa????????","Minty Spire (QoL Compilation)","Permanent Neow","Replay The Spire","StSLib","Td1madao Mod","The Animator","The Immortal","The Marked","The Servant 0.9.4"],"gold_per_floor":[119,134,154,154,172,203,203,6,6,25,39,51,51,51,51,104,104,204,204,220,70,88,88,104,104,124,136,161,161,161,192,192,205,205,205,205],"floor_reached":35,"playtime":1443,"items_purged":[],"score":369,"play_id":"991c9b7d-9902-4212-bbdf-f7731a35f021","local_time":"20210112074030","is_ascension_mode":true,"campfire_choices":[{"floor":7,"key":"REST"},{"floor":17,"key":"REST"},{"floor":25,"key":"REST"},{"floor":30,"key":"REST"},{"floor":32,"key":"REST"},{"data":"Gensokyo:FourOfAKind","floor":34,"key":"SMITH"}],"circlet_count":0,"master_deck":["Strike_R","Strike_R","Strike_R","Strike_R","Strike_R","Defend_R","Defend_R","Defend_R","Defend_R","Bash","Infernal Blade","Armaments","Seeing Red","ReplayTheSpireMod:Stacked","Replay:Undeath\u0027s Touch","Anger","Replay:Undeath\u0027s Touch","Anger","Perfected Strike","Battle Trance","Pain","Demon Form","Perfected Strike","Cleave","animator:Curse_Dizziness","Anger+1","ReplayTheSpireMod:Corrosion Curse","Pommel Strike","Cleave+1","Twin Strike","Gensokyo:FourOfAKind+1","Gensokyo:FourOfAKind","Gensokyo:FourOfAKind","Gensokyo:FourOfAKind","Run Through+1","Pommel Strike"],"relics":["Burning Blood","Pen Nib","Regal Pillow","Garlic","Gensokyo:LunaticRedEyes","Centennial Puzzle","Sozu","ReplayTheSpireMod:CursedCoin","Replay:Bottled Steam","Toy Ornithopter","Ginger"],"acts_visited":["Gensokyo:Gensokyo","Gensokyo:Gensokyoer"],"potions_floor_usage":[18,35,35],"damage_taken":[{"damage":12,"enemies":"Gensokyo:2_Kodama","floor":1,"turns":5},{"damage":15,"enemies":"Gensokyo:3_Fairies","floor":2,"turns":5},{"damage":5,"enemies":"Gensokyo:Python","floor":3,"turns":4},{"damage":2,"enemies":"Gensokyo:Kitsune","floor":5,"turns":3},{"damage":45,"enemies":"Gensokyo:Aya","floor":6,"turns":7},{"damage":13,"enemies":"Gensokyo:5_Fairies","floor":10,"turns":7},{"damage":0,"enemies":"Gensokyo:VengefulSpirit","floor":11,"turns":2},{"damage":4,"enemies":"Gensokyo:CorruptedTreant","floor":12,"turns":2},{"damage":50,"enemies":"Gensokyo:Kokoro","floor":18,"turns":13},{"damage":27,"enemies":"Gensokyo:2_Gloops","floor":20,"turns":5},{"damage":23,"enemies":"Gensokyo:AngelMirror","floor":22,"turns":4},{"damage":27,"enemies":"Gensokyo:Monolith_and_Dog","floor":24,"turns":5},{"damage":3,"enemies":"Gensokyo:Slime_Group","floor":26,"turns":3},{"damage":31,"enemies":"Gensokyo:3_Gloops","floor":27,"turns":5},{"damage":32,"enemies":"Gensokyo:Reisen","floor":31,"turns":4},{"damage":27,"enemies":"Gensokyo:Swordslinger","floor":33,"turns":3},{"damage":66,"enemies":"Gensokyo:Eiki","floor":35,"turns":5}],"seed_played":"-4792691671284164126","potions_obtained":[{"floor":0,"key":"LiquidBronze"},{"floor":0,"key":"LifebloodPotion"},{"floor":0,"key":"Swift Potion"},{"floor":2,"key":"LifebloodPotion"},{"floor":3,"key":"Regen Potion"}],"is_trial":false,"path_per_floor":["M","M","M","?","M","E","R","$","T","M","M","M","?","PTL","PTL","T","R","B",null,"M","$","M","?","M","R","M","M","T","?","R","E","R","M","R","B"],"character_chosen":"IRONCLAD","items_purchased":["Regal Pillow","Anger","Cleave","ReplayTheSpireMod:CursedCoin","Replay:Bottled Steam"],"campfire_rested":5,"item_purchase_floors":[8,8,21,21,21],"current_hp_per_floor":[74,65,66,66,70,31,55,55,55,48,54,56,56,56,56,56,80,36,80,59,59,42,42,21,60,63,38,38,38,56,30,56,35,35,0,0],"gold":205,"neow_bonus":"THREE_SMALL_POTIONS","is_daily":false,"chose_seed":false,"campfire_upgraded":1,"win_rate":0.0,"timestamp":1610458830,"path_taken":["M","M","M","?","M","E","R","?","T","M","M","?","?","PTL","PTL","?","R","BOSS","M","$","M","?","M","R","M","?","T","?","R","E","R","?","R","BOSS"],"items_purchased_type":["Relic","Card","Card","Relic","Relic"],"build_version":"2020-12-22","purchased_purges":0,"victory":false,"max_hp_per_floor":[80,80,80,80,80,80,80,80,80,80,80,80,80,80,80,80,80,80,80,80,80,80,80,80,80,80,80,80,56,56,56,56,56,56,56,56],"card_choices":[{"not_picked":["ReplayTheSpireMod:Muscle Training","Rage"],"picked":"Infernal Blade","floor":1},{"not_picked":["Rampage","Dual Wield"],"picked":"Armaments","floor":2},{"not_picked":["Run Through","Thunderclap"],"picked":"Seeing Red","floor":3},{"not_picked":["Clothesline","Warcry"],"picked":"ReplayTheSpireMod:Stacked","floor":4},{"not_picked":["ReplayTheSpireMod:Strike From Hell","Clothesline"],"picked":"Replay:Undeath\u0027s Touch","floor":4},{"not_picked":["Warcry","Headbutt"],"picked":"Anger","floor":5},{"not_picked":["Bludgeon","Metallicize"],"picked":"Replay:Undeath\u0027s Touch","floor":6},{"not_picked":["Twin Strike","Warcry"],"picked":"Perfected Strike","floor":10},{"not_picked":["Evolve","Armaments","Thunderclap"],"picked":"SKIP","floor":11},{"not_picked":["Iron Wave","Thunderclap"],"picked":"Battle Trance","floor":12},{"not_picked":["Impervious","Berserk"],"picked":"Demon Form","floor":18},{"not_picked":["Run Through","Headbutt"],"picked":"Perfected Strike","floor":20},{"not_picked":["Life Link","True Grit"],"picked":"Anger+1","floor":22},{"not_picked":["Havoc","Headbutt"],"picked":"Pommel Strike","floor":24},{"not_picked":["Whirlwind","Evolve"],"picked":"Cleave+1","floor":26},{"not_picked":["Limit Break","Reckless Charge"],"picked":"Twin Strike","floor":27},{"not_picked":["Cleave","Disarm+1"],"picked":"Run Through+1","floor":31},{"not_picked":["Thunderclap","ReplayTheSpireMod:Stacked"],"picked":"Pommel Strike","floor":33}],"player_experience":217955,"relics_obtained":[{"floor":6,"key":"Pen Nib"},{"floor":9,"key":"Garlic"},{"floor":16,"key":"Centennial Puzzle"},{"floor":28,"key":"Toy Ornithopter"},{"floor":31,"key":"Ginger"}],"event_choices":[],"is_beta":false,"boss_relics":[{"not_picked":["Pandora\u0027s Box","Philosopher\u0027s Stone"],"picked":"Sozu"}],"items_purged_floors":[],"is_endless":false,"potions_floor_spawned":[1,2,3,12,20,24,26],"killed_by":"Gensokyo:Eiki","ascension_level":3}}