{"host":"17uzppmr1r5fe5jj","time":1610461313,"event":{"mods":["BaseMod","Minty Spire (QoL Compilation)","StSLib","Youmu£®ªÍ∆«—˝√Œ£©"],"gold_per_floor":[114,133,308,326,342,373,373,373,373],"floor_reached":8,"playtime":512,"items_purged":[],"score":58,"play_id":"dbd86bdc-4c9e-4bdd-96aa-d108bc66eb01","local_time":"20210112222153","daily_mods":["Vintage","Heirloom","Flight","DeadlyEvents","Elite Swarm"],"is_ascension_mode":false,"campfire_choices":[{"data":"WickedSoul","floor":7,"key":"SMITH"}],"circlet_count":0,"master_deck":["Strike_YM","Strike_YM","Strike_YM","Strike_YM","Defend_YM","Defend_YM","Defend_YM","Defend_YM","SlashOfPresentWorld","WheelOfPainOfLivingAndDead","Doubt","WickedSoul+1"],"relics":["HalfPhantom","StoneCalendar","Bag of Preparation","Dream Catcher","Kunai","ChestCloth","Nunchaku"],"acts_visited":["Exordium"],"potions_floor_usage":[4,8],"damage_taken":[{"damage":8,"enemies":"Cultist","floor":1,"turns":5},{"damage":6,"enemies":"2 Louse","floor":2,"turns":2},{"damage":4,"enemies":"Jaw Worm","floor":4,"turns":3},{"damage":14,"enemies":"Blue Slaver","floor":5,"turns":5},{"damage":10,"enemies":"Lagavulin","floor":6,"turns":7},{"damage":15,"enemies":"3 Sentries","floor":8,"turns":4}],"seed_played":"-9089024373736929270","potions_obtained":[{"floor":1,"key":"FearPotion"},{"floor":5,"key":"Strength Potion"}],"is_trial":true,"path_per_floor":["M","M","?","M","M","E","R","E"],"character_chosen":"YOUMU","items_purchased":[],"campfire_rested":0,"item_purchase_floors":[],"current_hp_per_floor":[67,61,61,57,43,33,33,18,18],"gold":373,"neow_bonus":"","is_daily":false,"chose_seed":false,"campfire_upgraded":1,"win_rate":0.0,"timestamp":1610461313,"path_taken":["M","M","?","M","M","E","R","E"],"items_purchased_type":[],"build_version":"2020-12-22","purchased_purges":0,"victory":false,"max_hp_per_floor":[75,75,75,75,75,75,75,75,75],"card_choices":[{"not_picked":["SuddenDivineSeveringOfKarmicWind","SlashOfSaigyouSpringWind"],"picked":"WickedSoul","floor":6}],"player_experience":84984,"relics_obtained":[{"floor":1,"key":"Bag of Preparation"},{"floor":2,"key":"Dream Catcher"},{"floor":4,"key":"Kunai"},{"floor":5,"key":"ChestCloth"},{"floor":6,"key":"Nunchaku"}],"event_choices":[{"damage_healed":0,"gold_gain":175,"player_choice":"AGREE","damage_taken":0,"max_hp_gain":0,"max_hp_loss":0,"event_name":"Liars Game","floor":3,"gold_loss":0,"cards_obtained":["Doubt"]}],"is_beta":false,"boss_relics":[],"items_purged_floors":[],"is_endless":false,"potions_floor_spawned":[1,5],"killed_by":"3 Sentries","ascension_level":0}}