{"host":"nlbr7nnijupf3yfg","time":1610440846,"event":{"mods":["AchievementEnabler","BaseMod","Colored Powertips","DeckTracker","Downfall","Hubris","Marisa????????","Minty Spire (QoL Compilation)","Replay The Spire","StSLib","SuperFastMode"],"gold_per_floor":[119,133,58,58,75,75,157,191,245,245,195,195,205,216,216,311,311,324,324,339,264,277,308,322,64,138,190,190,190,190,208,208,312,312,332,348,348,367,385,417,417,417,443,634,634,669,683,697,697,697,697],"floor_reached":50,"playtime":1255,"items_purged":["Strike_R","Injury"],"score":647,"play_id":"a9a4c61f-c4bc-42c1-8285-35634474c787","local_time":"20210112034046","is_ascension_mode":false,"campfire_choices":[{"data":"Twin Strike","floor":6,"key":"SMITH"},{"data":"Pommel Strike","floor":10,"key":"SMITH"},{"floor":15,"key":"REST"},{"floor":29,"key":"REST"},{"floor":32,"key":"DIG"},{"floor":42,"key":"REST"},{"floor":45,"key":"REST"},{"floor":49,"key":"REST"}],"circlet_count":0,"master_deck":["Strike_R","Strike_R+1","Defend_R+1","Defend_R+1","Defend_R+1","Defend_R+1","Bash","Thunderclap+1","Twin Strike+1","Pommel Strike+1","Pommel Strike","Perfected Strike+1","Immolate","Twin Strike","Whirlwind+1","Flex+1","Bludgeon","Doubt","Sickly","Decay","Flex+1","Dual Wield","Flex+1","Twin Strike","Spot Weakness+1","Flex+1","Havoc+1"],"relics":["Burning Blood","FaceOfCleric","Question Card","hubris:GlazedTorus","Bronze Scales","hubris:VirtuousBlindfold","MealTicket","ReplayTheSpireMod:CursedCoin","Replay:Multitool","hubris:PeanutButter","ReplayTheSpireMod:Spearhead","Quantum Egg","Replay:Ancient Bell","Vajra","Darkstone Periapt","Ginger","Replay:Bottled Eggs","hubris:Towel","Omamori","Replay:Bottled Snecko"],"acts_visited":["Exordium","TheCity","TheBeyond"],"potions_floor_usage":[20,33,40,47,50,50,50],"damage_taken":[{"damage":0,"enemies":"Small Slimes","floor":1,"turns":3},{"damage":1,"enemies":"Cultist","floor":2,"turns":4},{"damage":0,"enemies":"2 Louse","floor":5,"turns":2},{"damage":24,"enemies":"Gremlin Nob","floor":8,"turns":5},{"damage":10,"enemies":"Looter","floor":13,"turns":2},{"damage":0,"enemies":"2 Fungi Beasts","floor":14,"turns":2},{"damage":67,"enemies":"The Guardian","floor":16,"turns":8},{"damage":20,"enemies":"Shell Parasite","floor":18,"turns":3},{"damage":12,"enemies":"2 Thieves","floor":20,"turns":2},{"damage":12,"enemies":"3 Cultists","floor":22,"turns":3},{"damage":33,"enemies":"Gremlin Leader","floor":23,"turns":4},{"damage":33,"enemies":"Shelled Parasite and Fungi","floor":24,"turns":3},{"damage":0,"enemies":"Chosen and Byrds","floor":31,"turns":3},{"damage":36,"enemies":"Collector","floor":33,"turns":7},{"damage":6,"enemies":"Orb Walker","floor":35,"turns":3},{"damage":0,"enemies":"3 Darklings","floor":36,"turns":2},{"damage":20,"enemies":"Spire Growth","floor":38,"turns":3},{"damage":8,"enemies":"Transient","floor":39,"turns":5},{"damage":77,"enemies":"Giant Head","floor":40,"turns":7},{"damage":31,"enemies":"R_Hoarder","floor":46,"turns":7},{"damage":28,"enemies":"Jaw Worm Horde","floor":47,"turns":3},{"damage":0,"enemies":"4 Shapes","floor":48,"turns":1},{"damage":104,"enemies":"Replay:Hell Engine","floor":50,"turns":5}],"seed_played":"-3618258998937084340","potions_obtained":[{"floor":8,"key":"hexamod:EctoCoolerPotion"},{"floor":14,"key":"FearPotion"},{"floor":22,"key":"SneckoOil"},{"floor":23,"key":"Block Potion"},{"floor":36,"key":"Toxic Potion"},{"floor":46,"key":"Explosive Potion"},{"floor":47,"key":"Ancient Potion"}],"is_trial":false,"path_per_floor":["M","M","$","?","M","R","T","E","T","R","?","?","M","M","R","B",null,"M","?","M","?","M","E","M","$","T","T","?","R","?","M","R","B",null,"M","M","?","M","M","E","?","R","T","?","R","E","M","M","R","B"],"character_chosen":"IRONCLAD","items_purchased":["ReplayTheSpireMod:CursedCoin","Replay:Multitool"],"campfire_rested":5,"item_purchase_floors":[25,25],"current_hp_per_floor":[80,80,80,80,81,81,81,64,64,64,64,48,45,52,77,17,85,72,72,67,67,62,36,10,25,25,25,25,52,52,59,59,30,110,111,112,112,99,98,28,28,62,62,62,96,72,51,58,93,0,0],"gold":697,"neow_bonus":"RANDOM_EVENT","is_daily":false,"chose_seed":false,"campfire_upgraded":2,"win_rate":0.0,"timestamp":1610440846,"path_taken":["M","M","$","?","?","R","?","E","T","R","?","?","M","M","R","BOSS","M","?","?","?","M","E","M","$","T","?","?","R","?","M","R","BOSS","M","M","?","M","M","E","?","R","T","?","R","E","M","?","R","BOSS"],"items_purchased_type":["Relic","Relic"],"build_version":"2020-12-22","purchased_purges":2,"victory":false,"max_hp_per_floor":[80,80,80,80,81,81,81,82,82,82,82,82,83,84,84,85,85,86,86,87,87,88,89,90,90,90,90,90,90,90,91,91,92,110,111,112,112,113,114,115,115,115,115,115,115,116,117,118,118,118,118],"card_choices":[{"not_picked":["Heavy Blade","Rupture"],"picked":"Thunderclap","floor":1},{"not_picked":["Anger","Seeing Red"],"picked":"Twin Strike","floor":2},{"not_picked":["hubris:CleavingFinish","Ghostly Armor","Iron Wave"],"picked":"SKIP","floor":5},{"not_picked":["hubris:SharpeningStone","Pummel","Dual Wield"],"picked":"Pommel Strike","floor":8},{"not_picked":["Rampage","Run Through","Headbutt"],"picked":"Pommel Strike","floor":13},{"not_picked":["ReplayTheSpireMod:Strike From Hell","True Grit","Shrug It Off"],"picked":"Perfected Strike","floor":14},{"not_picked":["Hemogenesis","Offering","Barricade"],"picked":"Immolate","floor":16},{"not_picked":["Thunderclap","Clash","ReplayTheSpireMod:Strike From Hell","Iron Wave+1"],"picked":"SKIP","floor":18},{"not_picked":["Battle Trance","Run Through","Bloodletting+1","Anger"],"picked":"SKIP","floor":20},{"not_picked":["ReplayReversal","Anger+1","Metallicize"],"picked":"Twin Strike","floor":22},{"not_picked":["ReplayTheSpireMod:Corrosion Curse+1","Headbutt","Heavy Blade"],"picked":"Inflame","floor":23},{"not_picked":["Double Tap","Replay:Undeath\u0027s Touch+1","Sword Boomerang"],"picked":"Whirlwind+1","floor":24},{"not_picked":["Thunderclap","Uppercut","Sword Boomerang"],"picked":"Flex+1","floor":31},{"not_picked":["Reaper","Demonic Infusion","Brutality"],"picked":"Bludgeon","floor":33},{"not_picked":["hubris:Compulsion","Hallucinations","hubris:Lust"],"picked":"Doubt","floor":34},{"not_picked":["Hallucinations","hubris:Gluttony","Spreading Infection"],"picked":"Sickly","floor":34},{"not_picked":["ReplayTheSpireMod:Doomed","Spreading Infection","Looming Evil"],"picked":"Decay","floor":34},{"not_picked":["Thunderclap","Bloodletting","Massacre"],"picked":"Flex+1","floor":35},{"not_picked":["Heavy Blade+1","Headbutt","Shrug It Off+1"],"picked":"Dual Wield","floor":36},{"not_picked":["Shrug It Off","ReplayTheSpireMod:Stacked","hubris:ReadiedAction+1"],"picked":"Flex+1","floor":38},{"not_picked":["Offering","Headbutt","Reckless Charge"],"picked":"Twin Strike","floor":39},{"not_picked":["Clash+1","Bludgeon","Battle Trance+1","hubris:ReadiedAction"],"picked":"SKIP","floor":40},{"not_picked":["True Grit","Clothesline+1","Warcry"],"picked":"Spot Weakness+1","floor":44},{"not_picked":["ReplayTheSpireMod:Corrosion Curse+1","Feel No Pain","ReplayTheSpireMod:Strike From Hell","Life Link"],"picked":"SKIP","floor":46},{"not_picked":["Defy Death","Heavy Blade+1","Run Through+1"],"picked":"Flex+1","floor":47},{"not_picked":["Replay:Undeath\u0027s Touch+1","Feel No Pain","Pommel Strike"],"picked":"Havoc+1","floor":48}],"player_experience":39712,"relics_obtained":[{"floor":7,"key":"Question Card"},{"floor":8,"key":"hubris:GlazedTorus"},{"floor":9,"key":"Bronze Scales"},{"floor":23,"key":"MealTicket"},{"floor":26,"key":"hubris:PeanutButter"},{"floor":27,"key":"ReplayTheSpireMod:Spearhead"},{"floor":32,"key":"Quantum Egg"},{"floor":40,"key":"Replay:Bottled Eggs"},{"floor":43,"key":"Omamori"},{"floor":46,"key":"Replay:Bottled Snecko"}],"event_choices":[{"damage_healed":0,"gold_gain":0,"player_choice":"Trade","damage_taken":0,"relics_obtained":["FaceOfCleric"],"max_hp_gain":0,"max_hp_loss":0,"event_name":"FaceTrader","floor":4,"gold_loss":0},{"cards_removed":["Strike_R"],"damage_healed":0,"gold_gain":0,"player_choice":"Card Removal","damage_taken":0,"max_hp_gain":0,"max_hp_loss":0,"event_name":"The Cleric","floor":11,"gold_loss":50},{"damage_healed":0,"gold_gain":0,"player_choice":"Entered Light","damage_taken":16,"max_hp_gain":0,"max_hp_loss":0,"event_name":"Shining Light","floor":12,"gold_loss":0,"cards_upgraded":["Defend_R","Thunderclap"]},{"damage_healed":0,"gold_gain":0,"player_choice":"Upgraded","damage_taken":0,"max_hp_gain":0,"max_hp_loss":0,"event_name":"Upgrade Shrine","floor":19,"gold_loss":0,"cards_upgraded":["Perfected Strike"]},{"cards_removed":["Strike_R"],"damage_healed":0,"gold_gain":0,"player_choice":"Gave Gold","damage_taken":0,"max_hp_gain":0,"max_hp_loss":0,"event_name":"Beggar","floor":21,"gold_loss":75},{"damage_healed":0,"gold_gain":0,"player_choice":"Ignored","damage_taken":0,"max_hp_gain":0,"max_hp_loss":0,"event_name":"Vampires","floor":28,"gold_loss":0},{"damage_healed":0,"gold_gain":0,"player_choice":"Ignored","damage_taken":0,"max_hp_gain":0,"max_hp_loss":0,"event_name":"N\u0027loth","floor":30,"gold_loss":0},{"cards_removed":["Inflame"],"damage_healed":0,"gold_gain":0,"player_choice":"Removed Power","damage_taken":0,"max_hp_gain":0,"max_hp_loss":0,"event_name":"Falling","floor":37,"gold_loss":0}],"is_beta":false,"boss_relics":[{"not_picked":["hubris:TerracottaHorce","Abe\u0027s Treasure"],"picked":"hubris:VirtuousBlindfold"},{"not_picked":["Fusion Hammer","Ring of Chaos"],"picked":"Replay:Ancient Bell"},{"not_picked":["Orichalcum","Pen Nib"],"picked":"Vajra"},{"not_picked":["Snack Pack","Eternal Feather"],"picked":"Darkstone Periapt"},{"not_picked":["hubris:Teleporter","Replay:Kaleidoscope"],"picked":"Ginger"}],"items_purged_floors":[3,25],"is_endless":false,"potions_floor_spawned":[8,14,22,23,31,36,40,46,47,48],"killed_by":"Replay:Hell Engine","ascension_level":0}}