{"host":"pcbz64t4k17ey4z1","time":1610485333,"event":{"mods":["2.2 Compatiblity","AchievementEnabler","Act Like it!","Aspiration","BaseMod","Beaked The Cultist","Better Match","Better Third Choice","BetterRewards","Card Forge","Colored Map","Colored Powertips","Conspire","Disable Question Mark Monsters","Fireblade Mod","Friendly Minions","Gensokyo","GifTheSpireLib","Glutton Mod","Googly Eyes","Gremlin Mod","Hermit","Hubris","Infinite Spire","Koishi","Marisa????????","Minty Spire (QoL Compilation)","Permanent Neow","Potionbrewer","Quick Restart","Random Character Button","Rare Cards Sparkle","Relic Filter","Replay The Spire","Robot Space Explorer","Shade Mod","Shop Mod","Spicy Shops","StSLib","Stuff the Spire","SuperFastMode","The Animator","The Cursed","The Druid","The Gatherer","The Hierophant","The IronCluck","The Jungle","The Marked","The Runesmith","Virulent Crown","Waifu the Spire","Wandering Minibosses","vexMod"],"gold_per_floor":[114,131,174,187,187,218,231,231,231,40,73,73,108,8,8,85,85,100,18,34,34,53,85,85,117,162,176,201,33,64,79,79,150,200,229,716,816,879,405,464,505,572,622,622,376,412,412,456,456,456,456],"floor_reached":52,"language":"ENG","playtime":3145,"items_purged":["Strike_G+1","Strike_G+1"],"score":3874,"play_id":"f8ac5235-af78-4601-8135-ae44b792fee7","local_time":"20210112210213","is_ascension_mode":true,"campfire_choices":[{"data":"Prepared","floor":12,"key":"SMITH"},{"data":"Ghostly","floor":15,"key":"SMITH"},{"data":"Envenom","floor":24,"key":"SMITH"},{"data":"1","floor":32,"key":"LIFT"},{"floor":44,"key":"REST"},{"data":"2","floor":44,"key":"LIFT"},{"floor":49,"key":"REST"},{"data":"3","floor":49,"key":"LIFT"}],"circlet_count":0,"master_deck":["AscendersBane","Strike_G+1","Strike_G+1","Defend_G+1","Defend_G+1","Defend_G+1","Defend_G+1","Defend_G+1","Neutralize","ReplayTheSpireMod:Private Reserves","Fluid Movement","Slice","Deadly Poison","Infinite Blades","Replay:Bootleg Shield Generator","ReplayTheSpireMod:Scrap Shanks","Blade Dance+1","Survivor","Replay:Bootleg Shield Generator","Cloak And Dagger","Cloak And Dagger","Blade Dance","Caltrops","StuffTheSpire:Fury+1","infinitespire:Neurotoxin+1","Prepared+1","StuffTheSpire:DoubleShiv","Ghostly+1","Envenom+1","Terror","conspire:DoublingDagger","Slice","Replay:Bag of Tricks","hubris:SlightOfHand+1","Concentrate+1","Terror+1","ReplayTheSpireMod:Speed Training","ReplayTheSpireMod:Echoes of Time","Finisher+1","Panacea","Prepared","ReplayTheSpireMod:Scrap Shanks","Prepared+1","Slice+1"],"relics":["Ring of the Snake","Hammer of Thor","Seething Fire","Anvil of the Gods","Lee\u0027s Waffle","aspiration:EmptySkull","infinitespire:WardingShard","Ginger","Anchor","Unceasing Top","BargainBundle","Oddly Smooth Stone","Pear","hubris:BundleOfHerbs","TungstenRod","Bag of Preparation","StuffTheSpire:HeavyRock","StuffTheSpire:PointBlank","StuffTheSpire:Mouthbags","potionbrewer:DrinkingBird","Membership Card","Shuriken","Omamori","infinitespire:BottledMercury","StuffTheSpire:Rhapsscallions","vexMod:PlasmaPancake","Ninja Scroll","potionbrewer:ToyAutogyro","hubris:AncientText","Philosopher\u0027s Stone","Nloth\u0027s Gift","Bag of Marbles","Regal Pillow","Replay:Multitool","Chemical X","Girya","Calipers","Bottled Tornado","Tiny House","infinitespire:EvilPickle","wanderingMiniBosses:LockLocket","infinitespire:Magic Flask","Replay:Baseball","Replay:Bottled Steam","hubris:Metronome","infinitespire:Satchel","Replay:Rubber Ducky","Blood Vial","potionbrewer:Keyblade","aspiration:FetidBarrel"],"acts_visited":["Exordium","TheCity","TheBeyond"],"potions_floor_usage":[4,6,11,13,16,23,28],"damage_taken":[{"damage":0,"enemies":"Small Slimes","floor":1,"turns":2},{"damage":0,"enemies":"Jaw Worm","floor":2,"turns":4},{"damage":0,"enemies":"Cultist","floor":3,"turns":4},{"damage":0,"enemies":"Lots of Slimes","floor":4,"turns":4},{"damage":12,"enemies":"Gremlin Nob","floor":6,"turns":4},{"damage":0,"enemies":"3 Louse","floor":7,"turns":2},{"damage":0,"enemies":"3 Sentries","floor":11,"turns":3},{"damage":6,"enemies":"Lagavulin","floor":13,"turns":3},{"damage":0,"enemies":"Slime Boss","floor":16,"turns":7},{"damage":0,"enemies":"Spheric Guardian","floor":18,"turns":1},{"damage":0,"enemies":"3 Byrds","floor":20,"turns":3},{"damage":0,"enemies":"Centurion and Healer","floor":22,"turns":4},{"damage":3,"enemies":"Book of Stabbing","floor":23,"turns":4},{"damage":0,"enemies":"Slavers","floor":25,"turns":4},{"damage":0,"enemies":"Chosen and Byrds","floor":27,"turns":2},{"damage":0,"enemies":"Book of Stabbing","floor":28,"turns":4},{"damage":1,"enemies":"Gremlin Leader","floor":30,"turns":2},{"damage":0,"enemies":"Sentry and Sphere","floor":31,"turns":2},{"damage":0,"enemies":"Pondfish","floor":33,"turns":6},{"damage":0,"enemies":"3 Darklings","floor":35,"turns":4},{"damage":0,"enemies":"Orb Walker","floor":36,"turns":5},{"damage":0,"enemies":"infinitespire:Three Voidlings","floor":37,"turns":3},{"damage":74,"enemies":"Nightmare_Alpha","floor":37,"turns":6},{"damage":0,"enemies":"Maw","floor":38,"turns":4},{"damage":0,"enemies":"Nemesis","floor":40,"turns":3},{"damage":0,"enemies":"4 Shapes","floor":41,"turns":2},{"damage":0,"enemies":"Nightmare","floor":42,"turns":4},{"damage":0,"enemies":"3 Darklings","floor":46,"turns":1},{"damage":0,"enemies":"Transient","floor":48,"turns":4},{"damage":0,"enemies":"Donu and Deca","floor":50,"turns":3},{"damage":12,"enemies":"conspire:OrnateMirror","floor":51,"turns":3}],"seed_played":"-6170906025819915443","potions_obtained":[{"floor":7,"key":"Energy Potion"},{"floor":11,"key":"potionbrewer:DiscountPotion"},{"floor":16,"key":"Milkshake"},{"floor":22,"key":"Block Potion"}],"is_trial":false,"path_per_floor":["M","M","M","M","?","E","M","T","T","$","E","R","E","?","R","B",null,"M","$","M","?","M","E","R","E","T","M","E","$","E","M","R","B",null,"M","M","?","M","$","E","M","NM","T","R","$","M","?","M","R","B","B",null],"character_chosen":"THE_SILENT","items_purchased":["Lee\u0027s Waffle","aspiration:EmptySkull","infinitespire:WardingShard","Ginger","Anchor","ReplayTheSpireMod:Private Reserves","Fluid Movement","Slice","Deadly Poison","BargainBundle","infinitespire:PuzzleCube","Oddly Smooth Stone","Pear","hubris:BundleOfHerbs","Infinite Blades","Replay:Bootleg Shield Generator","SpeedPotion","Bag of Preparation","StuffTheSpire:HeavyRock","StuffTheSpire:PointBlank","ReplayTheSpireMod:Scrap Shanks","Blade Dance","StuffTheSpire:Mouthbags","Membership Card","Shuriken","Omamori","Replay:Bootleg Shield Generator","Cloak And Dagger","Ninja Scroll","infinitespire:Neurotoxin+1","conspire:DoublingDagger","Chemical X","Girya","Calipers","Replay:Baseball","Replay:Bottled Steam","hubris:Metronome","Panacea","Prepared","potionbrewer:Keyblade","aspiration:FetidBarrel","Slice+1"],"campfire_rested":2,"item_purchase_floors":[0,0,0,0,0,0,0,0,0,0,0,0,0,0,0,0,0,0,0,0,0,0,0,0,0,0,0,0,10,10,19,29,29,29,39,39,39,39,39,45,45,45],"current_hp_per_floor":[83,83,83,83,83,71,71,73,79,79,79,79,73,73,73,73,87,87,87,87,87,87,84,84,84,84,84,84,84,83,83,83,83,94,94,94,20,20,20,20,20,20,20,63,63,65,74,76,96,96,84],"gold":456,"neow_bonus":"","is_daily":false,"chose_seed":false,"campfire_upgraded":3,"win_rate":0.0,"timestamp":1610485333,"path_taken":["M","M","M","M","?","E","M","?","T","$","E","R","E","?","R","BOSS","M","$","M","?","?","E","R","E","T","M","E","$","E","?","R","BOSS","M","M","?","M","$","E","M","NM","T","R","$","M","?","M","R","BOSS","BOSS"],"items_purchased_type":["Relic","Relic","Relic","Relic","Relic","Card","Card","Card","Card","Relic","Relic","Relic","Relic","Relic","Card","Card","Potion","Relic","Relic","Relic","Card","Card","Relic","Relic","Relic","Relic","Card","Card","Relic","Card","Card","Relic","Relic","Relic","Relic","Relic","Relic","Card","Card","Relic","Relic","Card"],"build_version":"2020-12-22","purchased_purges":2,"victory":true,"max_hp_per_floor":[83,83,83,83,83,83,83,85,91,91,91,91,91,91,91,91,91,91,91,91,91,91,91,91,91,91,91,91,91,91,91,91,91,96,96,96,96,96,96,96,96,96,96,96,96,96,96,96,96,96,96],"card_choices":[{"not_picked":["Quick Slash","Outmaneuver"],"picked":"Cloak And Dagger","floor":1},{"not_picked":["PiercingWail","Expertise","StuffTheSpire:BumpUp"],"picked":"SKIP","floor":2},{"not_picked":["Heel Hook","StuffTheSpire:BrimstoneBlast"],"picked":"Blade Dance","floor":3},{"not_picked":["hubris:Sniper","Replay:Poison Smokescreen"],"picked":"Caltrops","floor":4},{"not_picked":["Slice","StuffTheSpire:FinalStruggle"],"picked":"StuffTheSpire:Fury","floor":6},{"not_picked":["StuffTheSpire:ClusterCrunch","Outmaneuver","StuffTheSpire:BumpUp"],"picked":"SKIP","floor":7},{"not_picked":["Heel Hook","Sucker Punch"],"picked":"Prepared","floor":11},{"not_picked":["Deflect","Quick Slash"],"picked":"StuffTheSpire:DoubleShiv","floor":13},{"not_picked":["aspiration:Lunge","Doppelganger"],"picked":"Envenom","floor":16},{"not_picked":["Underhanded Strike","conspire:PoisonWeapons"],"picked":"Terror","floor":18},{"not_picked":["Backflip","Well Laid Plans"],"picked":"StuffTheSpire:Injection","floor":20},{"not_picked":["Setup","Dodge and Roll"],"picked":"Slice","floor":22},{"not_picked":["Flechettes","Malaise","PiercingWail+1"],"picked":"SKIP","floor":23},{"not_picked":["Die Die Die","Distraction","Leg Sweep"],"picked":"SKIP","floor":25},{"not_picked":["hubris:SlightOfHand","Deadly Poison","Flying Knee"],"picked":"SKIP","floor":27},{"not_picked":["Venomology","Grand Finale"],"picked":"Replay:Bag of Tricks","floor":28},{"not_picked":["StuffTheSpire:BumpUp+1","StuffTheSpire:Sprint+1"],"picked":"hubris:SlightOfHand+1","floor":30},{"not_picked":["infinitespire:Neurotoxin","Flying Knee"],"picked":"Concentrate+1","floor":31},{"not_picked":["hubris:TrickCloak","Slice"],"picked":"Terror+1","floor":34},{"not_picked":["StuffTheSpire:Python+1","Tactician","Outmaneuver"],"picked":"SKIP","floor":35},{"not_picked":["Blade Dance","Acrobatics"],"picked":"ReplayTheSpireMod:Speed Training","floor":36},{"not_picked":["infinitespire:Oblivion","infinitespire:Collect"],"picked":"ReplayTheSpireMod:Echoes of Time","floor":37},{"not_picked":["Dagger Spray","Replay:Poison Smokescreen"],"picked":"Finisher+1","floor":38},{"not_picked":["Malaise","Flechettes"],"picked":"ReplayTheSpireMod:Scrap Shanks","floor":40},{"not_picked":["Skewer","StuffTheSpire:ClusterCrunch"],"picked":"Prepared+1","floor":41},{"not_picked":["StuffTheSpire:Python","Dagger Spray","Toxin Wave"],"picked":"SKIP","floor":42},{"not_picked":["Grand Finale","PiercingWail","StuffTheSpire:Python"],"picked":"SKIP","floor":46},{"not_picked":["Acrobatics","All Out Attack+1","Flechettes"],"picked":"SKIP","floor":48}],"player_experience":3906414,"relics_obtained":[{"floor":6,"key":"infinitespire:BottledMercury"},{"floor":8,"key":"StuffTheSpire:Rhapsscallions"},{"floor":9,"key":"vexMod:PlasmaPancake"},{"floor":11,"key":"potionbrewer:ToyAutogyro"},{"floor":13,"key":"hubris:AncientText"},{"floor":23,"key":"Bag of Marbles"},{"floor":26,"key":"Regal Pillow"},{"floor":28,"key":"Replay:Multitool"},{"floor":30,"key":"Bottled Tornado"},{"floor":36,"key":"wanderingMiniBosses:LockLocket"},{"floor":37,"key":"infinitespire:Magic Flask"},{"floor":40,"key":"infinitespire:Satchel"},{"floor":42,"key":"Replay:Rubber Ducky"},{"floor":43,"key":"Blood Vial"}],"event_choices":[{"damage_healed":0,"gold_gain":0,"player_choice":"Argue","damage_taken":0,"max_hp_gain":0,"max_hp_loss":0,"event_name":"conspire:LoneGhost","floor":14,"gold_loss":0},{"damage_healed":0,"gold_gain":0,"player_choice":"Traded Relic","damage_taken":0,"relics_obtained":["Nloth\u0027s Gift"],"max_hp_gain":0,"max_hp_loss":0,"event_name":"N\u0027loth","floor":21,"relics_lost":["infinitespire:PuzzleCube"],"gold_loss":0}],"is_beta":false,"boss_relics":[{"not_picked":["Runic Dome","vexMod:DeviousBotling"],"picked":"Philosopher\u0027s Stone"},{"not_picked":["conspire:SeveredTorchhead","aspiration:SecretTechniqueScroll"],"picked":"Tiny House"}],"items_purged_floors":[19,39],"is_endless":false,"potions_floor_spawned":[3,4,7,11,16,22,25,27,30,33,36,40,42,48],"ascension_level":20}}