{"host":"8kweeulvvasqx820","time":1610495495,"event":{"mods":["Aspiration","BaseMod","Better Altar","Better Match","Better Note","Better Sensory Stone","Better Skull","Better Third Choice","BetterRewards","Colored Map","Conspire","Displayed Cursed Tome","Downfall","Hubris","Infinite Spire","Jorbs\u0027s Wanderer Trilogy","Minty Spire (QoL Compilation)","Relic Stats","Replay The Spire","Spicy Shops","StSLib","SuperFastMode","Swap Starting Deck Mod","The Construct","The Marked","The Servant 0.9.4","everything is the same but u backflip on backflip","slay the spire mod where everything is the same but ironclad has a cowboy hat"],"gold_per_floor":[112,166,183,201,151,151,181,181,231,262,279,309,309,326,326,429,429,448,458,475,139,139,139,139,7,7,7,36,51,69,99,99,196,196,207,249,263,275,290,318,335,335,335,370,370,396,24,58,58,58],"floor_reached":51,"language":"ENG","playtime":4762,"items_purged":["Strike_R","Normality","hubris:Compulsion"],"score":1228,"play_id":"15fb77f0-8100-448e-be61-ae1a5ac068d5","local_time":"20210112185135","is_ascension_mode":true,"campfire_choices":[{"data":"Metallicize","floor":6.0,"key":"SMITH"},{"data":"ReplayTheSpireMod:Muscle Training","floor":8.0,"key":"SMITH"},{"data":"ReplayReversal","floor":15.0,"key":"SMITH"},{"data":"Feed","floor":23.0,"key":"SMITH"},{"data":"True Grit","floor":27,"key":"SMITH"},{"data":"Dual Wield","floor":42,"key":"SMITH"}],"circlet_count":0,"master_deck":["Defend_R","Defend_R","Bash","True Grit+1","Shrug It Off","Metallicize+1","Sword Boomerang","Dual Wield+1","ReplayTheSpireMod:Muscle Training+1","Combust+1","Blood for Blood","ReplayReversal+1","Battle Trance","Rupture","conspire:Charge","Feed+1","Rupture","Infernal Blade+1","Shrug It Off","Life Link+1","Armaments+1","Warcry+1","Shrug It Off+1","Pommel Strike","Offering+1","Shrug It Off+1","Body Slam+1","hubris:ReadiedAction+1","Flame Barrier+1","Parasite","Warcry+1","conspire:HitWhereItHurts","Feel No Pain","ReplayTheSpireMod:Muscle Training+1","ReplayReversal+1","Demonic Infusion+1","True Grit+1","Infernal Blade+1"],"relics":["Black Blood","Bag of Preparation","infinitespire:Lychee Nut","aspiration:TomeofQuesting","Replay:Mystery Machine","hubris:ChampionShield","Blue Doll","Oddly Smooth Stone","Kintsugi","King of Hearts","Bird Faced Urn","Ooze Armor","infinitespire:Satchel","Toxic Egg 2","Chameleon Ring","infinitespire:Beetle Shell","infinitespire:PuzzleCube","MealTicket","Garlic","Mercury Hourglass","aspiration:HummingbirdHeart","infinitespire:Golems Mask","aspiration:ChemicalBlood"],"acts_visited":["Exordium","TheCity","TheBeyond"],"potions_floor_usage":[28,29,31,35,36,38,41,50,50],"damage_taken":[{"damage":4.0,"enemies":"conspire:RoseBush","floor":1.0,"turns":4.0},{"damage":2.0,"enemies":"2 Louse","floor":3.0,"turns":4.0},{"damage":5.0,"enemies":"Cultist","floor":4.0,"turns":4.0},{"damage":14.0,"enemies":"Replay:BlueRogue","floor":7.0,"turns":5.0},{"damage":9.0,"enemies":"3 Sentries","floor":10.0,"turns":4.0},{"damage":10.0,"enemies":"Red Slaver","floor":11.0,"turns":4.0},{"damage":11.0,"enemies":"Replay:BlueRogue","floor":12.0,"turns":7.0},{"damage":3.0,"enemies":"Blue Slaver","floor":14.0,"turns":3.0},{"damage":24.0,"enemies":"The Guardian","floor":16.0,"turns":9.0},{"damage":48.0,"enemies":"Spheric Guardian","floor":18.0,"turns":6.0},{"damage":5.0,"enemies":"Chosen","floor":19.0,"turns":5.0},{"damage":29.0,"enemies":"Centurion and Healer","floor":20.0,"turns":6.0},{"damage":5,"enemies":"Book of Stabbing","floor":28,"turns":5},{"damage":16,"enemies":"Snake Plant","floor":29,"turns":5},{"damage":14,"enemies":"Shelled Parasite and Fungi","floor":30,"turns":5},{"damage":29,"enemies":"Slavers","floor":31,"turns":5},{"damage":20,"enemies":"Collector","floor":33,"turns":10},{"damage":23,"enemies":"3 Darklings","floor":35,"turns":3},{"damage":39,"enemies":"conspire:MimicChest","floor":36,"turns":7},{"damage":12,"enemies":"3 Shapes","floor":37,"turns":5},{"damage":26,"enemies":"3 Darklings","floor":38,"turns":5},{"damage":11,"enemies":"Writhing Mass","floor":39,"turns":4},{"damage":42,"enemies":"Reptomancer","floor":40,"turns":7},{"damage":29,"enemies":"Jaw Worm Horde","floor":41,"turns":3},{"damage":33,"enemies":"Nemesis","floor":44,"turns":5},{"damage":16,"enemies":"Giant Head","floor":46,"turns":6},{"damage":8,"enemies":"Reptomancer","floor":48,"turns":3},{"damage":40,"enemies":"Donu and Deca","floor":50,"turns":7}],"seed_played":"-2686391145667783752","potions_obtained":[{"floor":1.0,"key":"FearPotion"},{"floor":2.0,"key":"Slimebound:ThreeZeroPotion"},{"floor":4.0,"key":"Explosive Potion"},{"floor":14.0,"key":"Toxic Potion"},{"floor":19.0,"key":"DuplicationPotion"},{"floor":20.0,"key":"Guardian:BlockOnCardUsePotion"},{"floor":28,"key":"Ancient Potion"},{"floor":32,"key":"SteroidPotion"},{"floor":32,"key":"Explosive Potion"},{"floor":35,"key":"EssenceOfSteel"},{"floor":37,"key":"Reflective Coating"},{"floor":38,"key":"Energy Potion"},{"floor":44,"key":"Milkshake"},{"floor":49,"key":"Slimebound:ThreeZeroPotion"}],"is_trial":false,"path_per_floor":["M","?","M","M","?","R","E","R","T","E","M","E","?","M","R","B",null,"M","M","M","$","AVR","R","?","$","T","R","E","M","M","E","R","B",null,"M","?","M","M","M","E","M","R","T","E","?","E","$","E","R","B",null],"character_chosen":"IRONCLAD","items_purchased":["Bag of Preparation","True Grit","Shrug It Off","Metallicize","Sword Boomerang","King of Hearts","Bird Faced Urn","Shrug It Off","Life Link+1","infinitespire:Satchel","infinitespire:Golems Mask","Demonic Infusion+1","True Grit+1"],"campfire_rested":0,"item_purchase_floors":[0,0,0,0,0,21,21,25,25,25,47,47,47],"current_hp_per_floor":[60,60,60,60,60,60,56,56,56,59,57,56,56,60,60,43,60,22,32,15,15,15,15,15,15,15,15,36,48,60,61,61,67,86,83,69,93,94,102,87,89,89,89,92,92,114,118,127,127,119],"gold":58,"neow_bonus":"","is_daily":false,"chose_seed":false,"campfire_upgraded":6,"win_rate":0.0,"timestamp":1610495495,"path_taken":["M","?","M","M","?","R","E","R","T","E","M","E","?","M","R","BOSS","M","?","M","?","AVR","R","?","$","T","R","E","M","?","E","R","BOSS","M","?","M","M","M","E","M","R","T","E","?","E","$","E","R","BOSS"],"items_purchased_type":["Relic","Card","Card","Card","Card","Relic","Relic","Card","Card","Relic","Relic","Card","Card"],"build_version":"2020-12-22","purchased_purges":3,"victory":true,"max_hp_per_floor":[60,60,60,60,60,60,60,60,60,60,60,60,60,60,60,60,60,63,66,66,66,66,66,66,66,66,66,70,74,78,82,82,86,86,90,90,94,98,102,106,110,110,110,114,114,118,118,127,127,131],"relic_stats":{"counters":[53,282],"Bird Faced Urn":[152],"Black Blood":331,"MealTicket":34,"Bag of Preparation":[56],"obtain_stats":[{"hubris:Metronome":14,"Black Blood":34,"Painkiller Herb":34,"aspiration:TomeofQuesting":2,"Blue Doll":10,"King of Hearts":21,"Uniform":0,"Bag of Preparation":0,"Replay:Mystery Machine":26,"Burning Blood":0,"Replay:Rubber Ducky":39,"Matryoshka":19,"Chameleon Ring":28,"Mummified Hand":31,"MealTicket":36,"infinitespire:Golems Mask":47,"hubris:ChampionShield":24,"Toxic Egg 2":26,"aspiration:ChemicalBlood":48,"Happy Flower":9,"aspiration:Nostalgia":0,"ReplayTheSpireMod:CursedCoin":39,"Oddly Smooth Stone":12,"Replay:WaspNest":7,"conspire:SlowCooker":29,"infinitespire:Beetle Shell":36,"PreservedInsect":43,"aspiration:HummingbirdHeart":46,"Orichalcum":36,"War Paint":39,"MawBank":40,"WarpedTongs":2,"Mercury Hourglass":43,"infinitespire:EvilPickle":33,"infinitespire:WardingShard":26,"infinitespire:Lychee Nut":0,"Ooze Armor":22,"Bird Faced Urn":21,"Orrery":29,"infinitespire:Satchel":25,"hubris:PeanutButter":8,"Garlic":43,"Kintsugi":17,"infinitespire:PuzzleCube":11},{"hubris:Metronome":6,"Black Blood":42,"Painkiller Herb":17,"aspiration:TomeofQuesting":26,"Blue Doll":30,"King of Hearts":37,"Uniform":0,"Bag of Preparation":25,"Replay:Mystery Machine":13,"Burning Blood":0,"Replay:Rubber Ducky":20,"Matryoshka":8,"Chameleon Ring":38,"Mummified Hand":16,"MealTicket":18,"infinitespire:Golems Mask":51,"hubris:ChampionShield":12,"Toxic Egg 2":37,"aspiration:ChemicalBlood":24,"Happy Flower":3,"aspiration:Nostalgia":0,"ReplayTheSpireMod:CursedCoin":20,"Oddly Smooth Stone":32,"Replay:WaspNest":3,"conspire:SlowCooker":14,"infinitespire:Beetle Shell":18,"PreservedInsect":22,"aspiration:HummingbirdHeart":51,"Orichalcum":18,"War Paint":20,"MawBank":21,"WarpedTongs":1,"Mercury Hourglass":22,"infinitespire:EvilPickle":17,"infinitespire:WardingShard":13,"infinitespire:Lychee Nut":25,"Ooze Armor":37,"Bird Faced Urn":37,"Orrery":14,"infinitespire:Satchel":37,"hubris:PeanutButter":3,"Garlic":49,"Kintsugi":34,"infinitespire:PuzzleCube":4},{"hubris:Metronome":26,"Black Blood":227,"Painkiller Herb":92,"aspiration:TomeofQuesting":140,"Blue Doll":157,"King of Hearts":197,"Uniform":0,"Bag of Preparation":136,"Replay:Mystery Machine":73,"Burning Blood":0,"Replay:Rubber Ducky":107,"Matryoshka":43,"Chameleon Ring":202,"Mummified Hand":87,"MealTicket":96,"infinitespire:Golems Mask":272,"hubris:ChampionShield":66,"Toxic Egg 2":197,"aspiration:ChemicalBlood":130,"Happy Flower":14,"aspiration:Nostalgia":0,"ReplayTheSpireMod:CursedCoin":107,"Oddly Smooth Stone":168,"Replay:WaspNest":14,"conspire:SlowCooker":77,"infinitespire:Beetle Shell":96,"PreservedInsect":119,"aspiration:HummingbirdHeart":272,"Orichalcum":96,"War Paint":107,"MawBank":114,"WarpedTongs":3,"Mercury Hourglass":119,"infinitespire:EvilPickle":92,"infinitespire:WardingShard":73,"infinitespire:Lychee Nut":136,"Ooze Armor":197,"Bird Faced Urn":197,"Orrery":77,"infinitespire:Satchel":197,"hubris:PeanutButter":14,"Garlic":261,"Kintsugi":180,"infinitespire:PuzzleCube":20}],"Mercury Hourglass":[155]},"card_choices":[{"not_picked":["Metallicize","Cleave"],"picked":"Dual Wield","floor":1.0},{"not_picked":["Heavy Blade","Abandon"],"picked":"ReplayTheSpireMod:Muscle Training","floor":2.0},{"not_picked":["Shrug It Off","Iron Wave"],"picked":"Combust","floor":3.0},{"not_picked":["Burning Pact","Thunderclap"],"picked":"Blood for Blood","floor":4.0},{"not_picked":["ReplayTheSpireMod:Strike From Hell","Cleave"],"picked":"ReplayReversal","floor":7.0},{"not_picked":["ReplayReversal","Combust"],"picked":"Battle Trance","floor":10.0},{"not_picked":["Defy Death","Body Slam"],"picked":"Rupture","floor":11.0},{"not_picked":["Headbutt","Warcry"],"picked":"conspire:Charge","floor":12.0},{"not_picked":["Fiend Fire","Iron Wave"],"picked":"hubris:ReadiedAction","floor":14.0},{"not_picked":["Replay:Many Hands","Berserk"],"picked":"Feed","floor":16.0},{"not_picked":["Cleave","Flex"],"picked":"Rupture","floor":18.0},{"not_picked":["Run Through","Abandon","Replay:Undeath\u0027s Touch"],"picked":"SKIP","floor":19.0},{"not_picked":["Body Slam","Seeing Red"],"picked":"Infernal Blade+1","floor":20.0},{"not_picked":["Armaments+1","Rampage","Run Through+1"],"picked":"SKIP","floor":28},{"not_picked":["Rampage","Run Through+1"],"picked":"Armaments+1","floor":28},{"not_picked":["Sever Soul","Anger+1"],"picked":"Warcry+1","floor":29},{"not_picked":["Headbutt","Armaments+1"],"picked":"Shrug It Off+1","floor":30},{"not_picked":["hubris:ReadiedAction+1","Flex+1"],"picked":"Pommel Strike","floor":31},{"not_picked":["Brutality","hubris:StunningStrike"],"picked":"Offering+1","floor":33},{"not_picked":["Run Through","Clothesline+1"],"picked":"Shrug It Off+1","floor":35},{"not_picked":["Replay:Undeath\u0027s Touch","Perfected Strike+1"],"picked":"Body Slam+1","floor":36},{"not_picked":["True Grit+1","Run Through"],"picked":"hubris:ReadiedAction+1","floor":37},{"not_picked":["True Grit+1","Warcry+1"],"picked":"Flame Barrier+1","floor":38},{"not_picked":["Heavy Blade+1","Clash+1"],"picked":"Warcry+1","floor":39},{"not_picked":["Cleave+1","Flex+1"],"picked":"conspire:HitWhereItHurts","floor":40},{"not_picked":["Flex+1","Anger+1"],"picked":"Feel No Pain","floor":41},{"not_picked":["hubris:CleavingFinish","Hemokinesis+1"],"picked":"ReplayTheSpireMod:Muscle Training+1","floor":44},{"not_picked":["Fire Breathing+1","Iron Wave+1"],"picked":"ReplayReversal+1","floor":46},{"not_picked":["Iron Wave","Thunderclap"],"picked":"Infernal Blade+1","floor":48}],"player_experience":80829,"relics_obtained":[{"floor":2.0,"key":"aspiration:TomeofQuesting"},{"floor":7.0,"key":"Replay:Mystery Machine"},{"floor":9.0,"key":"hubris:ChampionShield"},{"floor":10.0,"key":"Blue Doll"},{"floor":12.0,"key":"Oddly Smooth Stone"},{"floor":26,"key":"Toxic Egg 2"},{"floor":28,"key":"Chameleon Ring"},{"floor":31,"key":"infinitespire:Beetle Shell"},{"floor":36,"key":"infinitespire:PuzzleCube"},{"floor":40,"key":"MealTicket"},{"floor":43,"key":"Garlic"},{"floor":44,"key":"Mercury Hourglass"},{"floor":46,"key":"aspiration:HummingbirdHeart"},{"floor":48,"key":"aspiration:ChemicalBlood"}],"event_choices":[{"cards_removed":["Strike_R"],"damage_healed":0.0,"max_hp_gain":0.0,"max_hp_loss":0.0,"gold_gain":0.0,"event_name":"The Cleric","player_choice":"Card Removal","floor":5.0,"gold_loss":50.0,"damage_taken":0.0},{"cards_removed":["Strike_R"],"damage_healed":0.0,"max_hp_gain":0.0,"max_hp_loss":0.0,"gold_gain":0.0,"event_name":"Bonfire Elementals","player_choice":"Offered Basic","floor":13.0,"gold_loss":0.0,"damage_taken":0.0},{"damage_healed":0,"gold_gain":0,"player_choice":"Ignored","damage_taken":0,"max_hp_gain":0,"max_hp_loss":0,"event_name":"Cursed Tome","floor":24,"gold_loss":0}],"is_beta":false,"boss_relics":[{"not_picked":["hubris:Stopwatch","aspiration:ServantSkillbook"],"picked":"Kintsugi"},{"not_picked":["Ring of Chaos","Empty Cage"],"picked":"Black Blood"}],"items_purged_floors":[0,21,22],"is_endless":false,"potions_floor_spawned":[1,4,14,19,20,28,35,37,38,39,44],"ascension_level":2}}