{"host":"i317trlt96c3w9hm","time":1610468017,"event":{"mods":["2.2 Compatiblity","AchievementEnabler","BaseMod","Better Note","CapriCore","Colored Powertips","GifTheSpireLib","Highlight Path","Minty Spire (QoL Compilation)","StSLib","Yakumo Yukari mod"],"gold_per_floor":[134,134,134,134,134,165,90,113,113,39,114,139,139,180,180,311,311,311,311,226,226,226,226,226,226,226,226,226,226,226,226,226,226,226,226,226,226,226,226,226,226,226,226,226,226,226,226,226,226,226,226,226,126,126,126],"floor_reached":56,"playtime":3539,"items_purged":["AT_purpleEX","AT_purpleEX+1"],"score":1458,"play_id":"ef8da119-d8a8-4b2c-9f8e-584f1523a6d2","local_time":"20210113001337","is_ascension_mode":true,"campfire_choices":[{"floor":13,"key":"REST"},{"floor":15,"key":"REST"},{"data":"ProofOfUnderstanding_purple","floor":23,"key":"SMITH"},{"data":"CommonSense_AntiCommonSense_purple","floor":25,"key":"SMITH"},{"data":"RuleDissolution_purple","floor":30,"key":"SMITH"},{"data":"Mirror_FourBoundary_purple","floor":32,"key":"SMITH"},{"floor":44,"key":"RECALL"},{"floor":49,"key":"REST"},{"floor":52,"key":"REST"}],"circlet_count":0,"master_deck":["AT_purpleEX+1","Defend_purpleEX+1","Defend_purpleEX+1","Defend_purpleEX+1","Defend_purpleEX+1","Observe_purple_1+1","Observe_purple_2+1","Boundary_LifeAndDeath_purple+1","Mirror_FourBoundary_purple+1","MonsterNeedle_purple+1","OpenedBox_purple+1","CommonSense_AntiCommonSense_purple+1","RuleDissolution_purple+1","Erosivefilter_purple+1","ProofOfUnderstanding_purple+1","Charmbait_purple+1","Charmbait_purple+1","Mirror_TwoAndThreeElementRealm_purple+1","Know_ledgeAbilityRealm_purple+1","WorldDissolvedintheRealm_purple+1","ExternalForce_HighSpeedFlying_purple+1","Madness+1","Madness+1","Mirror_FourBoundary_purple+1","DistantPastFriend_purple+1","StateErode_purple+1","Boundary_DynamicStaticEquilibrium_purple+1"],"relics":["Boundary_crack","Memoryfragments_purpleEX","Golden Idol","Oddly Smooth Stone","ThegodofHakurei_purpleEX","Kunai","Darkstone Periapt","Ectoplasm","Nunchaku","Shuriken","CaptainsWheel","Boot","Du-Vu Doll","Black Star","Unceasing Top","Antimatter_spacedebris","Happy Flower","Meat on the Bone","Orichalcum","Anchor","Bottled Tornado","Vajra"],"acts_visited":["Exordium","TheCity","TheBeyond","TheEnding"],"potions_floor_usage":[6,55,55,55],"damage_taken":[{"damage":0.0,"enemies":"2 Louse","floor":1.0,"turns":3.0},{"damage":30,"enemies":"Lagavulin","floor":6,"turns":41},{"damage":0,"enemies":"Jaw Worm","floor":8,"turns":7},{"damage":0,"enemies":"Small Slimes","floor":12,"turns":4},{"damage":29,"enemies":"Gremlin Nob","floor":14,"turns":6},{"damage":8,"enemies":"The Guardian","floor":16,"turns":13},{"damage":9,"enemies":"Shell Parasite","floor":18,"turns":4},{"damage":0,"enemies":"3 Byrds","floor":22,"turns":4},{"damage":21,"enemies":"Gremlin Leader","floor":24,"turns":4},{"damage":6,"enemies":"Cultist and Chosen","floor":27,"turns":4},{"damage":15,"enemies":"Book of Stabbing","floor":28,"turns":4},{"damage":12,"enemies":"Centurion and Healer","floor":29,"turns":3},{"damage":7,"enemies":"Sentry and Sphere","floor":31,"turns":3},{"damage":2,"enemies":"Champ","floor":33,"turns":4},{"damage":6,"enemies":"3 Darklings","floor":35,"turns":3},{"damage":19,"enemies":"3 Shapes","floor":36,"turns":2},{"damage":0,"enemies":"Mind Bloom Boss Battle","floor":38,"turns":3},{"damage":0,"enemies":"Maw","floor":40,"turns":3},{"damage":9,"enemies":"4 Shapes","floor":41,"turns":3},{"damage":11,"enemies":"Giant Head","floor":42,"turns":4},{"damage":0,"enemies":"Reptomancer","floor":45,"turns":3},{"damage":0,"enemies":"3 Darklings","floor":46,"turns":2},{"damage":0,"enemies":"3 Darklings","floor":47,"turns":7},{"damage":0,"enemies":"Writhing Mass","floor":48,"turns":2},{"damage":0,"enemies":"Donu and Deca","floor":50,"turns":4},{"damage":28,"enemies":"Shield and Spear","floor":54,"turns":3},{"damage":22,"enemies":"The Heart","floor":55,"turns":5}],"seed_played":"-7470792263038456726","potions_obtained":[{"floor":1.0,"key":"SpeedPotion"},{"floor":8,"key":"Ancient Potion"},{"floor":24,"key":"GamblersBrew"},{"floor":27,"key":"PowerPotion"},{"floor":45,"key":"LiquidBronze"}],"is_trial":false,"path_per_floor":["M","?","?","?","T","E","$","M","T","$","?","M","R","E","R","B",null,"M","T","?","?","M","R","E","R","T","M","E","M","R","M","R","B",null,"M","M","?","?","T","M","M","E","T","R","E","M","?","M","R","B",null,"R","$","E","B",null],"character_chosen":"Youkari","items_purchased":["CommonSense_AntiCommonSense_purple"],"campfire_rested":4,"item_purchase_floors":[10],"current_hp_per_floor":[70,53,39,39,39,12,12,12,12,12,5,10,31,7,28,25,70,66,66,66,66,70,70,54,54,54,48,38,28,28,22,22,39,70,70,70,61,66,66,70,70,70,70,70,70,70,70,70,70,70,70,70,70,47,39],"gold":126,"neow_bonus":"ONE_RANDOM_RARE_CARD","is_daily":false,"chose_seed":false,"campfire_upgraded":4,"win_rate":0.0,"timestamp":1610468017,"path_taken":["M","?","?","?","?","E","?","?","T","$","?","M","R","E","R","BOSS","M","?","?","?","M","R","E","R","T","M","E","M","R","?","R","BOSS","M","M","?","?","?","M","?","E","T","R","E","M","?","M","R","BOSS","R","$","E","BOSS"],"items_purchased_type":["Card"],"build_version":"2020-12-22","purchased_purges":2,"victory":true,"max_hp_per_floor":[70,70,70,70,70,70,70,70,70,70,70,70,70,70,70,70,70,70,70,70,70,70,70,70,70,70,70,70,70,70,70,70,70,70,70,70,70,70,70,70,70,70,70,70,70,70,70,70,70,70,70,70,70,70,70],"card_choices":[{"not_picked":["SfantasyHide_purple","Shallow_ocean_purpleEX"],"picked":"Mirror_FourBoundary_purple","floor":1.0},{"not_picked":["ExistenceContinue_purple","RuptureOfTimeAndSpace_purple"],"picked":"OpenedBox_purple","floor":6},{"not_picked":["Umbrella_purple","SfantasyHide_purple","Line_surface_state_purple"],"picked":"SKIP","floor":8},{"not_picked":["SfantasyHide_purple","Realm_recovery_purpleEX"],"picked":"RuleDissolution_purple","floor":12},{"not_picked":["ExistenceContinue_purple","Realm_recovery_purpleEX"],"picked":"Erosivefilter_purple","floor":14},{"not_picked":["WasteWire_Metro_purple","LoveAcrossDimensions_purple"],"picked":"ProofOfUnderstanding_purple","floor":16},{"not_picked":["Realm_recovery_purpleEX+1","RealityDreamConfluencek_purple","CommonSense_AntiCommonSense_purple+1"],"picked":"SKIP","floor":18},{"not_picked":["Shallow_ocean_purpleEX","SfantasyHide_purple","RealityDreamConfluencek_purple"],"picked":"SKIP","floor":22},{"not_picked":["Worldmountain_purple","Mirror_FormAndEmptin_purple","RuptureOfTimeAndSpace_purple"],"picked":"SKIP","floor":24},{"not_picked":["Umbrella_purple","Worldmountain_purple","Line_surface_state_purple"],"picked":"SKIP","floor":27},{"not_picked":["Anti_communist_purple","MonsterNeedle_purple"],"picked":"Charmbait_purple","floor":28},{"not_picked":["Realm_recovery_purpleEX","ExistenceContinue_purple+1"],"picked":"Charmbait_purple+1","floor":29},{"not_picked":["WatchEChange_purple","AdvanceAttack_purple+1"],"picked":"Mirror_TwoAndThreeElementRealm_purple","floor":31},{"not_picked":["D_absorption_purple","UniverseChoice_purple"],"picked":"Know_ledgeAbilityRealm_purple","floor":33},{"not_picked":["StateDuplicate_purple+1","EighthInstrument_OneDividesIntoTwo_purple"],"picked":"WorldDissolvedintheRealm_purple","floor":35},{"not_picked":["StateErode_purple","RealityDreamConfluencek_purple+1"],"picked":"ExternalForce_HighSpeedFlying_purple+1","floor":36},{"not_picked":["Worldmountain_purple+1","StateDuplicate_purple+1","Realm_recovery_purpleEX+1"],"picked":"SKIP","floor":40},{"not_picked":["MetroBOOM_purple","SharpContractionReality_purple"],"picked":"Mirror_FourBoundary_purple","floor":41},{"not_picked":["WasteWire_Metro_purple","SharpContractionReality_purple","Mirror_FormAndEmptin_purple"],"picked":"SKIP","floor":42},{"not_picked":["Line_surface_state_purple","MetroBOOM_purple+1","Mirror_FormAndEmptin_purple+1"],"picked":"SKIP","floor":45},{"not_picked":["OmniscientAndOmnipotent_Monster_purple+1","AdvanceAttack_purple+1","Shallow_ocean_purpleEX+1"],"picked":"SKIP","floor":46},{"not_picked":["AdvanceAttack_purple","Charmbait_purple+1"],"picked":"StateErode_purple+1","floor":47},{"not_picked":["RealityDreamConfluencek_purple+1","RuleDissolution_purple"],"picked":"Boundary_DynamicStaticEquilibrium_purple+1","floor":48},{"not_picked":["Yakumo_Ran_purple","ExistenceContinue_purple+1","MonsterNeedle_purple+1"],"picked":"SKIP","floor":54}],"player_experience":28896,"relics_obtained":[{"floor":5.0,"key":"Oddly Smooth Stone"},{"floor":6,"key":"ThegodofHakurei_purpleEX"},{"floor":9,"key":"Kunai"},{"floor":14,"key":"Darkstone Periapt"},{"floor":19,"key":"Nunchaku"},{"floor":24,"key":"CaptainsWheel"},{"floor":26,"key":"Boot"},{"floor":28,"key":"Du-Vu Doll"},{"floor":38,"key":"Unceasing Top"},{"floor":42,"key":"Antimatter_spacedebris"},{"floor":42,"key":"Happy Flower"},{"floor":43,"key":"Meat on the Bone"},{"floor":45,"key":"Orichalcum"},{"floor":45,"key":"Anchor"},{"floor":54,"key":"Bottled Tornado"},{"floor":54,"key":"Vajra"}],"event_choices":[{"damage_healed":0.0,"max_hp_gain":0.0,"max_hp_loss":0.0,"gold_gain":0.0,"event_name":"Golden Idol","player_choice":"Take Damage","floor":2.0,"gold_loss":0.0,"damage_taken":17.0,"relics_obtained":["Golden Idol"]},{"damage_healed":0.0,"max_hp_gain":0.0,"max_hp_loss":0.0,"gold_gain":0.0,"event_name":"Shining Light","player_choice":"Entered Light","floor":3.0,"gold_loss":0.0,"damage_taken":14.0,"cards_upgraded":["Defend_purpleEX","AT_purpleEX"]},{"damage_healed":0.0,"max_hp_gain":0.0,"max_hp_loss":0.0,"gold_gain":0.0,"cards_transformed":["AT_purpleEX"],"event_name":"Living Wall","player_choice":"Change","floor":4.0,"gold_loss":0.0,"damage_taken":0.0,"cards_obtained":["MonsterNeedle_purple"]},{"damage_healed":0,"gold_gain":75,"player_choice":"Touch","damage_taken":7,"max_hp_gain":0,"max_hp_loss":0,"event_name":"FaceTrader","floor":11,"gold_loss":0},{"damage_healed":0,"gold_gain":0,"player_choice":"Obtained Relic","damage_taken":0,"relics_obtained":["Shuriken"],"max_hp_gain":0,"max_hp_loss":0,"event_name":"Addict","floor":20,"gold_loss":85},{"damage_healed":0,"gold_gain":99,"player_choice":"Stole From Cult","damage_taken":0,"max_hp_gain":0,"max_hp_loss":0,"event_name":"Nest","floor":21,"gold_loss":0},{"damage_healed":0,"gold_gain":0,"player_choice":"Embrace Madness","damage_taken":9,"max_hp_gain":0,"max_hp_loss":0,"event_name":"Winding Halls","floor":37,"gold_loss":0,"cards_obtained":["Madness","Madness"]},{"damage_healed":0,"gold_gain":0,"player_choice":"Fight","damage_taken":0,"max_hp_gain":0,"max_hp_loss":0,"event_name":"MindBloom","floor":38,"gold_loss":0}],"is_beta":false,"boss_relics":[{"not_picked":["Runic Dome","Velvet Choker"],"picked":"Ectoplasm"},{"not_picked":["Coffee Dripper","SacredBark"],"picked":"Black Star"}],"items_purged_floors":[7,53],"is_endless":false,"potions_floor_spawned":[1,8,24,27,29,35,40,45,46],"ascension_level":2}}