{"host":"ga4s3hj9m6nkn6gp","time":1610493439,"event":{"mods":["AchievementEnabler","BaseMod","Bestiary","Colored Powertips","Highlight Path","Minty Spire (QoL Compilation)","Relic Stats","everything is the same but u backflip on backflip"],"gold_per_floor":[113,185,185,7,23,59,77,115,115,115,15,15,38,58,58,154,154,167,167,167,181,204,204,26,69,92,92,128,128,128,151,151,241,241,265,265,598,648,667,667,685,685,685],"floor_reached":42,"language":"ENG","playtime":2766,"items_purged":["Strike_G","Strike_G"],"score":1013,"play_id":"83bd8d98-6322-4bf4-8188-954002ab8206","local_time":"20210113001719","is_ascension_mode":true,"campfire_choices":[{"data":"Blade Dance","floor":10,"key":"SMITH"},{"data":"Terror","floor":15,"key":"SMITH"},{"data":"Catalyst","floor":23,"key":"SMITH"},{"floor":27,"key":"REST"},{"data":"Apotheosis","floor":30,"key":"SMITH"},{"floor":32,"key":"REST"},{"floor":40,"key":"RECALL"}],"circlet_count":0,"master_deck":["AscendersBane","Strike_G","Defend_G","Defend_G","Defend_G","Defend_G","Defend_G","Survivor","Neutralize","Blade Dance+1","PiercingWail","Dagger Spray+1","Terror+1","Well Laid Plans","Sucker Punch+1","Heel Hook+1","Heel Hook+1","Burst","Bouncing Flask","Finisher+1","Setup","Backflip","Catalyst+1","Apotheosis+1","Cloak And Dagger","Adrenaline","CurseOfTheBell","Footwork+1","PanicButton","Panacea","Dodge and Roll+1","Concentrate"],"relics":["Ring of the Snake","Dead Branch","Molten Egg 2","Toy Ornithopter","Strawberry","Bag of Preparation","Philosopher\u0027s Stone","CultistMask","Thread and Needle","Potion Belt","Kunai","Calling Bell","Tiny Chest","Ninja Scroll","Calipers","Gambling Chip"],"acts_visited":["Exordium","TheCity","TheBeyond"],"potions_floor_usage":[6,8,8,25,28,28],"damage_taken":[{"damage":1,"enemies":"Cultist","floor":1,"turns":4},{"damage":0,"enemies":"2 Louse","floor":5,"turns":1},{"damage":10,"enemies":"3 Sentries","floor":6,"turns":7},{"damage":0,"enemies":"Jaw Worm","floor":7,"turns":2},{"damage":14,"enemies":"Gremlin Nob","floor":8,"turns":5},{"damage":0,"enemies":"Exordium Wildlife","floor":13,"turns":2},{"damage":12,"enemies":"3 Louse","floor":14,"turns":2},{"damage":1,"enemies":"Hexaghost","floor":16,"turns":7},{"damage":8,"enemies":"Spheric Guardian","floor":18,"turns":4},{"damage":12,"enemies":"Shell Parasite","floor":21,"turns":3},{"damage":0,"enemies":"Shelled Parasite and Fungi","floor":22,"turns":1},{"damage":32,"enemies":"Slavers","floor":25,"turns":4},{"damage":0,"enemies":"Gremlin Leader","floor":28,"turns":3},{"damage":13,"enemies":"Sentry and Sphere","floor":31,"turns":6},{"damage":39,"enemies":"Automaton","floor":33,"turns":9},{"damage":0,"enemies":"3 Shapes","floor":35,"turns":7},{"damage":0,"enemies":"2 Orb Walkers","floor":38,"turns":4},{"damage":0,"enemies":"Orb Walker","floor":39,"turns":2},{"damage":8,"enemies":"Spire Growth","floor":41,"turns":4},{"damage":37,"enemies":"Giant Head","floor":42,"turns":7}],"seed_played":"-6033296570309695496","potions_obtained":[{"floor":1,"key":"EntropicBrew"},{"floor":13,"key":"CultistPotion"},{"floor":16,"key":"Strength Potion"},{"floor":25,"key":"Explosive Potion"},{"floor":38,"key":"Energy Potion"}],"is_trial":false,"path_per_floor":["M","T","?","$","M","E","M","E","T","R","$","?","M","M","R","B",null,"M","?","?","M","M","R","$","E","T","R","E","?","R","M","R","B",null,"M","?","?","?","M","R","M","E"],"character_chosen":"THE_SILENT","items_purchased":["PiercingWail","Dagger Spray+1","Apotheosis"],"campfire_rested":2,"item_purchase_floors":[4,4,24],"current_hp_per_floor":[58,58,37,37,37,27,27,30,30,30,30,25,25,13,13,12,53,45,45,45,33,33,33,33,6,6,26,36,36,36,23,43,4,51,51,41,41,41,41,41,33,0,0],"gold":685,"neow_bonus":"ONE_RARE_RELIC","is_daily":false,"chose_seed":false,"campfire_upgraded":4,"win_rate":0.0,"timestamp":1610493439,"path_taken":["M","?","?","?","M","E","?","E","T","R","$","?","M","M","R","BOSS","M","?","?","?","M","R","$","E","T","R","E","?","R","M","R","BOSS","M","?","?","?","M","R","M","E"],"items_purchased_type":["Card","Card","Card"],"build_version":"2020-12-22","purchased_purges":2,"victory":false,"max_hp_per_floor":[60,60,60,60,60,60,60,67,67,67,67,67,67,67,67,67,67,67,67,67,67,67,67,67,67,67,67,67,67,67,67,67,67,67,67,67,67,67,67,67,67,67,67],"relic_stats":{"counters":[20,84],"Dead Branch":[195],"Gambling Chip":[9],"Tiny Chest":0,"Bag of Preparation":[20],"Kunai":[31],"obtain_stats":[{"Potion Belt":26,"Calipers":34,"Golden Idol":3,"Dead Branch":0,"Thread and Needle":25,"Bag of Preparation":12,"Calling Bell":34,"Ninja Scroll":34,"Strawberry":8,"Gambling Chip":38,"Molten Egg 2":2,"Philosopher\u0027s Stone":17,"Tiny Chest":34,"CultistMask":20,"Kunai":28,"Toy Ornithopter":6,"Ring of the Snake":0},{"Potion Belt":12,"Calipers":15,"Golden Idol":1,"Dead Branch":0,"Thread and Needle":12,"Bag of Preparation":5,"Calling Bell":15,"Ninja Scroll":15,"Strawberry":5,"Gambling Chip":17,"Molten Egg 2":1,"Philosopher\u0027s Stone":8,"Tiny Chest":15,"CultistMask":9,"Kunai":13,"Toy Ornithopter":3,"Ring of the Snake":0},{"Potion Belt":42,"Calipers":60,"Golden Idol":4,"Dead Branch":0,"Thread and Needle":42,"Bag of Preparation":19,"Calling Bell":60,"Ninja Scroll":60,"Strawberry":19,"Gambling Chip":71,"Molten Egg 2":4,"Philosopher\u0027s Stone":30,"Tiny Chest":60,"CultistMask":34,"Kunai":45,"Toy Ornithopter":12,"Ring of the Snake":0}],"Toy Ornithopter":25,"Ring of the Snake":[40]},"card_choices":[{"not_picked":["PiercingWail","Prepared"],"picked":"Blade Dance","floor":1},{"not_picked":["Sucker Punch+1","Reflex"],"picked":"Terror","floor":5},{"not_picked":["Cloak And Dagger","Deflect"],"picked":"Well Laid Plans","floor":6},{"not_picked":["Escape Plan","Terror","Distraction"],"picked":"SKIP","floor":7},{"not_picked":["Reflex","Flying Knee+1"],"picked":"Sucker Punch+1","floor":8},{"not_picked":["Acrobatics","Dagger Throw+1"],"picked":"Heel Hook+1","floor":13},{"not_picked":["Grand Finale+1","Poisoned Stab+1"],"picked":"Heel Hook+1","floor":14},{"not_picked":["A Thousand Cuts","Tools of the Trade"],"picked":"Burst","floor":16},{"not_picked":["Accuracy","Quick Slash+1"],"picked":"Bouncing Flask","floor":18},{"not_picked":["Underhanded Strike+1","Deadly Poison"],"picked":"Backflip","floor":21},{"not_picked":["Deadly Poison","Outmaneuver"],"picked":"Catalyst","floor":22},{"not_picked":["Terror+1","Deadly Poison","Dagger Throw+1"],"picked":"SKIP","floor":25},{"not_picked":["Distraction","Deflect","Well Laid Plans"],"picked":"SKIP","floor":28},{"not_picked":["Dagger Throw+1","Slice+1"],"picked":"Cloak And Dagger","floor":31},{"not_picked":["A Thousand Cuts","Burst"],"picked":"Adrenaline","floor":33},{"not_picked":["Calculated Gamble","Well Laid Plans"],"picked":"Footwork+1","floor":35},{"not_picked":["Blind","The Bomb"],"picked":"PanicButton","floor":36},{"not_picked":["The Bomb","Mind Blast+1"],"picked":"Panacea","floor":36},{"not_picked":["Crippling Poison+1","All Out Attack+1"],"picked":"Dodge and Roll+1","floor":39},{"not_picked":["Finisher+1","Acrobatics"],"picked":"Concentrate","floor":41}],"player_experience":612763,"relics_obtained":[{"floor":2,"key":"Molten Egg 2"},{"floor":6,"key":"Toy Ornithopter"},{"floor":8,"key":"Strawberry"},{"floor":25,"key":"Thread and Needle"},{"floor":26,"key":"Potion Belt"},{"floor":28,"key":"Kunai"},{"floor":34,"key":"Tiny Chest"},{"floor":34,"key":"Ninja Scroll"},{"floor":34,"key":"Calipers"},{"floor":38,"key":"Gambling Chip"}],"event_choices":[{"damage_healed":0,"gold_gain":0,"player_choice":"Take Damage","damage_taken":21,"relics_obtained":["Golden Idol"],"max_hp_gain":0,"max_hp_loss":0,"event_name":"Golden Idol","floor":3,"gold_loss":0},{"damage_healed":0,"gold_gain":0,"player_choice":"Success","damage_taken":5,"relics_obtained":["Bag of Preparation"],"max_hp_gain":0,"max_hp_loss":0,"event_name":"Scrap Ooze","floor":12,"gold_loss":0},{"damage_healed":0,"gold_gain":0,"cards_transformed":["Strike_G","Strike_G"],"player_choice":"Became Test Subject","damage_taken":0,"max_hp_gain":0,"max_hp_loss":0,"event_name":"Drug Dealer","floor":19,"gold_loss":0,"cards_obtained":["Finisher","Setup"]},{"damage_healed":0,"gold_gain":0,"player_choice":"Trade","damage_taken":0,"relics_obtained":["CultistMask"],"max_hp_gain":0,"max_hp_loss":0,"event_name":"FaceTrader","floor":20,"gold_loss":0},{"damage_healed":0,"gold_gain":0,"player_choice":"Ignored","damage_taken":0,"max_hp_gain":0,"max_hp_loss":0,"event_name":"Cursed Tome","floor":29,"gold_loss":0},{"damage_healed":0,"gold_gain":0,"player_choice":"Memory 3","damage_taken":10,"max_hp_gain":0,"max_hp_loss":0,"event_name":"SensoryStone","floor":36,"gold_loss":0},{"damage_healed":0,"gold_gain":333,"player_choice":"Gave Idol","damage_taken":0,"max_hp_gain":0,"max_hp_loss":0,"event_name":"The Moai Head","floor":37,"relics_lost":["Golden Idol"],"gold_loss":0},{"damage_healed":0,"gold_gain":0,"player_choice":"Fight","damage_taken":0,"max_hp_gain":0,"max_hp_loss":0,"event_name":"Mysterious Sphere","floor":38,"gold_loss":0}],"is_beta":false,"boss_relics":[{"not_picked":["Busted Crown","Sozu"],"picked":"Philosopher\u0027s Stone"},{"not_picked":["Pandora\u0027s Box","WristBlade"],"picked":"Calling Bell"}],"items_purged_floors":[4,11],"is_endless":false,"potions_floor_spawned":[1,6,7,13,16,18,25,38],"killed_by":"Giant Head","ascension_level":20}}