{"host":"jhrqf0ynsob022h8","time":1610433021,"event":{"mods":["2.2 Compatiblity","Act Like it!","AlwaysNeverKeys","Aspiration","BaseMod","Better Altar","Better Match","Better Sensory Stone","Better Skull","Better Synergies","Better Third Choice","Better Vampires","Better-Laid Plans","Block Reminder","CapriCore","Colored Map","Colored Powertips","DNKmod","Defuse TimeMaze Blight","Displayed Cursed Tome","Downfall","Evolution","Friendly Minions","GifTheSpireLib","Gold Saver","Minty Spire (QoL Compilation)","Permanent Neow","Poor People Problems","Quick Restart","Rare Cards Sparkle","Relic Stats","Remove Card Discount Mod","Robot Space Explorer","Shop Mod","Spicy Shops","StSLib","The Marked","Transform Curses","Uncapped","slay the spire mod where everything is the same but ironclad has a cowboy hat"],"gold_per_floor":[1011,340,359,212,226,251,251,286,355,355,365,365,140,158,158,255,255,275,275,122,122,138,138,169,169,169,169,185,196,111,122,122,222,222,238,8,23,150,164,164,176,176,203,16,27,59,106,106,106,106],"floor_reached":51,"playtime":3760,"items_purged":["Bash","Regret","Defend_R","Defend_R","True Grit+1","True Grit","Reaper","Wild Strike","Wild Strike","Fire Breathing+1","Armaments"],"score":844,"play_id":"fcc40bf6-3d77-4e8e-a56e-768604f5bfd7","local_time":"20210112003021","is_ascension_mode":true,"campfire_choices":[{"data":"Dark Embrace","floor":7.0,"key":"SMITH"},{"data":"True Grit","floor":15.0,"key":"SMITH"},{"data":"Feel No Pain","floor":23.0,"key":"SMITH"},{"data":"Armaments","floor":25.0,"key":"SMITH"},{"data":"1","floor":27.0,"key":"LIFT"},{"data":"2","floor":32,"key":"LIFT"},{"data":"Fire Breathing","floor":40,"key":"SMITH"},{"floor":42,"key":"RECALL"},{"floor":49,"key":"REST"}],"circlet_count":0,"master_deck":["Wild Strike+1","Wild Strike+1","Wild Strike","Armaments+1","Dark Embrace+1","Feel No Pain+1","Second Wind","Evolve","Fiend Fire","Double Tap","Fire Breathing","Madness","Madness"],"relics":["Black Blood","EVO:Axolotl","NeowsBlessing","TheAbacus","Ornamental Fan","Gremlin Horn","Unceasing Top","Orichalcum","Letter Opener","Medical Kit","Sling","MutagenicStrength","Regal Pillow","Girya","Anchor","Black Star","PreservedInsect","Mercury Hourglass","Ancient Tea Set","Toy Ornithopter","Incense Burner"],"acts_visited":["Exordium","TheCity","TheBeyond"],"potions_floor_usage":[33,45,46,47,50],"damage_taken":[{"damage":0.0,"enemies":"Cultist","floor":1.0,"turns":1.0},{"damage":0.0,"enemies":"Jaw Worm","floor":3.0,"turns":1.0},{"damage":0.0,"enemies":"2 Louse","floor":5.0,"turns":1.0},{"damage":18.0,"enemies":"Lagavulin","floor":6.0,"turns":6.0},{"damage":1.0,"enemies":"3 Sentries","floor":8.0,"turns":5.0},{"damage":7.0,"enemies":"Large Slime","floor":11.0,"turns":4.0},{"damage":6.0,"enemies":"Lots of Slimes","floor":14.0,"turns":3.0},{"damage":9.0,"enemies":"The Guardian","floor":16.0,"turns":8.0},{"damage":22.0,"enemies":"2 Thieves","floor":18.0,"turns":4.0},{"damage":0.0,"enemies":"Chosen","floor":22.0,"turns":4.0},{"damage":34.0,"enemies":"Book of Stabbing","floor":24.0,"turns":5.0},{"damage":5.0,"enemies":"Snecko","floor":28.0,"turns":4.0},{"damage":31,"enemies":"3 Cultists","floor":29,"turns":6},{"damage":0,"enemies":"Sentry and Sphere","floor":31,"turns":4},{"damage":58,"enemies":"Champ","floor":33,"turns":9},{"damage":53,"enemies":"3 Darklings","floor":35,"turns":5},{"damage":9,"enemies":"3 Shapes","floor":37,"turns":3},{"damage":0,"enemies":"Sphere and 2 Shapes","floor":39,"turns":4},{"damage":23,"enemies":"Spire Growth","floor":41,"turns":4},{"damage":23,"enemies":"Maw","floor":45,"turns":5},{"damage":29,"enemies":"Nemesis","floor":46,"turns":3},{"damage":0,"enemies":"2 Orb Walkers","floor":47,"turns":2},{"damage":31,"enemies":"Awakened One","floor":50,"turns":7}],"seed_played":"6550894470995374589","potions_obtained":[{"floor":5.0,"key":"sneckomod:MuddlingPotion"},{"floor":6.0,"key":"BlessingOfTheForge"},{"floor":16.0,"key":"Weak Potion"},{"floor":22.0,"key":"ElixirPotion"},{"floor":29,"key":"SpeedPotion"},{"floor":31,"key":"Explosive Potion"},{"floor":35,"key":"Fire Potion"},{"floor":38,"key":"FairyPotion"},{"floor":45,"key":"GamblersBrew"},{"floor":46,"key":"Block Potion"}],"is_trial":false,"path_per_floor":["M","$","M","$","M","E","R","E","T","?","M","?","$","M","R","B",null,"M","?","$","?","M","R","E","R","T","R","M","M","?","M","R","B",null,"M","$","M","?","M","R","M","R","T","$","M","E","?","?","R","B",null],"character_chosen":"IRONCLAD","items_purchased":["TheAbacus","Ornamental Fan","Gremlin Horn","Armaments","Dark Embrace","Feel No Pain","Second Wind","Evolve","Medical Kit","Sling","Fire Breathing","PreservedInsect","Fire Breathing","Regen Potion"],"campfire_rested":1,"item_purchase_floors":[2,2,2,2,2,4,4,13,13,20,36,36,44,44],"current_hp_per_floor":[100,100,100,100,100,88,88,93,93,73,82,100,100,100,100,100,100,90,90,90,90,100,100,84,84,84,84,96,89,89,100,100,54,89,60,60,63,63,75,75,64,64,64,64,65,48,65,52,97,83],"gold":106,"neow_bonus":"THREE_ENEMY_KILL","is_daily":false,"chose_seed":false,"campfire_upgraded":5,"win_rate":0.0,"timestamp":1610433021,"path_taken":["M","$","M","$","M","E","R","E","T","?","M","?","$","?","R","BOSS","M","?","$","?","M","R","E","R","T","R","M","M","?","M","R","BOSS","M","$","M","?","?","R","M","R","T","?","M","E","?","?","R","BOSS"],"items_purchased_type":["Relic","Relic","Relic","Card","Card","Card","Card","Card","Relic","Relic","Card","Relic","Card","Potion"],"build_version":"2020-12-22","purchased_purges":11,"victory":true,"max_hp_per_floor":[100,100,100,100,100,100,100,100,100,100,100,100,100,100,100,100,100,100,100,100,100,100,100,100,100,100,100,100,100,100,100,100,100,100,100,100,100,100,100,100,100,100,100,100,100,100,100,100,100,100],"relic_stats":{"Regal Pillow":15,"Gremlin Horn":[21,22],"counters":[23,98],"Black Blood":182,"PreservedInsect":47,"Letter Opener":[75],"Orichalcum":[36],"Medical Kit":[18],"Mercury Hourglass":[97],"TheAbacus":[312],"Ornamental Fan":[124],"Black Star":1,"obtain_stats":[{"Girya":26,"Regal Pillow":24,"NeowsBlessing":0,"Gremlin Horn":2,"Black Blood":17,"PreservedInsect":36,"Incense Burner":47,"EVO:Axolotl":0,"Letter Opener":9,"Orichalcum":8,"Medical Kit":13,"Sling":20,"Ancient Tea Set":43,"Burning Blood":0,"Mercury Hourglass":38,"Anchor":30,"TheAbacus":2,"Ornamental Fan":2,"MutagenicStrength":21,"Black Star":34,"Unceasing Top":6,"Toy Ornithopter":46},{"Girya":11,"Regal Pillow":11,"NeowsBlessing":0,"Gremlin Horn":1,"Black Blood":8,"PreservedInsect":16,"Incense Burner":22,"EVO:Axolotl":0,"Letter Opener":5,"Orichalcum":5,"Medical Kit":6,"Sling":9,"Ancient Tea Set":19,"Burning Blood":0,"Mercury Hourglass":17,"Anchor":13,"TheAbacus":1,"Ornamental Fan":1,"MutagenicStrength":9,"Black Star":15,"Unceasing Top":4,"Toy Ornithopter":21},{"Girya":42,"Regal Pillow":42,"NeowsBlessing":0,"Gremlin Horn":1,"Black Blood":29,"PreservedInsect":70,"Incense Burner":91,"EVO:Axolotl":0,"Letter Opener":14,"Orichalcum":14,"Medical Kit":18,"Sling":33,"Ancient Tea Set":81,"Burning Blood":0,"Mercury Hourglass":73,"Anchor":52,"TheAbacus":1,"Ornamental Fan":1,"MutagenicStrength":33,"Black Star":65,"Unceasing Top":9,"Toy Ornithopter":89}],"Unceasing Top":[17],"Toy Ornithopter":10},"card_choices":[{"not_picked":["Thunderclap","Wild Strike"],"picked":"Armaments","floor":1.0},{"not_picked":["Sword Boomerang","Twin Strike","Clothesline"],"picked":"SKIP","floor":3.0},{"not_picked":["Anger","Flex","Body Slam"],"picked":"SKIP","floor":5.0},{"not_picked":["Feed","Infernal Blade","Havoc"],"picked":"SKIP","floor":6.0},{"not_picked":["Immolate","Shockwave"],"picked":"Reaper","floor":8.0},{"not_picked":["Body Slam","Hemokinesis","Cleave"],"picked":"SKIP","floor":11.0},{"not_picked":["Intimidate","Seeing Red","Heavy Blade"],"picked":"SKIP","floor":14.0},{"not_picked":["Bludgeon","Impervious"],"picked":"Fiend Fire","floor":16.0},{"not_picked":["Whirlwind","Clash","Shrug It Off+1"],"picked":"SKIP","floor":18.0},{"not_picked":["Heavy Blade+1","Body Slam+1","Headbutt"],"picked":"SKIP","floor":22.0},{"not_picked":["Twin Strike+1","Flame Barrier+1","Double Tap"],"picked":"SKIP","floor":24.0},{"not_picked":["Warcry+1","Clothesline+1","Body Slam"],"picked":"SKIP","floor":28},{"not_picked":["Havoc+1","Wild Strike","Shockwave"],"picked":"SKIP","floor":29},{"not_picked":["Uppercut","Iron Wave","Headbutt"],"picked":"SKIP","floor":31},{"not_picked":["Limit Break","Impervious"],"picked":"Double Tap","floor":33},{"not_picked":["Headbutt","Cleave+1","Infernal Blade"],"picked":"SKIP","floor":35},{"not_picked":["Shrug It Off+1","Iron Wave","Spot Weakness+1"],"picked":"SKIP","floor":37},{"not_picked":["Blind","expansioncontent:Chronoboost","expansioncontent:DefensiveMode"],"picked":"SKIP","floor":38},{"not_picked":["Flame Barrier+1","Twin Strike+1","Cleave"],"picked":"SKIP","floor":39},{"not_picked":["Feed","Body Slam+1","Bloodletting+1"],"picked":"SKIP","floor":41},{"not_picked":["Cleave+1","Shrug It Off+1","Flex"],"picked":"SKIP","floor":45},{"not_picked":["True Grit","Rage","Armaments+1"],"picked":"SKIP","floor":46}],"player_experience":286278,"relics_obtained":[{"floor":6.0,"key":"Unceasing Top"},{"floor":8.0,"key":"Orichalcum"},{"floor":9.0,"key":"Letter Opener"},{"floor":24.0,"key":"Regal Pillow"},{"floor":26.0,"key":"Girya"},{"floor":38,"key":"Mercury Hourglass"},{"floor":43,"key":"Ancient Tea Set"},{"floor":46,"key":"Toy Ornithopter"},{"floor":47,"key":"Incense Burner"}],"event_choices":[{"damage_healed":93.0,"max_hp_gain":0.0,"max_hp_loss":100.0,"gold_gain":0.0,"event_name":"betterThird:BetterShining","player_choice":"Upgrade","floor":10.0,"gold_loss":0.0,"damage_taken":20.0,"cards_upgraded":["Wild Strike","Wild Strike"]},{"damage_healed":18.0,"max_hp_gain":0.0,"max_hp_loss":0.0,"gold_gain":0.0,"event_name":"Wheel of Change","player_choice":"Full Heal","floor":12.0,"gold_loss":0.0,"damage_taken":0.0},{"damage_healed":0.0,"max_hp_gain":0.0,"max_hp_loss":0.0,"gold_gain":0.0,"event_name":"Vampires","player_choice":"Ignored","floor":19.0,"gold_loss":0.0,"damage_taken":0.0},{"damage_healed":0.0,"max_hp_gain":0.0,"max_hp_loss":0.0,"gold_gain":0.0,"event_name":"Drug Dealer","player_choice":"Inject Mutagens","floor":21.0,"gold_loss":0.0,"damage_taken":0.0,"relics_obtained":["MutagenicStrength"]},{"damage_healed":0,"gold_gain":0,"player_choice":"Obtained Relic","damage_taken":0,"relics_obtained":["Anchor"],"max_hp_gain":0,"max_hp_loss":0,"event_name":"Addict","floor":30,"gold_loss":85},{"damage_healed":0,"gold_gain":0,"player_choice":"Random: Red","damage_taken":0,"max_hp_gain":0,"max_hp_loss":0,"event_name":"betterThird:BetterPortal","floor":38,"gold_loss":0},{"damage_healed":0,"gold_gain":0,"player_choice":"Fight","damage_taken":0,"max_hp_gain":0,"max_hp_loss":0,"event_name":"Mysterious Sphere","floor":47,"gold_loss":0},{"damage_healed":0,"gold_gain":0,"player_choice":"Embrace Madness","damage_taken":13,"max_hp_gain":0,"max_hp_loss":0,"event_name":"Winding Halls","floor":48,"gold_loss":0,"cards_obtained":["Madness","Madness"]}],"is_beta":false,"boss_relics":[{"not_picked":["Calling Bell","Busted Crown"],"picked":"Black Blood"},{"not_picked":["Cursed Key","SacredBark"],"picked":"Black Star"}],"items_purged_floors":[2,2,4,4,36,36,36,36,36,44,44],"is_endless":false,"potions_floor_spawned":[5,6,16,22,29,31,35,41,45,46],"ascension_level":5}}