{"host":"yxvacnrv6koupv9r","time":1610452677,"event":{"mods":["100% Spire Juice","BaseMod","Friendly Minions","Googly Eyes","Hero for Fun","KinomotoSakuraMod(木之本樱)","Kiyohime（清姬）","LagranYue(拉格朗・月)","Marisa（F雨　魔理沙）","Minty Spire (QoL Compilation)","Remilia（蕾米莉亚）","SOS（斯巴达之子）","Shop Mod","StSLib","Td1madao Mod","The Alterego","The Animator","The Bladedancer","Yakumo Yukari mod","Youmu（魂魄妖梦）","Yuri Mod","[IsaacMod]以撒尖塔"],"gold_per_floor":[114,194,71,71,81,101,113,113,113,126,143,143,143,154,154,154,154],"floor_reached":16,"playtime":1176,"items_purged":[],"score":94,"play_id":"79b5fba5-8cf9-4d2e-b39f-8525ef802329","local_time":"20210112195757","is_ascension_mode":false,"campfire_choices":[{"floor":13,"key":"REST"}],"circlet_count":0,"master_deck":["Strike_RM","Strike_RM","Strike_RM","Strike_RM","Defend_RM","Defend_RM+1","Defend_RM+1","Defend_RM","RedMoon","ScarletShoot","Septette","BloodHunter","MastersStateliness","StarOfDavid","MiserableFate","BloodAndWine","EmergencyRegeneration","EndlessAdversity","HeartBreak","RedRainbow"],"relics":["ScarletHat","HushsDoor","KeepersGift","LagranYue:RandomDrawCardRelic","Centennial Puzzle","animator:PurgingStone","animator:PurgingStone","animator:PurgingStone","animator:PurgingStone","DeathBook","animator:PurgingStone","animator:PurgingStone"],"acts_visited":["Exordium"],"potions_floor_usage":[],"damage_taken":[{"damage":1,"enemies":"Jaw Worm","floor":1,"turns":3},{"damage":0,"enemies":"Cultist","floor":5,"turns":2},{"damage":6,"enemies":"2 Louse","floor":6,"turns":6},{"damage":10,"enemies":"Lots of Slimes","floor":7,"turns":5},{"damage":32,"enemies":"Large Slime","floor":10,"turns":7},{"damage":6,"enemies":"Exordium Thugs","floor":11,"turns":4},{"damage":0,"enemies":"3 Louse","floor":14,"turns":5},{"damage":79,"enemies":"Slime Boss","floor":16,"turns":7}],"seed_played":"-5085843260931193902","potions_obtained":[{"floor":5,"key":"GamblersBrew"},{"floor":7,"key":"SkillPotion"},{"floor":10,"key":"Fire Potion"}],"is_trial":false,"path_per_floor":["M","?","$","?","M","M","M","R","T","M","M","?","R","M","R","B"],"character_chosen":"REMILIA","items_purchased":["BloodHunter","MastersStateliness","StarOfDavid"],"campfire_rested":1,"item_purchase_floors":[3,3,3],"current_hp_per_floor":[74,59,59,59,60,54,47,47,47,44,40,25,47,47,47,0,0],"gold":154,"neow_bonus":"RANDOM_COMMON_RELIC","is_daily":false,"chose_seed":false,"campfire_upgraded":0,"win_rate":0.0,"timestamp":1610452677,"path_taken":["M","?","?","?","M","M","M","R","T","M","M","?","R","?","R","BOSS"],"items_purchased_type":["Card","Card","Card"],"build_version":"2020-12-22","purchased_purges":0,"victory":false,"max_hp_per_floor":[75,75,75,75,75,75,75,75,75,75,75,75,75,75,75,75,75],"card_choices":[{"not_picked":[],"picked":"ChaosCard","floor":0},{"not_picked":["BloodAndWine","ScarletImprint"],"picked":"Septette","floor":1},{"not_picked":["UnderTheZenith","NightDance"],"picked":"MiserableFate","floor":5},{"not_picked":["ReincarnationDial","ScarletDevil"],"picked":"BloodAndWine","floor":6},{"not_picked":["StarOfDavid","Stigmanizer"],"picked":"EmergencyRegeneration","floor":7},{"not_picked":["UnderTheZenith","HunterOfTheNight"],"picked":"EndlessAdversity","floor":10},{"not_picked":["NightDance","ScarletGensokyo"],"picked":"HeartBreak","floor":11},{"not_picked":["MastersStateliness","StarOfDavid"],"picked":"RedRainbow","floor":14}],"player_experience":50843,"relics_obtained":[{"floor":9,"key":"DeathBook"}],"event_choices":[{"damage_healed":0,"gold_gain":0,"player_choice":"Entered Light","damage_taken":15,"max_hp_gain":0,"max_hp_loss":0,"event_name":"Shining Light","floor":12,"gold_loss":0,"cards_upgraded":["Defend_RM","Defend_RM"]}],"is_beta":false,"boss_relics":[],"items_purged_floors":[],"is_endless":false,"potions_floor_spawned":[5,7,10,11],"killed_by":"Slime Boss","ascension_level":0}}