{"host":"t179ovrkr5k1gnfh","time":1610449185,"event":{"mods":["AchievementEnabler","BaseMod","Colored Map","Minty Spire (QoL Compilation)"],"gold_per_floor":[116,191,141,152,162,162,174,144,171,185,214,214,6,25,25,121,121,141,153,153,173,189,221,221,45,45,63,88,88,104,123,123,218,218,235,21,21,68,82,82,82],"floor_reached":40,"playtime":2337,"items_purged":["Strike_B","Defend_B","Defend_B"],"score":452,"play_id":"0c187fd4-046f-473a-b606-7e0f00c0f0fa","local_time":"20210112115945","is_ascension_mode":true,"campfire_choices":[{"data":"Zap","floor":6,"key":"SMITH"},{"data":"Conserve Battery","floor":12,"key":"SMITH"},{"floor":15,"key":"REST"},{"floor":29,"key":"DIG"},{"floor":32,"key":"REST"}],"circlet_count":0,"master_deck":["Strike_B","Strike_B","Defend_B","Zap+1","Dualcast","CurseOfTheBell","Conserve Battery+1","Barrage","FTL","Sunder","BootSequence","Rainbow","Echo Form","Coolheaded","Core Surge","Parasite","White Noise+1","Glacier","Echo Form","Thinking Ahead","Reinforced Body+1","Chill"],"relics":["Calling Bell","Regal Pillow","InkBottle","Du-Vu Doll","Bronze Scales","Art of War","Membership Card","Cursed Key","GremlinMask","Shovel","Molten Egg 2","Ornamental Fan","Turnip","Kunai","Inserter","OrangePellets","Vajra","Incense Burner"],"acts_visited":["Exordium","TheCity","TheBeyond"],"potions_floor_usage":[7,10,11,18,19,22,23,23,33,38,40,40],"damage_taken":[{"damage":0,"enemies":"2 Louse","floor":1,"turns":3},{"damage":1,"enemies":"Jaw Worm","floor":4,"turns":4},{"damage":8,"enemies":"Small Slimes","floor":5,"turns":4},{"damage":9,"enemies":"Gremlin Gang","floor":7,"turns":5},{"damage":2,"enemies":"Exordium Wildlife","floor":10,"turns":4},{"damage":16,"enemies":"Gremlin Nob","floor":11,"turns":3},{"damage":0,"enemies":"3 Louse","floor":14,"turns":2},{"damage":43,"enemies":"Hexaghost","floor":16,"turns":9},{"damage":0,"enemies":"3 Byrds","floor":18,"turns":2},{"damage":2,"enemies":"Shell Parasite","floor":19,"turns":4},{"damage":8,"enemies":"3 Cultists","floor":21,"turns":4},{"damage":5,"enemies":"Snake Plant","floor":22,"turns":4},{"damage":10,"enemies":"Book of Stabbing","floor":23,"turns":5},{"damage":6,"enemies":"Shelled Parasite and Fungi","floor":27,"turns":4},{"damage":23,"enemies":"Slavers","floor":28,"turns":4},{"damage":0,"enemies":"Cultist and Chosen","floor":30,"turns":4},{"damage":8,"enemies":"3 Cultists","floor":31,"turns":5},{"damage":10,"enemies":"Collector","floor":33,"turns":10},{"damage":5,"enemies":"Orb Walker","floor":35,"turns":5},{"damage":56,"enemies":"2 Orb Walkers","floor":38,"turns":4},{"damage":0,"enemies":"3 Darklings","floor":39,"turns":5},{"damage":14,"enemies":"Reptomancer","floor":40,"turns":6}],"seed_played":"-8791554131091660704","potions_obtained":[{"floor":5,"key":"Strength Potion"},{"floor":8,"key":"LiquidMemories"},{"floor":8,"key":"LiquidMemories"},{"floor":10,"key":"LiquidBronze"},{"floor":14,"key":"SpeedPotion"},{"floor":21,"key":"SkillPotion"},{"floor":22,"key":"FocusPotion"},{"floor":27,"key":"FocusPotion"},{"floor":33,"key":"GamblersBrew"},{"floor":38,"key":"SpeedPotion"},{"floor":39,"key":"Explosive Potion"}],"is_trial":false,"path_per_floor":["M","?","?","M","M","R","M","?","T","M","E","R","$","M","R","B",null,"M","M","?","M","M","E","?","$","T","M","E","R","M","M","R","B",null,"M","$","?","?","M","E"],"character_chosen":"DEFECT","items_purchased":["Membership Card","SpeedPotion","Molten Egg 2","OrangePellets","Vajra"],"campfire_rested":2,"item_purchase_floors":[13,13,25,36,36],"current_hp_per_floor":[75,64,64,63,55,55,46,46,46,44,28,28,28,28,65,22,75,75,73,73,65,60,50,50,50,50,44,21,21,21,13,50,40,75,70,70,70,14,14,0,0],"gold":82,"neow_bonus":"BOSS_RELIC","is_daily":false,"chose_seed":false,"campfire_upgraded":2,"win_rate":0.0,"timestamp":1610449185,"path_taken":["M","?","?","M","M","R","M","?","T","?","E","R","$","M","R","BOSS","M","M","?","?","M","E","?","$","T","?","E","R","M","M","R","BOSS","M","$","?","?","M","E"],"items_purchased_type":["Relic","Potion","Relic","Relic","Relic"],"build_version":"2020-12-22","purchased_purges":3,"victory":false,"max_hp_per_floor":[75,75,75,75,75,75,75,75,75,75,75,75,75,75,75,75,75,75,75,75,75,75,75,75,75,75,75,75,75,75,75,75,75,75,75,75,75,75,75,75,75],"card_choices":[{"not_picked":["Leap","Compile Driver"],"picked":"Conserve Battery","floor":1},{"not_picked":["Compile Driver","Gash"],"picked":"Barrage","floor":4},{"not_picked":["Beam Cell","Leap","Force Field"],"picked":"SKIP","floor":5},{"not_picked":["Turbo","Sweeping Beam"],"picked":"FTL","floor":7},{"not_picked":["Steam Power","Gash"],"picked":"Sunder","floor":10},{"not_picked":["Steam","Stack"],"picked":"BootSequence","floor":11},{"not_picked":["Undo","Beam Cell"],"picked":"Rainbow","floor":14},{"not_picked":["Multi-Cast","Seek"],"picked":"Echo Form","floor":16},{"not_picked":["Stack+1","Leap"],"picked":"Coolheaded","floor":18},{"not_picked":["Redo","Leap+1","Hologram"],"picked":"SKIP","floor":19},{"not_picked":["Steam","Stack","Barrage"],"picked":"SKIP","floor":21},{"not_picked":["Stack","Gash","Conserve Battery+1"],"picked":"SKIP","floor":22},{"not_picked":["Hologram","Stack"],"picked":"Core Surge","floor":23},{"not_picked":["Chaos+1","Cold Snap+1","Sweeping Beam+1"],"picked":"SKIP","floor":27},{"not_picked":["Doom and Gloom+1","Steam+1","Turbo"],"picked":"SKIP","floor":28},{"not_picked":["Turbo+1","Rebound+1"],"picked":"White Noise+1","floor":30},{"not_picked":["Gash+1","Steam Power"],"picked":"Glacier","floor":31},{"not_picked":["Fission","Thunder Strike+1"],"picked":"Echo Form","floor":33},{"not_picked":["Static Discharge+1","Storm+1","Coolheaded"],"picked":"SKIP","floor":35},{"not_picked":["Panache","Deep Breath"],"picked":"Thinking Ahead","floor":37},{"not_picked":["Compile Driver+1","Glacier"],"picked":"Reinforced Body+1","floor":38},{"not_picked":["Aggregate","Turbo+1"],"picked":"Chill","floor":39}],"player_experience":85351,"relics_obtained":[{"floor":0,"key":"Regal Pillow"},{"floor":0,"key":"InkBottle"},{"floor":0,"key":"Du-Vu Doll"},{"floor":9,"key":"Bronze Scales"},{"floor":11,"key":"Art of War"},{"floor":23,"key":"Shovel"},{"floor":26,"key":"Ornamental Fan"},{"floor":28,"key":"Turnip"},{"floor":29,"key":"Kunai"},{"floor":38,"key":"Incense Burner"}],"event_choices":[{"damage_healed":0,"gold_gain":75,"player_choice":"Gather Gold","damage_taken":11,"max_hp_gain":0,"max_hp_loss":0,"event_name":"World of Goop","floor":2,"gold_loss":0},{"cards_removed":["Defend_B"],"damage_healed":0,"gold_gain":0,"player_choice":"Card Removal","damage_taken":0,"max_hp_gain":0,"max_hp_loss":0,"event_name":"The Cleric","floor":3,"gold_loss":50},{"damage_healed":0,"gold_gain":0,"player_choice":"Bought 2 Potions","damage_taken":0,"max_hp_gain":0,"max_hp_loss":0,"event_name":"The Woman in Blue","floor":8,"gold_loss":0},{"damage_healed":0,"gold_gain":0,"player_choice":"Trade","damage_taken":0,"relics_obtained":["GremlinMask"],"max_hp_gain":0,"max_hp_loss":0,"event_name":"FaceTrader","floor":20,"gold_loss":0},{"cards_removed":["Strike_B"],"damage_healed":0,"gold_gain":0,"player_choice":"Purged","damage_taken":0,"max_hp_gain":0,"max_hp_loss":0,"event_name":"Purifier","floor":24,"gold_loss":0},{"damage_healed":0,"gold_gain":0,"player_choice":"Memory 1","damage_taken":0,"max_hp_gain":0,"max_hp_loss":0,"event_name":"SensoryStone","floor":37,"gold_loss":0},{"damage_healed":0,"gold_gain":0,"player_choice":"Fight","damage_taken":0,"max_hp_gain":0,"max_hp_loss":0,"event_name":"Mysterious Sphere","floor":38,"gold_loss":0}],"is_beta":false,"boss_relics":[{"not_picked":["Busted Crown","Nuclear Battery"],"picked":"Cursed Key"},{"not_picked":["Tiny House","Runic Dome"],"picked":"Inserter"}],"items_purged_floors":[13,25,36],"is_endless":false,"potions_floor_spawned":[5,10,14,21,22,27,33,38,39],"killed_by":"Reptomancer","ascension_level":1}}