{"host":"vhf6i66w5us6sz8s","time":1610464365,"event":{"mods":["AchievementEnabler","BaseMod","Colored Map","Colored Powertips","Hermit","Minty Spire (QoL Compilation)","StSLib","The Cursed","The Servant 0.9.4"],"gold_per_floor":[111,129,129,2,12,44,44,59,59,59,88,100,129,141,153,268,280,303,315,327,366,403,442,468,505,517,529,541,0,0,16,16,113,113,125,95,113,127,127,127,127,127,127,127,147,197,197,214,214,214,214,214,14,47,47],"floor_reached":56,"playtime":4418,"items_purged":[],"score":1220,"play_id":"442ddc5c-1f39-45f5-ac10-8caf7934c083","local_time":"20210112161245","is_ascension_mode":true,"campfire_choices":[{"floor":7,"key":"REST"},{"data":"Inflame","floor":10,"key":"SMITH"},{"floor":15,"key":"REST"},{"floor":28,"key":"RECALL"},{"data":"Cleave","floor":30,"key":"SMITH"},{"data":"Infernal Blade","floor":32,"key":"SMITH"},{"data":"Mayhem","floor":40,"key":"SMITH"},{"data":"Transmutation","floor":42,"key":"SMITH"},{"data":"Shrug It Off","floor":44,"key":"SMITH"},{"data":"Berserk","floor":47,"key":"SMITH"},{"data":"Power Through","floor":49,"key":"SMITH"},{"data":"Shrug It Off","floor":52,"key":"SMITH"}],"circlet_count":0,"master_deck":["Strike_R+1","Strike_R","Strike_R","Strike_R","Defend_R","Defend_R","Defend_R","Defend_R","Bash","Fire Breathing+1","Pommel Strike","Inflame+1","Cleave+1","Shrug It Off+1","Dual Wield","Battle Trance","Body Slam","Shockwave","Twin Strike","Berserk+1","Shrug It Off+1","Spot Weakness","Infernal Blade+1","Shrug It Off+1","Twin Strike","Mayhem+1","Infernal Blade+1","Hemokinesis","Pommel Strike","Offering","Infernal Blade+1","Shrug It Off+1","Heavy Blade+1","Transmutation+1","Power Through+1","Heavy Blade+1","Pummel","Armaments+1"],"relics":["Burning Blood","Torii","InkBottle","Self Forming Clay","MawBank","Coffee Dripper","Tiny Chest","Red Mask","Potion Belt","Bag of Preparation","Mummified Hand","TungstenRod","Membership Card","Bottled Flame","Runic Cube","Orichalcum","Shuriken","Bird Faced Urn","HornCleat","Lantern","Toy Ornithopter"],"acts_visited":["Exordium","TheCity","TheBeyond","TheEnding"],"potions_floor_usage":[6,8,12,22,46,50,55,55,55],"damage_taken":[{"damage":0,"enemies":"Small Slimes","floor":1,"turns":3},{"damage":10,"enemies":"Jaw Worm","floor":2,"turns":5},{"damage":0,"enemies":"2 Louse","floor":5,"turns":2},{"damage":35,"enemies":"Lagavulin","floor":6,"turns":10},{"damage":1,"enemies":"Blue Slaver","floor":8,"turns":4},{"damage":9,"enemies":"3 Sentries","floor":11,"turns":4},{"damage":7,"enemies":"3 Louse","floor":12,"turns":3},{"damage":24,"enemies":"Gremlin Nob","floor":13,"turns":5},{"damage":24,"enemies":"Hexaghost","floor":16,"turns":10},{"damage":2,"enemies":"Chosen","floor":18,"turns":3},{"damage":2,"enemies":"Masked Bandits","floor":22,"turns":3},{"damage":7,"enemies":"Book of Stabbing","floor":23,"turns":5},{"damage":10,"enemies":"Shell Parasite","floor":24,"turns":4},{"damage":21,"enemies":"Slavers","floor":25,"turns":6},{"damage":1,"enemies":"Chosen and Byrds","floor":31,"turns":3},{"damage":41,"enemies":"Collector","floor":33,"turns":9},{"damage":0,"enemies":"Orb Walker","floor":35,"turns":3},{"damage":6,"enemies":"3 Darklings","floor":37,"turns":3},{"damage":3,"enemies":"Transient","floor":38,"turns":5},{"damage":21,"enemies":"Jaw Worm Horde","floor":45,"turns":3},{"damage":6,"enemies":"Mind Bloom Boss Battle","floor":46,"turns":6},{"damage":30,"enemies":"Spire Growth","floor":48,"turns":4},{"damage":64,"enemies":"Donu and Deca","floor":50,"turns":8},{"damage":18,"enemies":"Shield and Spear","floor":54,"turns":5},{"damage":55,"enemies":"The Heart","floor":55,"turns":8}],"seed_played":"3920637311918974483","potions_obtained":[{"floor":1,"key":"LiquidMemories"},{"floor":2,"key":"Dexterity Potion"},{"floor":11,"key":"Energy Potion"},{"floor":13,"key":"Fire Potion"},{"floor":22,"key":"ElixirPotion"},{"floor":24,"key":"BloodPotion"},{"floor":33,"key":"ColorlessPotion"},{"floor":35,"key":"ColorlessPotion"},{"floor":36,"key":"Swift Potion"},{"floor":36,"key":"SkillPotion"},{"floor":38,"key":"AttackPotion"}],"is_trial":false,"path_per_floor":["M","M","?","$","M","E","R","M","T","R","E","M","E","?","R","B",null,"M","?","?","T","?","E","M","E","T","T","R","$","R","M","R","B",null,"M","?","M","M","T","R","?","R","T","R","M","?","R","M","R","B",null,"R","$","E","B",null],"character_chosen":"IRONCLAD","items_purchased":["Inflame","Cleave","Mayhem","Infernal Blade","Membership Card","Bottled Flame","Hemokinesis","HornCleat","Lantern"],"campfire_rested":2,"item_purchase_floors":[4,4,29,29,29,29,29,53,53],"current_hp_per_floor":[62,58,42,42,48,19,43,48,48,48,45,44,26,19,43,25,80,80,80,65,65,69,68,64,49,49,49,49,49,49,54,54,19,85,85,85,85,85,85,85,85,85,85,85,70,70,70,54,54,21,85,85,85,83,43],"gold":47,"neow_bonus":"ONE_RARE_RELIC","is_daily":false,"chose_seed":false,"campfire_upgraded":9,"win_rate":0.0,"timestamp":1610464365,"path_taken":["M","M","?","$","M","E","R","M","T","R","E","M","E","?","R","BOSS","M","?","?","?","?","E","M","E","T","?","R","$","R","M","R","BOSS","M","?","M","M","?","R","?","R","T","R","?","?","R","M","R","BOSS","R","$","E","BOSS"],"items_purchased_type":["Card","Card","Card","Card","Relic","Relic","Card","Relic","Relic"],"build_version":"2020-12-22","purchased_purges":0,"victory":true,"max_hp_per_floor":[80,80,80,80,80,80,80,80,80,80,80,80,80,80,80,80,80,80,80,85,85,85,85,85,85,85,85,85,85,85,85,85,85,85,85,85,85,85,85,85,85,85,85,85,85,85,85,85,85,85,85,85,85,85,85],"card_choices":[{"not_picked":["Body Slam","Searing Blow"],"picked":"Fire Breathing","floor":1},{"not_picked":["Clash","Clothesline"],"picked":"Pommel Strike","floor":2},{"not_picked":["Blood for Blood","Clash"],"picked":"Shrug It Off","floor":5},{"not_picked":["Body Slam","Thunderclap"],"picked":"Dual Wield","floor":6},{"not_picked":["Limit Break","Clash"],"picked":"Battle Trance","floor":8},{"not_picked":["Hemokinesis","Rage"],"picked":"Body Slam","floor":11},{"not_picked":["Thunderclap","Dark Embrace"],"picked":"Shockwave","floor":12},{"not_picked":["Hemokinesis","Pummel"],"picked":"Twin Strike","floor":13},{"not_picked":["Barricade","Corruption"],"picked":"Berserk","floor":16},{"not_picked":["Pommel Strike","Twin Strike"],"picked":"Shrug It Off","floor":18},{"not_picked":["Headbutt","Shrug It Off"],"picked":"Spot Weakness","floor":22},{"not_picked":["Clothesline","Carnage"],"picked":"Infernal Blade+1","floor":23},{"not_picked":["Hemokinesis","Berserk"],"picked":"Shrug It Off+1","floor":24},{"not_picked":["Clothesline+1","Spot Weakness"],"picked":"Twin Strike","floor":25},{"not_picked":["Burning Pact","Clothesline"],"picked":"Pommel Strike","floor":31},{"not_picked":["Corruption","Feed"],"picked":"Offering","floor":33},{"not_picked":["Perfected Strike","Cleave"],"picked":"Infernal Blade+1","floor":35},{"not_picked":["Intimidate","Pommel Strike+1"],"picked":"Shrug It Off+1","floor":37},{"not_picked":["Perfected Strike+1","Rampage+1"],"picked":"Heavy Blade+1","floor":38},{"not_picked":["Panacea","Trip"],"picked":"Transmutation","floor":41},{"not_picked":["Anger+1","Feel No Pain+1"],"picked":"Power Through","floor":45},{"not_picked":["Dual Wield","Reckless Charge+1"],"picked":"Heavy Blade+1","floor":46},{"not_picked":["Body Slam+1","Fire Breathing+1"],"picked":"Pummel","floor":48},{"not_picked":["Dual Wield+1","Power Through"],"picked":"Armaments+1","floor":54}],"player_experience":74141,"relics_obtained":[{"floor":6,"key":"InkBottle"},{"floor":11,"key":"Self Forming Clay"},{"floor":13,"key":"MawBank"},{"floor":21,"key":"Tiny Chest"},{"floor":22,"key":"Red Mask"},{"floor":23,"key":"Potion Belt"},{"floor":25,"key":"Bag of Preparation"},{"floor":26,"key":"Mummified Hand"},{"floor":27,"key":"TungstenRod"},{"floor":39,"key":"Orichalcum"},{"floor":43,"key":"Shuriken"},{"floor":46,"key":"Bird Faced Urn"},{"floor":54,"key":"Toy Ornithopter"}],"event_choices":[{"damage_healed":0,"gold_gain":0,"player_choice":"Entered Light","damage_taken":16,"max_hp_gain":0,"max_hp_loss":0,"event_name":"Shining Light","floor":3,"gold_loss":0,"cards_upgraded":["Strike_R","Fire Breathing"]},{"cards_removed":["Strike_R"],"damage_healed":0,"gold_gain":0,"player_choice":"Card Removal","damage_taken":7,"max_hp_gain":0,"max_hp_loss":0,"event_name":"Golden Wing","floor":14,"gold_loss":0},{"damage_healed":0,"gold_gain":0,"player_choice":"Ignored","damage_taken":0,"max_hp_gain":0,"max_hp_loss":0,"event_name":"The Mausoleum","floor":19,"gold_loss":0},{"damage_healed":0,"gold_gain":0,"player_choice":"Shed Blood","damage_taken":20,"max_hp_gain":5,"max_hp_loss":0,"event_name":"Forgotten Altar","floor":20,"gold_loss":0},{"damage_healed":0,"gold_gain":0,"player_choice":"Fought Bandits","damage_taken":0,"max_hp_gain":0,"max_hp_loss":0,"event_name":"Masked Bandits","floor":22,"gold_loss":0},{"damage_healed":0,"gold_gain":0,"player_choice":"Bought 2 Potions","damage_taken":0,"max_hp_gain":0,"max_hp_loss":0,"event_name":"The Woman in Blue","floor":36,"gold_loss":0},{"damage_healed":0,"gold_gain":0,"player_choice":"Memory 1","damage_taken":0,"max_hp_gain":0,"max_hp_loss":0,"event_name":"SensoryStone","floor":41,"gold_loss":0},{"damage_healed":0,"gold_gain":0,"player_choice":"Fight","damage_taken":0,"max_hp_gain":0,"max_hp_loss":0,"event_name":"MindBloom","floor":46,"gold_loss":0}],"is_beta":false,"boss_relics":[{"not_picked":["Ectoplasm","Sozu"],"picked":"Coffee Dripper"},{"not_picked":["Cursed Key","Calling Bell"],"picked":"Runic Cube"}],"items_purged_floors":[],"is_endless":false,"potions_floor_spawned":[1,2,11,13,22,24,33,35,38],"ascension_level":1}}