{"host":"h26iowzi6bk5r55d","time":1610458951,"event":{"mods":["ATMod(阿瑾Mod)","Arknights The Spire","Aspiration","BaseMod","Colored Powertips","Conspire","Downfall","Hermit","Minty Spire (QoL Compilation)","Relic Stats","Replay The Spire","Robot Space Explorer","RumiaBox-露米娅的神秘盒子","StSLib","The Alterego","[地精首领爬塔]The Maniac","vexMod","【遗物卡牌】REMEMod"],"gold_per_floor":[99,99,99,99,99,114,114,127,141,152,252,269,295,305,320,453,453,453,468,483,483,501,519,546,562,562,562,590,590,607,53,73,73,73,73],"floor_reached":33,"playtime":3129,"items_purged":["hexamod:Strike"],"score":298,"play_id":"b17101dc-0ec7-4e3b-b31c-defe6a95954b","local_time":"20210112214231","is_ascension_mode":false,"campfire_choices":[{"data":"hexamod:GhostflameInferno","floor":18,"key":"SMITH"},{"data":"hexamod:HexaLevel","floor":26,"key":"SMITH"},{"data":"AT_EmpoweredMortalDraw","floor":29,"key":"SMITH"}],"circlet_count":0,"master_deck":["hexamod:Strike","hexamod:Strike","hexamod:Defend","hexamod:Defend","hexamod:Defend","hexamod:Sear","hexamod:Float","hexamod:SpectersWail","hexamod:NightmareStrike","hexamod:NightmareStrike","Slimebound:Tackle","hexamod:FourthSeal","hexamod:AdvancingGuard+1","hexamod:ThirdSeal","hexamod:FirstSeal","hexamod:GhostflameInferno+1","hexamod:CatchUp","hexamod:WildfireWeapon","hexamod:InspiringFlames","hexamod:HauntingEcho","hexamod:EmpoweringStance","hexamod:UnleashSpirits","hexamod:ShieldOfDarkness","hexamod:FastForward","hexamod:ShieldOfDarkness","hexamod:HexaLevel+1","hexamod:TimeOfNeed+1","AT_EmpoweredMortalDraw+1","hexamod:RecurringNightmare","hexamod:SearingWound+1","hexamod:Hexaguard+1","hexamod:TimeOfNeed","hexamod:ChargedBarrage+1","hexamod:GhostShield","hexamod:VolcanoVisage","hexamod:RecurringNightmare","AT_EmpoweredMortalDraw","hexamod:DynamicBlow+1"],"relics":["hexamod:SpiritBrand","REME_ComplimentaryCards","AT_ATBox","downfall:HeartsMalice","vexMod:HeadHunter","Replay:Baseball","AT_MortalBlade","MutagenicStrength","vexMod:FocusSash","Enchiridion","War Paint","AT_GuinsooRageblade","BargainBundle"],"acts_visited":["Exordium","TheCity"],"potions_floor_usage":[19,22,25,30,30,32,33,33],"damage_taken":[{"damage":0.0,"enemies":"conspire:RoseBush","floor":2.0,"turns":1.0},{"damage":0.0,"enemies":"Jaw Worm","floor":3.0,"turns":1.0},{"damage":0.0,"enemies":"Cultist","floor":4.0,"turns":1.0},{"damage":4.0,"enemies":"2 Fungi Beasts","floor":6.0,"turns":2.0},{"damage":1.0,"enemies":"3 Louse","floor":8.0,"turns":4.0},{"damage":0.0,"enemies":"Large Slime","floor":9.0,"turns":3.0},{"damage":7.0,"enemies":"Red Slaver","floor":10.0,"turns":4.0},{"damage":37.0,"enemies":"downfall:Heads","floor":11.0,"turns":6.0},{"damage":2.0,"enemies":"Exordium Thugs","floor":12.0,"turns":5.0},{"damage":20.0,"enemies":"3 Sentries","floor":13.0,"turns":8.0},{"damage":3.0,"enemies":"Gremlin Gang","floor":14.0,"turns":4.0},{"damage":0.0,"enemies":"conspire:2 RoseBushes","floor":15.0,"turns":3.0},{"damage":7.0,"enemies":"downfall:Watcher","floor":16.0,"turns":12.0},{"damage":5,"enemies":"3 Byrds","floor":19,"turns":3},{"damage":4,"enemies":"Shell Parasite","floor":20,"turns":5},{"damage":14,"enemies":"Snake Plant","floor":22,"turns":4},{"damage":8,"enemies":"Centurion and Healer","floor":23,"turns":4},{"damage":0,"enemies":"Snecko","floor":25,"turns":3},{"damage":9,"enemies":"Replay:Snechameleon","floor":28,"turns":6},{"damage":16,"enemies":"Cultist and Chosen","floor":30,"turns":6},{"damage":0,"enemies":"downfall:FleeingMerchant","floor":31,"turns":4},{"damage":6,"enemies":"Shelled Parasite and Fungi","floor":32,"turns":3},{"damage":30,"enemies":"downfall:Silent","floor":33,"turns":5}],"seed_played":"-530492803413286434","potions_obtained":[{"floor":6.0,"key":"Venom Potion"},{"floor":8.0,"key":"LifebloodPotion"},{"floor":8.0,"key":"Fire Potion"},{"floor":9.0,"key":"LiquidBronze"},{"floor":11.0,"key":"Fruit Juice"},{"floor":14.0,"key":"SneckoOil"},{"floor":15.0,"key":"REME_GoldPotion"},{"floor":16.0,"key":"Fire Potion"},{"floor":19,"key":"Fire Potion"},{"floor":20,"key":"AttackPotion"},{"floor":22,"key":"champ:CounterPotion"},{"floor":23,"key":"Dexterity Potion"},{"floor":25,"key":"Energy Potion"},{"floor":30,"key":"ColorlessPotion"},{"floor":32,"key":"Flashbang"}],"is_trial":false,"path_per_floor":["R","M","M","M","?","M","T","M","M","M","?","M","E","M","M","B",null,"R","M","M","?","M","M","T","M","R","?","E","R","M","$","M","B"],"character_chosen":"THE_SPIRIT","items_purchased":["AT_GuinsooRageblade","BargainBundle","hexamod:RecurringNightmare","AT_EmpoweredMortalDraw"],"campfire_rested":0,"item_purchase_floors":[31,31,31,31],"current_hp_per_floor":[70,70,70,70,70,66,66,65,65,58,21,31,11,15,15,15,75,75,70,73,73,66,58,58,58,58,42,40,40,31,31,25,0,0,0],"gold":73,"neow_bonus":"THREE_ENEMY_KILL","is_daily":false,"chose_seed":false,"campfire_upgraded":3,"win_rate":0.0,"timestamp":1610458951,"path_taken":["R","M","M","M","?","M","T","M","M","?","?","M","E","M","M","BOSS","R","M","M","?","M","M","T","M","R","?","E","R","M","$","M","BOSS"],"items_purchased_type":["Relic","Relic","Card","Card"],"build_version":"2020-12-22","purchased_purges":1,"victory":false,"max_hp_per_floor":[70,70,70,70,70,70,70,70,70,70,70,75,75,75,75,75,75,75,75,75,75,75,75,75,75,75,75,75,75,75,75,75,75,75,75],"relic_stats":{"counters":[23,94],"War Paint":["hexamod:SearingWound","hexamod:TimeOfNeed"],"obtain_stats":[{"BargainBundle":31,"AT_ATBox":0,"AT_MortalBlade":17,"Enchiridion":27,"downfall:HeartsMalice":0,"vexMod:FocusSash":24,"War Paint":28,"Replay:Baseball":13,"vexMod:HeadHunter":7,"MutagenicStrength":21,"AT_GuinsooRageblade":31,"hexamod:SpiritBrand":0,"REME_ComplimentaryCards":0},{"BargainBundle":21,"AT_ATBox":0,"AT_MortalBlade":13,"Enchiridion":18,"downfall:HeartsMalice":0,"vexMod:FocusSash":17,"War Paint":19,"Replay:Baseball":10,"vexMod:HeadHunter":4,"MutagenicStrength":15,"AT_GuinsooRageblade":21,"hexamod:SpiritBrand":0,"REME_ComplimentaryCards":0},{"BargainBundle":86,"AT_ATBox":0,"AT_MortalBlade":51,"Enchiridion":70,"downfall:HeartsMalice":0,"vexMod:FocusSash":67,"War Paint":76,"Replay:Baseball":32,"vexMod:HeadHunter":2,"MutagenicStrength":59,"AT_GuinsooRageblade":86,"hexamod:SpiritBrand":0,"REME_ComplimentaryCards":0}]},"card_choices":[{"not_picked":["hexamod:HauntingEcho","hexamod:Hexaguard"],"picked":"hexamod:SpectersWail","floor":2.0},{"not_picked":["hexamod:Haunt","hexamod:Hexaguard"],"picked":"hexamod:NightmareStrike","floor":3.0},{"not_picked":["hexamod:SwordOfDarkness","hexamod:HauntingEcho"],"picked":"hexamod:NightmareStrike","floor":4.0},{"not_picked":["hexamod:FastForward","hexamod:BurningTouch"],"picked":"hexamod:FourthSeal","floor":6.0},{"not_picked":["hexamod:RecurringNightmare","hexamod:Hexaguard"],"picked":"hexamod:AdvancingGuard","floor":8.0},{"not_picked":["hexamod:NightmareGuise","hexamod:HeatMetal"],"picked":"hexamod:ThirdSeal","floor":9.0},{"not_picked":["hexamod:GhostLash","hexamod:BacktrackSmack"],"picked":"hexamod:FirstSeal","floor":10.0},{"not_picked":["hexamod:GhostShield","hexamod:InspiringFlames","hexamod:BurningTouch"],"picked":"SKIP","floor":10.0},{"not_picked":["hexamod:SwordOfDarkness","hexamod:EmpoweredFlame"],"picked":"hexamod:CatchUp","floor":11.0},{"not_picked":["hexamod:Firestarter","hexamod:BacktrackSmack"],"picked":"hexamod:WildfireWeapon","floor":11.0},{"not_picked":["hexamod:ThirdSeal","hexamod:ChargedBarrage"],"picked":"hexamod:InspiringFlames","floor":12.0},{"not_picked":["hexamod:SwordOfDarkness","hexamod:AdvancingGuard"],"picked":"hexamod:HauntingEcho","floor":12.0},{"not_picked":["hexamod:CrushingStance","hexamod:ApocalypseNow"],"picked":"hexamod:EmpoweringStance","floor":13.0},{"not_picked":["hexamod:GhostShield","hexamod:PhantomCloak"],"picked":"hexamod:UnleashSpirits","floor":13.0},{"not_picked":["hexamod:NightmareStrike","hexamod:AdvancingGuard","hexamod:SwordOfDarkness"],"picked":"SKIP","floor":13.0},{"not_picked":["hexamod:SwordOfDarkness","hexamod:Incineration"],"picked":"hexamod:ShieldOfDarkness","floor":14.0},{"not_picked":["hexamod:ShieldOfDarkness","hexamod:HeatMetal"],"picked":"hexamod:FastForward","floor":14.0},{"not_picked":["hexamod:RainOfEmbers","hexamod:GhostflameInferno"],"picked":"hexamod:ShieldOfDarkness","floor":15.0},{"not_picked":["hexamod:NightmareStrike","hexamod:HauntingEcho","hexamod:BacktrackSmack"],"picked":"SKIP","floor":15.0},{"not_picked":["hexamod:TimeWarp","hexamod:SearingWound"],"picked":"hexamod:HexaLevel","floor":16.0},{"not_picked":["hexamod:VolcanoVisage","hexamod:TurnItUp"],"picked":"hexamod:TimeOfNeed","floor":16.0},{"not_picked":["hexamod:Incineration","hexamod:Again+1","hexamod:HauntingEcho"],"picked":"SKIP","floor":19},{"not_picked":["hexamod:GhostflameBarrier+1","hexamod:NightmareGuise+1","hexamod:InspiringFlames"],"picked":"SKIP","floor":20},{"not_picked":["hexamod:GhostLash+1","hexamod:AdvancingGuard","hexamod:NightmareStrike"],"picked":"SKIP","floor":20},{"not_picked":["hexamod:HauntingEcho","hexamod:FourthSeal"],"picked":"hexamod:RecurringNightmare","floor":22},{"not_picked":["hexamod:HeatMetal","hexamod:BurningTouch","hexamod:HauntingEcho"],"picked":"SKIP","floor":22},{"not_picked":["hexamod:ThermalTransfer+1","hexamod:Firestarter"],"picked":"hexamod:SearingWound","floor":23},{"not_picked":["hexamod:PhantomFireball","hexamod:HeatShield","hexamod:NightmareStrike"],"picked":"SKIP","floor":23},{"not_picked":["hexamod:AdvancingGuard","hexamod:ThermalTransfer+1"],"picked":"hexamod:Hexaguard+1","floor":25},{"not_picked":["hexamod:RadiantFlame","hexamod:Firestarter","hexamod:GhostShield"],"picked":"SKIP","floor":25},{"not_picked":["hexamod:ApocalypseNow","hexamod:UnleashSpirits"],"picked":"hexamod:TimeOfNeed","floor":28},{"not_picked":["hexamod:GhostShield","hexamod:InspiringFlames"],"picked":"hexamod:ChargedBarrage+1","floor":28},{"not_picked":["hexamod:FourthSeal","hexamod:NightmareStrike","hexamod:GhostOfSpirePast"],"picked":"SKIP","floor":28},{"not_picked":["hexamod:PhantomCloak","hexamod:GhostLash"],"picked":"hexamod:GhostShield","floor":30},{"not_picked":["hexamod:ChargedBarrage","hexamod:HeatMetal","hexamod:AdvancingGuard"],"picked":"SKIP","floor":30},{"not_picked":["hexamod:HauntingEcho","hexamod:ThirdSeal"],"picked":"hexamod:VolcanoVisage","floor":31},{"not_picked":["hexamod:NecessarySacrifice","hexamod:BacktrackSmack"],"picked":"hexamod:DynamicBlow+1","floor":32},{"not_picked":["hexamod:ThermalTransfer+1","hexamod:Hexaguard+1","hexamod:RetreatToShadows"],"picked":"SKIP","floor":32}],"player_experience":302225,"relics_obtained":[{"floor":7.0,"key":"vexMod:HeadHunter"},{"floor":13.0,"key":"Replay:Baseball"},{"floor":24,"key":"vexMod:FocusSash"},{"floor":27,"key":"Enchiridion"},{"floor":28,"key":"War Paint"}],"event_choices":[{"cards_removed":["Secret Weapon"],"damage_healed":0.0,"max_hp_gain":0.0,"max_hp_loss":0.0,"gold_gain":0.0,"event_name":"NoteForYourself","player_choice":"Took Card","floor":5.0,"gold_loss":0.0,"damage_taken":0.0,"cards_obtained":["Slimebound:Tackle"]},{"damage_healed":0,"gold_gain":0,"player_choice":"Inject Mutagens","damage_taken":0,"relics_obtained":["MutagenicStrength"],"max_hp_gain":0,"max_hp_loss":0,"event_name":"Drug Dealer","floor":21,"gold_loss":0}],"is_beta":false,"boss_relics":[{"not_picked":["Replay:Drink Me","SacredBark"],"picked":"AT_MortalBlade"}],"items_purged_floors":[31],"is_endless":false,"potions_floor_spawned":[6,8,10,11,15,16,19,23,28,32],"killed_by":"downfall:Silent","ascension_level":0}}