{"host":"cdwmoa70bcdnlxwr","time":1610457986,"event":{"mods":["BaseMod","Colored Map","Colored Powertips","Custom Start","Keyboard Shortcuts","Minty Spire (QoL Compilation)","StSLib","SuperFastMode"],"gold_per_floor":[117,133,58,71,27,27,44,44,67,78,89,89,100,118,118,194,194,206,206,222,147,147,147],"floor_reached":22,"playtime":621,"items_purged":["Strike_G"],"score":360,"play_id":"d143efab-bc99-4a57-81db-ac6d5f5e4fd8","local_time":"20210112222626","is_ascension_mode":true,"campfire_choices":[{"data":"Noxious Fumes","floor":6.0,"key":"SMITH"},{"data":"Blade Dance","floor":12.0,"key":"SMITH"},{"floor":15.0,"key":"REST"}],"circlet_count":0,"master_deck":["AscendersBane","Defend_G","Defend_G","Defend_G","Defend_G","Defend_G","Survivor","Neutralize","Noxious Fumes+1","Footwork","Well Laid Plans","Blade Dance+1","Prepared","Reflex","Envenom","Grand Finale","Cloak And Dagger"],"relics":["Ring of the Snake","NeowsBlessing","Bag of Preparation","WristBlade"],"acts_visited":["Exordium","TheCity"],"potions_floor_usage":[],"damage_taken":[{"damage":0.0,"enemies":"Cultist","floor":1.0,"turns":1.0},{"damage":0.0,"enemies":"2 Louse","floor":2.0,"turns":1.0},{"damage":0.0,"enemies":"Small Slimes","floor":4.0,"turns":1.0},{"damage":3.0,"enemies":"3 Louse","floor":7.0,"turns":4.0},{"damage":5.0,"enemies":"Large Slime","floor":10.0,"turns":9.0},{"damage":5.0,"enemies":"Blue Slaver","floor":11.0,"turns":5.0},{"damage":11.0,"enemies":"3 Louse","floor":13.0,"turns":4.0},{"damage":32.0,"enemies":"Gremlin Gang","floor":14.0,"turns":4.0},{"damage":33.0,"enemies":"Slime Boss","floor":16.0,"turns":10.0},{"damage":18.0,"enemies":"Chosen","floor":18.0,"turns":4.0},{"damage":18.0,"enemies":"Spheric Guardian","floor":20.0,"turns":6.0},{"damage":13,"enemies":"Cultist and Chosen","floor":22,"turns":6}],"seed_played":"6853240911089739629","potions_obtained":[{"floor":2.0,"key":"CunningPotion"},{"floor":7.0,"key":"PowerPotion"},{"floor":10.0,"key":"FearPotion"},{"floor":11.0,"key":"FairyPotion"},{"floor":14.0,"key":"SteroidPotion"}],"is_trial":false,"path_per_floor":["M","M","$","M","$","R","M","?","T","M","M","R","M","M","R","B",null,"M","?","M","?","M"],"character_chosen":"THE_SILENT","items_purchased":["Footwork"],"campfire_rested":1,"item_purchase_floors":[5],"current_hp_per_floor":[59,59,59,59,59,59,56,56,56,51,46,46,35,3,22,19,54,36,36,18,18,5,5],"gold":147,"neow_bonus":"THREE_ENEMY_KILL","is_daily":false,"chose_seed":false,"campfire_upgraded":2,"win_rate":0.0,"timestamp":1610457986,"path_taken":["M","?","$","M","?","R","M","?","T","M","M","R","?","M","R","BOSS","M","?","M","?","M"],"items_purchased_type":["Card"],"build_version":"2020-12-22","purchased_purges":1,"victory":false,"max_hp_per_floor":[66,66,66,66,66,66,66,66,66,66,66,66,66,66,66,66,66,66,66,66,66,66,66],"card_choices":[{"not_picked":["Underhanded Strike","Slice"],"picked":"Noxious Fumes","floor":1.0},{"not_picked":["Distraction","Deadly Poison","Infinite Blades"],"picked":"SKIP","floor":2.0},{"not_picked":["Setup","Predator","Backflip"],"picked":"SKIP","floor":4.0},{"not_picked":["Cloak And Dagger","Outmaneuver"],"picked":"Well Laid Plans","floor":7.0},{"not_picked":["Underhanded Strike","Predator"],"picked":"Blade Dance","floor":10.0},{"not_picked":["Dagger Throw","Cloak And Dagger"],"picked":"Prepared","floor":11.0},{"not_picked":["Sucker Punch","Expertise","Quick Slash"],"picked":"SKIP","floor":13.0},{"not_picked":["Poisoned Stab","Cloak And Dagger"],"picked":"Reflex","floor":14.0},{"not_picked":["Glass Knife","Die Die Die"],"picked":"Envenom","floor":16.0},{"not_picked":["Dagger Spray+1","Poisoned Stab","Deflect"],"picked":"SKIP","floor":18.0},{"not_picked":["Infinite Blades","Outmaneuver","Calculated Gamble"],"picked":"SKIP","floor":20.0}],"player_experience":2619201,"relics_obtained":[{"floor":9.0,"key":"Bag of Preparation"}],"event_choices":[{"cards_removed":["Strike_G"],"damage_healed":0.0,"max_hp_gain":0.0,"max_hp_loss":0.0,"gold_gain":0.0,"event_name":"Purifier","player_choice":"Purged","floor":8.0,"gold_loss":0.0,"damage_taken":0.0},{"damage_healed":0.0,"max_hp_gain":0.0,"max_hp_loss":0.0,"gold_gain":0.0,"cards_transformed":["Strike_G","Strike_G"],"event_name":"Drug Dealer","player_choice":"Became Test Subject","floor":19.0,"gold_loss":0.0,"damage_taken":0.0,"cards_obtained":["Grand Finale","Cloak And Dagger"]},{"cards_removed":["Strike_G"],"damage_healed":0.0,"max_hp_gain":0.0,"max_hp_loss":0.0,"gold_gain":0.0,"event_name":"Designer","player_choice":"Single Remove","floor":21.0,"gold_loss":75.0,"damage_taken":0.0}],"is_beta":false,"boss_relics":[{"not_picked":["Calling Bell","Philosopher\u0027s Stone"],"picked":"WristBlade"}],"items_purged_floors":[3],"is_endless":false,"potions_floor_spawned":[2,7,10,11,14],"killed_by":"Cultist and Chosen","ascension_level":20}}