{"host":"a8v0czv88scrgx5i","time":1610448614,"event":{"mods":["2.2 Compatiblity","Act Like it!","Aspiration","Astrologer","Bard","BaseMod","Beaked The Cultist","Better Third Choice","BetterRewards","Colored Map","Colored Powertips","Curses Come First","Dota2Spire","Downfall","Friendly Minions","GifTheSpireLib","GungeonMod","Hermit","Hubris","Infinite Spire","Luminous","Marisa????????","Minty Spire (QoL Compilation)","READ ME - Guardian Mod","Rare Cards Sparkle","Relic Sorter","Replay The Spire","Shade Mod","Shop Mod","StSLib","The Animator","The Blackbeard","The Bug Knight","The Construct","The Cursed","The Disciple","The Elementalist","The Hierophant","The Jungle","The Mystic","The Necromancer","The Runesmith","The Servant 0.9.4","The Spell Scribe","vexMod"],"gold_per_floor":[115,147,147,167,177,216,236,236,289,289,299,299,317,417,417,515,515,527,571,591,591,611,643,643,656,710,724,753,688,707,719,719,815,815,825,843,288,302,312,342,352,352,352,379,410,410,443,443,443,443],"floor_reached":51,"playtime":4769,"items_purged":["animator:Strike","animator:Gluttony"],"score":1037,"play_id":"a7bf2e0d-c37f-433d-8f9f-0aea31965036","local_time":"20210112055014","is_ascension_mode":false,"campfire_choices":[{"data":"animator:MetalKnight","floor":8,"key":"SMITH"},{"data":"animator:SilverFang","floor":10,"key":"SMITH"},{"data":"animator:MetalKnight","floor":12,"key":"SMITH"},{"data":"animator:Lancer","floor":15,"key":"SMITH"},{"floor":24,"key":"REST"},{"floor":32,"key":"RECALL"},{"floor":42,"key":"REST"},{"floor":46,"key":"REST"},{"data":"animator:Saitama","floor":49,"key":"SMITH"}],"circlet_count":0,"master_deck":["animator:Strike_OnePunchMan","animator:Defend_OnePunchMan","animator:Strike","animator:Strike","animator:Defend","animator:Defend","animator:Defend","animator:Genos","animator:MumenRider","animator:SilverFang+1","animator:Lancer+1","animator:MetalKnight+1","animator:Tatsumaki","animator:MetalKnight+1","animator:ZankiKiguchi","animator:Genos","animator:Saitama+1","animator:SilverFang","animator:Melzalgald","animator:Sonic","animator:Geryuganshoop","animator:UneriGinkaku","animator:Emonzaemon","animator:Melzalgald","animator:Emonzaemon","animator:Biyorigo","AbeCurse","animator:CrowleyEusford","animator:Sonic","animator:Arpeggio+1","Parasite","animator:ZankiKiguchi","animator:ZankiKiguchi+1","animator:Melzalgald","animator:Assassin","animator:Kuribayashi"],"relics":["animator:LivingPicture","animator:CerealBox","DemoMod:LamentConfigurum","animator:Buoy","animator:TheMissingPiece","animator:PurgingStone","MerchantsRug","DemoMod:BlueGuonStone","Dota2Spire:Butterfly","Dota2Spire:DrumOfEndurance","hubris:Backtick","Shuriken","hubris:FruitBowl","Orichalcum","Lantern","Juzu Bracelet","Abe\u0027s Treasure","Letter Opener","DemoMod:WeirdEgg","animator:AlchemistGlove","Golden Egg","aspiration:HiddenCompartment","Ancient Tea Set","Art of War"],"acts_visited":["Exordium","TheCity","TheBeyond"],"potions_floor_usage":[16,16,27,28,28,33,45,50],"damage_taken":[{"damage":2,"enemies":"Small Slimes","floor":1,"turns":2},{"damage":2,"enemies":"Jaw Worm","floor":2,"turns":3},{"damage":0,"enemies":"Cultist","floor":4,"turns":4},{"damage":4,"enemies":"Lots of Slimes","floor":5,"turns":7},{"damage":5,"enemies":"Gremlin Nob","floor":6,"turns":4},{"damage":1,"enemies":"Looter","floor":7,"turns":3},{"damage":0,"enemies":"3 Louse","floor":11,"turns":3},{"damage":3,"enemies":"Exordium Thugs","floor":13,"turns":4},{"damage":21,"enemies":"Fading Forest","floor":16,"turns":11},{"damage":10,"enemies":"3 Byrds","floor":18,"turns":5},{"damage":6,"enemies":"Shell Parasite","floor":19,"turns":7},{"damage":6,"enemies":"Snake Plant","floor":20,"turns":6},{"damage":0,"enemies":"Cultist and Chosen","floor":22,"turns":7},{"damage":4,"enemies":"Gremlin Leader","floor":23,"turns":11},{"damage":5,"enemies":"Shelled Parasite and Fungi","floor":25,"turns":8},{"damage":0,"enemies":"Snecko","floor":27,"turns":3},{"damage":7,"enemies":"Replay:Snechameleon","floor":28,"turns":6},{"damage":0,"enemies":"Chosen and Byrds","floor":30,"turns":5},{"damage":6,"enemies":"Centurion and Healer","floor":31,"turns":5},{"damage":51,"enemies":"hubris:MusketHawk","floor":33,"turns":12},{"damage":3,"enemies":"Orb Walker","floor":35,"turns":4},{"damage":5,"enemies":"3 Shapes","floor":36,"turns":5},{"damage":21,"enemies":"Writhing Mass","floor":38,"turns":6},{"damage":18,"enemies":"Transient","floor":39,"turns":5},{"damage":3,"enemies":"beaked:SuperParasite","floor":40,"turns":8},{"damage":13,"enemies":"Maw","floor":41,"turns":8},{"damage":5,"enemies":"Giant Head","floor":44,"turns":7},{"damage":15,"enemies":"Spire Growth","floor":45,"turns":5},{"damage":0,"enemies":"R_Hoarder","floor":47,"turns":10},{"damage":32,"enemies":"infinitespire:MassOfShapes","floor":50,"turns":9}],"seed_played":"-6311708110995237827","potions_obtained":[{"floor":1,"key":"champ:CounterPotion"},{"floor":5,"key":"sneckomod:MuddlingPotion"},{"floor":11,"key":"champ:CounterPotion"},{"floor":16,"key":"PowerPotion"},{"floor":19,"key":"Dota2Spire:HealingSalve"},{"floor":22,"key":"DemoMod:LeadSkinPotion"},{"floor":23,"key":"Energy Potion"},{"floor":27,"key":"ColorlessPotion"},{"floor":33,"key":"DemoMod:LeadSkinPotion"},{"floor":35,"key":"SpeedPotion"},{"floor":36,"key":"Venom Potion"},{"floor":44,"key":"sneckomod:MuddlingPotion"}],"is_trial":false,"path_per_floor":["M","M","?","M","M","E","M","R","T","R","M","R","M","?","R","B",null,"M","M","M","$","M","E","R","M","T","M","E","?","M","M","R","B",null,"M","M","$","M","M","E","M","R","T","E","M","R","E","?","R","B",null],"character_chosen":"THE_ANIMATOR","items_purchased":["MerchantsRug","DemoMod:BlueGuonStone","animator:CerealBox","hubris:FruitBowl","Orichalcum","animator:Arpeggio+1","Letter Opener","DemoMod:WeirdEgg"],"campfire_rested":3,"item_purchase_floors":[0,0,0,21,21,37,37,37],"current_hp_per_floor":[31,49,49,49,46,41,40,40,40,40,40,40,41,41,41,43,68,58,56,52,23,27,23,44,43,43,47,40,40,40,34,34,1,70,67,66,66,45,27,24,11,32,32,27,12,33,33,33,33,9],"gold":443,"neow_bonus":"","is_daily":false,"chose_seed":false,"campfire_upgraded":5,"win_rate":0.0,"timestamp":1610448614,"path_taken":["M","M","?","M","M","E","M","R","T","R","M","R","M","?","R","BOSS","M","M","M","?","M","E","R","M","T","M","E","?","M","M","R","BOSS","M","M","$","M","M","E","M","R","T","E","M","R","E","?","R","BOSS"],"items_purchased_type":["Relic","Relic","Relic","Relic","Relic","Card","Relic","Relic"],"build_version":"2020-12-22","purchased_purges":2,"victory":true,"max_hp_per_floor":[66,66,66,66,67,67,67,67,67,67,67,67,67,67,67,68,68,68,68,70,70,70,70,70,70,70,70,70,70,70,70,70,70,70,70,70,70,70,70,70,70,70,70,70,70,70,70,70,70,70],"card_choices":[{"not_picked":["animator:Mitsuba","animator:Bozes"],"picked":"animator:Gluttony","floor":1},{"not_picked":["animator:Viivi","animator:AcuraAkari"],"picked":"animator:SilverFang","floor":2},{"not_picked":["animator:DolaSchwi","animator:Konayuki"],"picked":"animator:Lancer","floor":4},{"not_picked":["animator:MumenRider","animator:Geryuganshoop"],"picked":"animator:MetalKnight","floor":5},{"not_picked":["animator:TsurugaMeisai","animator:MumenRider"],"picked":"animator:Tatsumaki","floor":6},{"not_picked":["animator:Bozes","animator:ChlammyZell"],"picked":"animator:MetalKnight","floor":7},{"not_picked":["animator:SilverFang","animator:Genos"],"picked":"animator:ZankiKiguchi","floor":11},{"not_picked":["animator:MetalKnight","animator:MumenRider"],"picked":"animator:Genos","floor":13},{"not_picked":["animator:Shiro","animator:GoblinSlayer"],"picked":"animator:Saitama","floor":16},{"not_picked":["animator:SakuraMatou","animator:ElricEdward"],"picked":"animator:SilverFang","floor":18},{"not_picked":["animator:UneriGinkaku","animator:Lancer"],"picked":"animator:Melzalgald","floor":19},{"not_picked":["animator:SilverFang+1","animator:Genos+1"],"picked":"animator:Sonic","floor":20},{"not_picked":["animator:SilverFang","animator:Melzalgald"],"picked":"animator:Geryuganshoop","floor":22},{"not_picked":["animator:MetalKnight+1","animator:Melzalgald"],"picked":"animator:UneriGinkaku","floor":23},{"not_picked":["animator:SilverFang+1","animator:Genos"],"picked":"animator:Emonzaemon","floor":25},{"not_picked":["animator:Mitsuba+1","animator:ElricAlphonse","animator:AcuraTooru"],"picked":"SKIP","floor":27},{"not_picked":["animator:Tatsumaki","animator:Genos"],"picked":"animator:Melzalgald","floor":28},{"not_picked":["animator:FielNirvalen","animator:KrulTepes"],"picked":"animator:Emonzaemon","floor":30},{"not_picked":["animator:MetalKnight+1","animator:IzunaHatsuse","animator:ElricAlphonse"],"picked":"SKIP","floor":31},{"not_picked":["animator:Boros","animator:HigakiRinne"],"picked":"animator:Biyorigo","floor":33},{"not_picked":["animator:YaoHaDucy+1","animator:ElricEdward+1"],"picked":"animator:CrowleyEusford","floor":35},{"not_picked":["animator:Genos","animator:Saitama"],"picked":"animator:Sonic","floor":36},{"not_picked":["animator:Emonzaemon","animator:MumenRider+1"],"picked":"animator:ZankiKiguchi","floor":38},{"not_picked":["animator:RinTohsaka+1","animator:Bozes+1","animator:DolaCouronne"],"picked":"SKIP","floor":39},{"not_picked":["animator:Emonzaemon","animator:Viivi+1"],"picked":"animator:ZankiKiguchi+1","floor":40},{"not_picked":["animator:MumenRider","animator:Geryuganshoop"],"picked":"animator:Melzalgald","floor":41},{"not_picked":["animator:Illya+1","animator:MumenRider+1"],"picked":"animator:Assassin","floor":44},{"not_picked":["animator:EmiyaShirou+1","animator:AcuraShin"],"picked":"animator:Kuribayashi","floor":45},{"not_picked":["animator:Illya","animator:Melzalgald","animator:UneriGinkaku"],"picked":"SKIP","floor":47}],"player_experience":953453,"relics_obtained":[{"floor":6,"key":"animator:Buoy"},{"floor":9,"key":"Dota2Spire:DrumOfEndurance"},{"floor":23,"key":"Lantern"},{"floor":28,"key":"Juzu Bracelet"},{"floor":40,"key":"animator:AlchemistGlove"},{"floor":43,"key":"aspiration:HiddenCompartment"},{"floor":44,"key":"Ancient Tea Set"},{"floor":47,"key":"Art of War"}],"event_choices":[{"damage_healed":0,"gold_gain":0,"player_choice":"Ignored","damage_taken":147,"max_hp_gain":0,"max_hp_loss":0,"event_name":"betterThird:BetterSerpent","floor":3,"gold_loss":0},{"damage_healed":0,"gold_gain":100,"player_choice":"Pray","damage_taken":0,"max_hp_gain":0,"max_hp_loss":0,"event_name":"Golden Shrine","floor":14,"gold_loss":0},{"damage_healed":0,"gold_gain":0,"player_choice":"Paid Gold","damage_taken":0,"relics_obtained":["DemoMod:LamentConfigurum"],"max_hp_gain":0,"max_hp_loss":0,"event_name":"WeMeetAgain","floor":29,"gold_loss":65}],"is_beta":false,"boss_relics":[{"not_picked":["Ectoplasm","Replay:Drink Me"],"picked":"hubris:Backtick"},{"not_picked":["Painkiller Herb","Replay:Bronze Core"],"picked":"Abe\u0027s Treasure"}],"items_purged_floors":[0,37],"is_endless":false,"potions_floor_spawned":[1,5,11,16,19,22,23,27,33,35,36,38,44],"ascension_level":0}}