{"host":"sav7uxregyirlf69","time":1610419337,"event":{"mods":["AchievementEnabler","BaseMod","Colored Map","DeckTracker","Keyboard Shortcuts","Minty Spire (QoL Compilation)","READ ME - Guardian Mod","StSLib","SuperFastMode"],"gold_per_floor":[112,126,126,146,163,193,193,268,268,268,285,299,319,319,319,319,319],"floor_reached":16,"playtime":248,"items_purged":[],"score":208,"play_id":"2f3b73ab-0166-4f22-abfc-30f4bcb15193","local_time":"20210112114217","is_ascension_mode":true,"campfire_choices":[{"floor":7,"key":"REST"},{"floor":10,"key":"REST"},{"data":"Bouncing Flask","floor":15,"key":"SMITH"}],"circlet_count":0,"master_deck":["AscendersBane","Strike_G","Strike_G","Strike_G","Strike_G","Defend_G","Defend_G","Defend_G","Defend_G","Defend_G","Survivor","Neutralize","Noxious Fumes","Bouncing Flask+1","Blade Dance","Terror","Reflex","Dagger Throw"],"relics":["Ring of the Snake","Du-Vu Doll","Bag of Preparation","Singing Bowl"],"acts_visited":["Exordium"],"potions_floor_usage":[6,6,16],"damage_taken":[{"damage":0,"enemies":"Jaw Worm","floor":1,"turns":3},{"damage":1,"enemies":"Cultist","floor":2,"turns":4},{"damage":4,"enemies":"2 Louse","floor":4,"turns":3},{"damage":17,"enemies":"Large Slime","floor":5,"turns":8},{"damage":6,"enemies":"Gremlin Nob","floor":6,"turns":3},{"damage":14,"enemies":"Red Slaver","floor":11,"turns":5},{"damage":3,"enemies":"Looter","floor":12,"turns":3},{"damage":19,"enemies":"Exordium Wildlife","floor":13,"turns":4},{"damage":15,"enemies":"The Guardian","floor":16,"turns":5}],"seed_played":"5982852835443340387","potions_obtained":[{"floor":2,"key":"BlessingOfTheForge"},{"floor":4,"key":"BlessingOfTheForge"},{"floor":5,"key":"Explosive Potion"},{"floor":12,"key":"LiquidBronze"}],"is_trial":false,"path_per_floor":["M","M","?","M","M","E","R","?","T","R","M","M","M","?","R","B"],"character_chosen":"THE_SILENT","items_purchased":[],"campfire_rested":2,"item_purchase_floors":[],"current_hp_per_floor":[44,43,43,39,22,16,35,24,24,43,29,28,11,11,11,0,0],"gold":319,"neow_bonus":"ONE_RARE_RELIC","is_daily":false,"chose_seed":false,"campfire_upgraded":1,"win_rate":0.0,"timestamp":1610419337,"path_taken":["M","M","?","M","?","E","R","?","T","R","M","M","M","?","R","BOSS"],"items_purchased_type":[],"build_version":"2020-12-22","purchased_purges":0,"victory":false,"max_hp_per_floor":[66,66,66,66,66,66,66,66,66,66,66,68,70,70,70,70,70],"card_choices":[{"not_picked":["Outmaneuver","Dash"],"picked":"Noxious Fumes","floor":1},{"not_picked":["Deflect","Quick Slash"],"picked":"Bouncing Flask","floor":2},{"not_picked":["Calculated Gamble","Dagger Spray"],"picked":"Blade Dance","floor":4},{"not_picked":["Backflip","Calculated Gamble"],"picked":"Terror","floor":5},{"not_picked":["Dagger Throw","Flying Knee"],"picked":"Reflex","floor":6},{"not_picked":["Reflex","Corpse Explosion"],"picked":"Dagger Throw","floor":11},{"not_picked":["Cloak And Dagger","Dodge and Roll","Catalyst"],"picked":"Singing Bowl","floor":12},{"not_picked":["Backflip","Flying Knee","Dagger Spray"],"picked":"Singing Bowl","floor":13}],"player_experience":1257180,"relics_obtained":[{"floor":6,"key":"Bag of Preparation"},{"floor":9,"key":"Singing Bowl"}],"event_choices":[{"cards_removed":["Strike_G"],"damage_healed":0,"gold_gain":0,"player_choice":"Purged","damage_taken":0,"max_hp_gain":0,"max_hp_loss":0,"event_name":"Purifier","floor":3,"gold_loss":0},{"damage_healed":0,"gold_gain":75,"player_choice":"Gather Gold","damage_taken":11,"max_hp_gain":0,"max_hp_loss":0,"event_name":"World of Goop","floor":8,"gold_loss":0},{"damage_healed":0,"gold_gain":0,"player_choice":"0 cards matched","damage_taken":0,"max_hp_gain":0,"max_hp_loss":0,"event_name":"Match and Keep!","floor":14,"gold_loss":0,"cards_obtained":[]}],"is_beta":false,"boss_relics":[],"items_purged_floors":[],"is_endless":false,"potions_floor_spawned":[2,4,5,12],"killed_by":"The Guardian","ascension_level":20}}