{"host":"8f5cu9y0fpol72qs","time":1610443736,"event":{"mods":["AlwaysNeverKeys","BaseMod","Colored Map","Colored Powertips","Curses Come First","Highlight Path","Key Reminder","Minty Spire (QoL Compilation)","StSLib"],"gold_per_floor":[11,29,40,56,74,104,69,94,94,94,94,111,111,186,186,258,258,278,292,306,306,325,352,10,10,10,21,52,52,52],"floor_reached":29,"playtime":2364,"items_purged":["Strike_G"],"score":641,"play_id":"7bc79bc4-39f5-4c69-a6bc-f0b698956997","local_time":"20210112012856","is_ascension_mode":true,"campfire_choices":[{"floor":11.0,"key":"REST"},{"data":"Well Laid Plans","floor":13.0,"key":"SMITH"},{"floor":15.0,"key":"REST"},{"floor":25,"key":"REST"}],"circlet_count":0,"master_deck":["AscendersBane","Strike_G","Strike_G","Defend_G","Defend_G","Defend_G","Defend_G","Survivor","Neutralize","Cloak And Dagger","Burst","Infinite Blades","Well Laid Plans+1","Calculated Gamble","Wraith Form v2","Bouncing Flask","Dagger Spray","Poisoned Stab","Flying Knee","Wraith Form v2","Crippling Poison","Quick Slash","Deadly Poison+1"],"relics":["Ring of the Snake","Bronze Scales","WingedGreaves","Strawberry","Velvet Choker","Regal Pillow","Bottled Tornado","Gambling Chip","Gremlin Horn"],"acts_visited":["TheCity"],"potions_floor_usage":[18,20,23,28,29],"damage_taken":[{"damage":0.0,"enemies":"Cultist","floor":1.0,"turns":5.0},{"damage":6.0,"enemies":"Small Slimes","floor":2.0,"turns":4.0},{"damage":2.0,"enemies":"Jaw Worm","floor":3.0,"turns":5.0},{"damage":5.0,"enemies":"Looter","floor":4.0,"turns":4.0},{"damage":6.0,"enemies":"Lots of Slimes","floor":5.0,"turns":6.0},{"damage":27.0,"enemies":"3 Sentries","floor":6.0,"turns":10.0},{"damage":25.0,"enemies":"Gremlin Nob","floor":8.0,"turns":4.0},{"damage":6.0,"enemies":"Exordium Thugs","floor":12.0,"turns":5.0},{"damage":22.0,"enemies":"The Guardian","floor":16.0,"turns":10.0},{"damage":9,"enemies":"2 Thieves","floor":18,"turns":4},{"damage":4,"enemies":"3 Byrds","floor":19,"turns":3},{"damage":13,"enemies":"3 Cultists","floor":20,"turns":5},{"damage":18,"enemies":"Snake Plant","floor":22,"turns":5},{"damage":13,"enemies":"Gremlin Leader","floor":23,"turns":9},{"damage":5,"enemies":"Snecko","floor":27,"turns":5},{"damage":20,"enemies":"Slavers","floor":28,"turns":5},{"damage":17,"enemies":"Shelled Parasite and Fungi","floor":29,"turns":4}],"seed_played":"6082945671533704755","potions_obtained":[{"floor":1.0,"key":"Strength Potion"},{"floor":2.0,"key":"DuplicationPotion"},{"floor":5.0,"key":"Fire Potion"},{"floor":12.0,"key":"SteroidPotion"},{"floor":18,"key":"Swift Potion"},{"floor":20,"key":"AttackPotion"},{"floor":23,"key":"Poison Potion"},{"floor":28,"key":"SpeedPotion"}],"is_trial":false,"path_per_floor":["M","M","M","M","M","E","?","E","T","?","R","M","R","?","R","B",null,"M","M","M","?","M","E","$","R","T","M","E","M"],"character_chosen":"THE_SILENT","items_purchased":["Quick Slash","Bottled Tornado"],"campfire_rested":3,"item_purchase_floors":[24,24],"current_hp_per_floor":[59,53,51,46,40,13,29,4,11,11,32,26,26,15,36,14,58,49,45,32,32,14,1,1,37,37,32,12,0,0],"gold":52,"neow_bonus":"TRANSFORM_TWO_CARDS","is_daily":false,"chose_seed":false,"campfire_upgraded":1,"win_rate":0.0,"timestamp":1610443736,"path_taken":["M","M","M","M","M","E","?","E","T","?","R","?","R","?","R","BOSS","M","M","M","?","?","E","$","R","T","M","E","M"],"items_purchased_type":["Card","Relic"],"build_version":"2020-12-22","purchased_purges":1,"victory":false,"max_hp_per_floor":[66,66,66,66,66,66,66,66,73,73,73,73,73,73,73,73,73,73,73,73,73,73,73,73,73,73,73,73,73,73],"card_choices":[{"not_picked":["Accuracy","Masterful Stab"],"picked":"Infinite Blades","floor":1.0},{"not_picked":["Riddle With Holes","Bouncing Flask"],"picked":"Well Laid Plans","floor":2.0},{"not_picked":["Outmaneuver","Slice","Underhanded Strike"],"picked":"SKIP","floor":3.0},{"not_picked":["Endless Agony","Prepared"],"picked":"Calculated Gamble","floor":4.0},{"not_picked":["Sucker Punch","Dash"],"picked":"Wraith Form v2","floor":5.0},{"not_picked":["Finisher","Infinite Blades"],"picked":"Bouncing Flask","floor":6.0},{"not_picked":["Dagger Throw","Cloak And Dagger"],"picked":"Dagger Spray","floor":8.0},{"not_picked":["Distraction","All Out Attack","Setup"],"picked":"SKIP","floor":12.0},{"not_picked":["Deflect","Cloak And Dagger"],"picked":"Poisoned Stab","floor":18},{"not_picked":["Setup","Slice","Cloak And Dagger"],"picked":"SKIP","floor":19},{"not_picked":["Distraction","Grand Finale"],"picked":"Flying Knee","floor":20},{"not_picked":["Expertise","Poisoned Stab","Dagger Throw"],"picked":"SKIP","floor":22},{"not_picked":["Riddle With Holes","Well Laid Plans"],"picked":"Crippling Poison","floor":23},{"not_picked":["Bane","Distraction","Infinite Blades"],"picked":"SKIP","floor":27},{"not_picked":["Deflect+1","Backflip"],"picked":"Deadly Poison+1","floor":28}],"player_experience":815891,"relics_obtained":[{"floor":6.0,"key":"Bronze Scales"},{"floor":8.0,"key":"WingedGreaves"},{"floor":9.0,"key":"Strawberry"},{"floor":23,"key":"Regal Pillow"},{"floor":26,"key":"Gambling Chip"},{"floor":28,"key":"Gremlin Horn"}],"event_choices":[{"damage_healed":16.0,"max_hp_gain":0.0,"max_hp_loss":0.0,"gold_gain":0.0,"event_name":"The Cleric","player_choice":"Healed","floor":7.0,"gold_loss":35.0,"damage_taken":0.0},{"cards_removed":["Strike_G"],"damage_healed":0.0,"max_hp_gain":0.0,"max_hp_loss":0.0,"gold_gain":0.0,"event_name":"Wheel of Change","player_choice":"Card Removal","floor":10.0,"gold_loss":0.0,"damage_taken":0.0},{"damage_healed":0.0,"max_hp_gain":0.0,"max_hp_loss":0.0,"gold_gain":75.0,"event_name":"World of Goop","player_choice":"Gather Gold","floor":14.0,"gold_loss":0.0,"damage_taken":11.0},{"damage_healed":0,"gold_gain":0,"player_choice":"Copied","damage_taken":0,"max_hp_gain":0,"max_hp_loss":0,"event_name":"Duplicator","floor":21,"gold_loss":0,"cards_obtained":["Wraith Form v2"]}],"is_beta":false,"boss_relics":[{"not_picked":["Empty Cage","Black Star"],"picked":"Velvet Choker"}],"items_purged_floors":[24],"is_endless":false,"potions_floor_spawned":[1,2,5,12,18,20,23,28],"killed_by":"Shelled Parasite and Fungi","ascension_level":14}}