{"host":"kc9ew1boizqhugxp","time":1610493970,"event":{"mods":["A Magickal Journey","Aspiration","BaseMod","BetterRewards","DeckTracker","Halation","Infinite Spire","Minty Spire (QoL Compilation)","Permanent Neow","Quick Restart","Replay The Spire","Spikes Relics","StSLib","The Factory","The Jungle"],"gold_per_floor":[114,114,131,131,150,184,204,59,59,24,52,71,71,90,90,192,192,205,25,35,49,65,65,65],"floor_reached":23,"language":"ENG","playtime":983,"items_purged":[],"score":205,"play_id":"0f225fb4-2c62-4406-b0da-786eebb6f15e","local_time":"20210112182610","is_ascension_mode":false,"campfire_choices":[{"floor":15,"key":"REST"}],"circlet_count":0,"master_deck":["Strike_R+1","Strike_R","Strike_R","Strike_R+1","Strike_R","Defend_R","Defend_R","Defend_R","Bash+1","Rampage","Carnage+1","Cleave","Sentinel","Hemokinesis","Combust","Perfected Strike","Whirlwind","Flex","Reaper","Fire Breathing","Intimidate","Invigoration+1","Disarm+1","Iron Wave"],"relics":["Burning Blood","aspiration:Nostalgia","Cracked Core","Lizard Tail","Frozen Eye","halation:LettersToHer","Replay:Baseball","aspiration:DefectSkillbook","Simple Rune"],"acts_visited":["Exordium","TheCity"],"potions_floor_usage":[6,14,16,21],"damage_taken":[{"damage":1,"enemies":"Cultist","floor":1,"turns":3},{"damage":5,"enemies":"Small Slimes","floor":3,"turns":2},{"damage":11,"enemies":"Jaw Worm","floor":5,"turns":2},{"damage":6,"enemies":"Gremlin Nob","floor":6,"turns":3},{"damage":11,"enemies":"2 Fungi Beasts","floor":7,"turns":3},{"damage":26,"enemies":"3 Sentries","floor":11,"turns":4},{"damage":12,"enemies":"3 Louse","floor":12,"turns":2},{"damage":13,"enemies":"Exordium Thugs","floor":14,"turns":2},{"damage":58,"enemies":"Hexaghost","floor":16,"turns":8},{"damage":11,"enemies":"Shell Parasite","floor":18,"turns":3},{"damage":30,"enemies":"Spheric Guardian","floor":20,"turns":4},{"damage":23,"enemies":"Snake Plant","floor":21,"turns":3},{"damage":21,"enemies":"3 Cultists","floor":22,"turns":5},{"damage":10,"enemies":"Replay:Snechameleon","floor":23,"turns":5}],"seed_played":"4538888180535697226","potions_obtained":[{"floor":3,"key":"Dexterity Potion"},{"floor":5,"key":"Explosive Potion"},{"floor":11,"key":"GamblersBrew"},{"floor":12,"key":"DistilledChaos"},{"floor":20,"key":"infinitespire:BlackPotion"}],"is_trial":false,"path_per_floor":["M","?","M","?","M","E","M","$","T","?","E","M","?","M","R","B",null,"M","$","M","M","M","E"],"character_chosen":"IRONCLAD","items_purchased":["Frozen Eye","Simple Rune","Intimidate"],"campfire_rested":1,"item_purchase_floors":[8,19,19],"current_hp_per_floor":[80,80,80,80,75,75,70,70,70,80,60,54,54,47,71,19,80,75,75,53,42,33,27,27],"gold":65,"neow_bonus":"NOSTALGIA","is_daily":false,"chose_seed":false,"campfire_upgraded":0,"win_rate":0.0,"timestamp":1610493970,"path_taken":["M","?","M","?","M","E","?","$","T","?","E","M","?","M","R","BOSS","M","$","M","M","M","E"],"items_purchased_type":["Relic","Relic","Card"],"build_version":"2020-12-22","purchased_purges":0,"victory":false,"max_hp_per_floor":[80,80,80,80,80,80,80,80,80,80,80,80,80,80,80,80,80,80,80,80,80,80,80,80],"card_choices":[{"not_picked":["Sword Boomerang","Wild Strike"],"picked":"Rampage","floor":1},{"not_picked":["ReplayTheSpireMod:Strike From Hell","Sword Boomerang"],"picked":"Cleave","floor":3},{"not_picked":["Rupture","Reckless Charge"],"picked":"Sentinel","floor":5},{"not_picked":["Evolve","Clash"],"picked":"Hemokinesis","floor":6},{"not_picked":["Abandon","ReplayTheSpireMod:Stacked"],"picked":"Combust","floor":7},{"not_picked":["Headbutt","ReplayTheSpireMod:Muscle Training"],"picked":"Perfected Strike","floor":11},{"not_picked":["Havoc","Shrug It Off"],"picked":"Whirlwind","floor":12},{"not_picked":["Sentinel","Rage"],"picked":"Flex","floor":14},{"not_picked":["Immolate","Eclipse"],"picked":"Reaper","floor":16},{"not_picked":["Rebound","Panic Button","Wild Strike"],"picked":"Fire Breathing","floor":18},{"not_picked":["Stack","ReplayTheSpireMod:GoodbyeWorld","Barrage"],"picked":"Invigoration+1","floor":20},{"not_picked":["Hologram","Warcry","Pummel"],"picked":"Disarm+1","floor":21},{"not_picked":["Dark Embrace+1","Hologram","Beam Cell"],"picked":"Iron Wave","floor":22}],"player_experience":146337,"relics_obtained":[{"floor":6,"key":"Lizard Tail"},{"floor":9,"key":"halation:LettersToHer"},{"floor":11,"key":"Replay:Baseball"}],"event_choices":[{"damage_healed":0,"gold_gain":0,"player_choice":"Upgraded","damage_taken":0,"max_hp_gain":0,"max_hp_loss":0,"event_name":"Upgrade Shrine","floor":4,"gold_loss":0,"cards_upgraded":["Bash"]},{"damage_healed":20,"gold_gain":0,"player_choice":"Healed","damage_taken":0,"max_hp_gain":0,"max_hp_loss":0,"event_name":"The Cleric","floor":10,"gold_loss":35}],"is_beta":false,"boss_relics":[{"not_picked":["Coffee Dripper","Ring of Chaos"],"picked":"aspiration:DefectSkillbook"}],"items_purged_floors":[],"is_endless":false,"potions_floor_spawned":[3,5,11,12,20],"killed_by":"Replay:Snechameleon","ascension_level":0}}