{"host":"on8kfoejf6vp3cg3","time":1610426722,"event":{"mods":["AchievementEnabler","BaseMod","Better Match","Better Third Choice","Block Reminder","Colored Map","Colored Powertips","Disable Question Mark Monsters","Googly Eyes","Hermit","Highlight Path","Minty Spire (QoL Compilation)","Permanent Neow","Poor People Problems","Rare Cards Sparkle","Replay The Spire","StSLib","The Blackbeard","The Bladedancer","The Cursed"],"gold_per_floor":[113,133,133,143,163,163,193,193,193,38,38,38,38,56,56,153,153,135,147,147,147,87,87,87,87,139,139,94,94,94,107,107,206,206,219,229,249,249,262,262,262,262,262,291,291,291,291,48,48,48],"floor_reached":51,"playtime":3339,"items_purged":[],"score":1004,"play_id":"e1f72c0a-9b3a-4253-bd99-edbbcd56101b","local_time":"20210111234522","daily_mods":["Insanity","Vintage","Heirloom","Time Dilation","Flight"],"is_ascension_mode":true,"campfire_choices":[{"floor":6,"key":"REST"},{"floor":8,"key":"REST"},{"floor":11,"key":"REST"},{"floor":13,"key":"REST"},{"floor":15,"key":"REST"},{"floor":23,"key":"REST"},{"floor":24,"key":"REST"},{"data":"blademaster:Cut","floor":27,"key":"SMITH"},{"data":"blademaster:SharpBlades","floor":29,"key":"SMITH"},{"data":"blademaster:SharpBlades","floor":30,"key":"SMITH"},{"floor":32,"key":"REST"},{"floor":40,"key":"REST"},{"floor":41,"key":"REST"},{"floor":45,"key":"REST"},{"floor":46,"key":"REST"},{"floor":49,"key":"REST"}],"circlet_count":0,"master_deck":["AscendersBane","blademaster:AncestralHealing","blademaster:DaggerAndCloak","blademaster:DaggerAndCloak","blademaster:BloodyBlow","blademaster:SharpBlades+1","blademaster:SlyStabs","blademaster:SharpBlades+1","blademaster:DragonStrike","blademaster:Stability","blademaster:Cut+1","blademaster:DragonStrike","blademaster:Frontflip","blademaster:FuriousStrike","blademaster:AirSlash","blademaster:Sharpen","blademaster:Sunder","blademaster:Stability","blademaster:Thrust+1","blademaster:AwakeningStrike","blademaster:Momentum","blademaster:Discharge","blademaster:Sharpen","blademaster:SlyStabs","blademaster:Safeguard","blademaster:AwakeningStrike","blademaster:WindSlash","blademaster:ChargingUp","blademaster:LightningCrash","blademaster:Stability","blademaster:AwakeningStrike","blademaster:Flurry","blademaster:DaggerAndCloak","blademaster:Reversal","blademaster:Momentum","blademaster:Discharge","blademaster:AspectOfWind","blademaster:Stormstrike","blademaster:AspectOfLightning","blademaster:FuriousStrike","blademaster:AirSlash","blademaster:Bloodbath","blademaster:Slice","blademaster:Blockade+1","blademaster:DragonStrike+1","blademaster:Quickness+1","blademaster:Vortex","blademaster:ColdBlood+1","blademaster:KiBarrier","blademaster:ThunderSlash","blademaster:EyeOfTheStorm+1","blademaster:Flurry","blademaster:EnchantedCuirass+1","blademaster:ChargingUp","blademaster:RagingBlow","blademaster:FuryOfTheElements+1","blademaster:ThreePointStrike+1","blademaster:CloudOfSteel+1","blademaster:ChargingUp+1","blademaster:Flurry","blademaster:AwakeningDefend","Doubt","blademaster:Cut","blademaster:BrainBloom"],"relics":["Unceasing Top","Prayer Wheel","Centennial Puzzle","Chameleon Ring","Dream Catcher","Frozen Egg 2","Quantum Egg","PreservedInsect","Onion Ring","Whetstone","Replay:PocketPolymizer","Toy Ornithopter","InkBottle","Replay:Grab Bag","Fusion Hammer","Astrolabe","Sundial","Matryoshka","Pen Nib","Replay:Wax Seal","Darkstone Periapt"],"acts_visited":["Exordium","TheCity","TheBeyond"],"potions_floor_usage":[16,16,16,16,16,33,33,50,50,50],"damage_taken":[{"damage":7,"enemies":"Jaw Worm","floor":1,"turns":3},{"damage":6,"enemies":"2 Louse","floor":2,"turns":2},{"damage":7,"enemies":"Small Slimes","floor":4,"turns":4},{"damage":12,"enemies":"Blue Slaver","floor":5,"turns":4},{"damage":48,"enemies":"Replay:BlueRogue","floor":7,"turns":8},{"damage":11,"enemies":"Looter","floor":14,"turns":2},{"damage":1,"enemies":"Slime Boss","floor":16,"turns":8},{"damage":17,"enemies":"2 Thieves","floor":18,"turns":4},{"damage":10,"enemies":"Chosen","floor":19,"turns":4},{"damage":21,"enemies":"Snecko","floor":31,"turns":5},{"damage":87,"enemies":"Collector","floor":33,"turns":11},{"damage":19,"enemies":"Orb Walker","floor":35,"turns":3},{"damage":21,"enemies":"3 Darklings","floor":36,"turns":3},{"damage":0,"enemies":"Spire Growth","floor":37,"turns":3},{"damage":4,"enemies":"Writhing Mass","floor":39,"turns":5},{"damage":32,"enemies":"Giant Head","floor":44,"turns":8},{"damage":42,"enemies":"Donu and Deca","floor":50,"turns":5}],"seed_played":"8983035353817528686","potions_obtained":[{"floor":1,"key":"EntropicBrew"},{"floor":14,"key":"Dexterity Potion"},{"floor":19,"key":"Weak Potion"},{"floor":31,"key":"BlessingOfTheForge"},{"floor":35,"key":"Languid Potion"}],"is_trial":true,"path_per_floor":["M","M","$","M","M","R","E","R","T","$","R","$","R","M","R","B",null,"M","M","$","?","?","R","R","?","T","R","$","R","R","M","R","B",null,"M","M","M","?","M","R","R","$","T","E","R","R","?","$","R","B",null],"character_chosen":"THE_BLADEMASTER","items_purchased":["PreservedInsect","blademaster:Flurry","CultistPotion","Block Potion","Energy Potion","blademaster:Cut"],"campfire_rested":13,"item_purchase_floors":[10,28,48,48,48,48],"current_hp_per_floor":[61,55,55,48,36,58,10,32,32,32,54,54,75,64,75,74,75,58,48,48,48,48,70,75,75,75,75,75,75,75,54,75,38,66,53,38,44,44,46,68,75,75,75,49,71,75,81,81,81,45],"gold":48,"neow_bonus":"","is_daily":false,"chose_seed":false,"campfire_upgraded":3,"win_rate":0.0,"timestamp":1610426722,"path_taken":["M","M","$","M","M","R","E","R","T","$","R","$","R","M","R","BOSS","M","M","$","?","?","R","R","?","T","R","$","R","R","M","R","BOSS","M","M","M","?","M","R","R","$","T","E","R","R","?","$","R","BOSS"],"items_purchased_type":["Relic","Card","Potion","Potion","Potion","Card"],"build_version":"2020-12-22","purchased_purges":0,"victory":true,"max_hp_per_floor":[75,75,75,75,75,75,75,75,75,75,75,75,75,75,75,75,75,75,75,75,75,75,75,75,75,75,75,75,75,75,75,75,75,75,75,75,75,75,75,75,75,75,75,75,75,75,81,81,81,81],"card_choices":[{"not_picked":["blademaster:AspectOfLightning","blademaster:FuriousStrike"],"picked":"blademaster:Blockade+1","floor":6},{"not_picked":["blademaster:CombatPrep","blademaster:BloodyBlow"],"picked":"blademaster:DragonStrike","floor":7},{"not_picked":["blademaster:OneTrickPony+1","blademaster:SharpBlades+1"],"picked":"blademaster:Quickness+1","floor":8},{"not_picked":["blademaster:Frontflip","blademaster:Breeze"],"picked":"blademaster:Vortex","floor":11},{"not_picked":["blademaster:Empower","blademaster:Blindside"],"picked":"blademaster:ColdBlood+1","floor":16},{"not_picked":["blademaster:Blockade+1","blademaster:BladeMastery"],"picked":"blademaster:KiBarrier","floor":23},{"not_picked":["blademaster:SlyStabs","blademaster:Quickstep+1"],"picked":"blademaster:ThunderSlash","floor":24},{"not_picked":["blademaster:BladeDance+1","blademaster:StanceMastery+1"],"picked":"blademaster:RagingBlow","floor":33},{"not_picked":["blademaster:AncestralHealing","blademaster:Frontflip+1"],"picked":"blademaster:ChargingUp+1","floor":40},{"not_picked":["blademaster:ThunderSlash","blademaster:SlyStabs+1"],"picked":"blademaster:AwakeningDefend","floor":41},{"not_picked":["blademaster:Quickstep+1","blademaster:SlyStabs","blademaster:TraverseCut+1"],"picked":"SKIP","floor":44},{"not_picked":["blademaster:SlyStabs+1","blademaster:DaggerAndCloak"],"picked":"blademaster:BrainBloom","floor":49}],"player_experience":444087,"relics_obtained":[{"floor":1,"key":"Centennial Puzzle"},{"floor":1,"key":"blademaster:BleedingLaceratePerk"},{"floor":2,"key":"Chameleon Ring"},{"floor":2,"key":"blademaster:FuryEveryTurnPerk"},{"floor":4,"key":"Dream Catcher"},{"floor":4,"key":"blademaster:RandomStancePerk"},{"floor":5,"key":"Frozen Egg 2"},{"floor":5,"key":"blademaster:StrongPerk"},{"floor":7,"key":"blademaster:DextrousPerk"},{"floor":9,"key":"Quantum Egg"},{"floor":14,"key":"Onion Ring"},{"floor":14,"key":"blademaster:RandomBladePerk"},{"floor":18,"key":"Whetstone"},{"floor":18,"key":"blademaster:LightningChargePerk"},{"floor":19,"key":"Replay:PocketPolymizer"},{"floor":19,"key":"blademaster:BonusComboPerk"},{"floor":26,"key":"Toy Ornithopter"},{"floor":31,"key":"InkBottle"},{"floor":31,"key":"blademaster:StanceHealPerk"},{"floor":35,"key":"Sundial"},{"floor":35,"key":"blademaster:WindChargePerk"},{"floor":36,"key":"Matryoshka"},{"floor":36,"key":"blademaster:BonusFuryPerk"},{"floor":37,"key":"Pen Nib"},{"floor":37,"key":"blademaster:OnAttackedChargePerk"},{"floor":39,"key":"blademaster:ComboEveryTurnPerk"},{"floor":43,"key":"Replay:Wax Seal"},{"floor":44,"key":"Darkstone Periapt"},{"floor":44,"key":"blademaster:BleedingMoreDamagePerk"}],"event_choices":[{"damage_healed":0,"gold_gain":0,"player_choice":"Ignored","damage_taken":0,"max_hp_gain":0,"max_hp_loss":0,"event_name":"Cursed Tome","floor":21,"gold_loss":0},{"cards_removed":["blademaster:Thrust"],"damage_healed":0,"gold_gain":0,"player_choice":"Removed Attack","damage_taken":0,"max_hp_gain":0,"max_hp_loss":0,"event_name":"Falling","floor":38,"gold_loss":0},{"damage_healed":0,"gold_gain":0,"player_choice":"Heal","damage_taken":0,"max_hp_gain":0,"max_hp_loss":0,"event_name":"MindBloom","floor":47,"gold_loss":0,"cards_obtained":["Doubt"]}],"is_beta":false,"boss_relics":[{"not_picked":["Painkiller Herb","Replay:Bronze Core","Replay:Wanted Poster"]},{"not_picked":["ReplayTheSpireMod:DimensionalGlitch","Empty Cage"],"picked":"Replay:Grab Bag"},{"not_picked":["ReplayTheSpireMod:Onyx Gauntlets","Coffee Dripper"],"picked":"Fusion Hammer"},{"not_picked":["Kintsugi","Ring of Chaos"],"picked":"Astrolabe"}],"items_purged_floors":[],"is_endless":false,"potions_floor_spawned":[1,7,14,19,31,35],"ascension_level":10}}