{"host":"dztixnx9b0gu6w9i","time":1610482276,"event":{"mods":["BaseMod","Bestiary","Minty Spire (QoL Compilation)","Relic Stats","Slay the Relics Exporter","SpireBot","ojb\u0027s Better Paths Mod","ojb\u0027s Info Mod"],"gold_per_floor":[111,164,174,11,31,31,64,64,91,110,110,137,148,181,181,255,255,270,270,270,288,298,298,308,58,81,107,141,152,152,186,186,259,259,277,322,322,333,359,392,614,642,642,642,673,248,248,248,248,248,248,248,248,96,125,125,125],"floor_reached":56,"playtime":6448,"items_purged":["Strike_R","Regret"],"score":2128,"play_id":"c454cc70-52c9-40e6-b8d7-f58c26c3704a","local_time":"20210112151116","is_ascension_mode":true,"campfire_choices":[{"data":"Armaments","floor":6.0,"key":"SMITH"},{"data":"Infernal Blade","floor":11.0,"key":"SMITH"},{"data":"Bash","floor":15.0,"key":"SMITH"},{"floor":23.0,"key":"REST"},{"floor":30.0,"key":"RECALL"},{"floor":32.0,"key":"REST"},{"floor":44.0,"key":"REST"},{"floor":49.0,"key":"REST"},{"floor":53.0,"key":"REST"}],"circlet_count":0,"master_deck":["AscendersBane","Strike_R","Strike_R","Strike_R","Strike_R","Defend_R","Defend_R+1","Defend_R","Defend_R","Bash+1","Infernal Blade+1","Armaments+1","Disarm","Iron Wave","Evolve","Pommel Strike","Twin Strike","Exhume","Rage","RitualDagger","Shockwave","Shrug It Off+1","Battle Trance","Entrench","Sword Boomerang","Armaments+1","Pommel Strike+1","Heavy Blade+1","Reaper+1","Limit Break","Violence","PanicButton","Finesse","Heavy Blade+1","Twin Strike+1"],"relics":["Burning Blood","Potion Belt","Happy Flower","Strawberry","Bottled Tornado","Blood Vial","Fusion Hammer","Brimstone","Centennial Puzzle","Calipers","Red Mask","Bag of Marbles","Mark of Pain","CaptainsWheel","Oddly Smooth Stone","Molten Egg 2","Boot","Meat on the Bone","War Paint"],"acts_visited":["Exordium","TheCity","TheBeyond","TheEnding"],"potions_floor_usage":[56,56],"damage_taken":[{"damage":26.0,"enemies":"Jaw Worm","floor":1.0,"turns":5.0},{"damage":10.0,"enemies":"Small Slimes","floor":3.0,"turns":4.0},{"damage":3.0,"enemies":"2 Louse","floor":5.0,"turns":4.0},{"damage":8.0,"enemies":"Gremlin Nob","floor":7.0,"turns":3.0},{"damage":17.0,"enemies":"Lots of Slimes","floor":10.0,"turns":5.0},{"damage":10.0,"enemies":"3 Sentries","floor":12.0,"turns":6.0},{"damage":1.0,"enemies":"Looter","floor":13.0,"turns":3.0},{"damage":18.0,"enemies":"Lagavulin","floor":14.0,"turns":7.0},{"damage":28.0,"enemies":"Hexaghost","floor":16.0,"turns":11.0},{"damage":1.0,"enemies":"3 Byrds","floor":18.0,"turns":6.0},{"damage":0.0,"enemies":"Chosen","floor":21.0,"turns":5.0},{"damage":23.0,"enemies":"3 Cultists","floor":22.0,"turns":6.0},{"damage":18.0,"enemies":"Cultist and Chosen","floor":24.0,"turns":6.0},{"damage":22.0,"enemies":"Slavers","floor":27.0,"turns":3.0},{"damage":9.0,"enemies":"Masked Bandits","floor":28.0,"turns":4.0},{"damage":0.0,"enemies":"Snake Plant","floor":29.0,"turns":1.0},{"damage":0.0,"enemies":"Gremlin Leader","floor":31.0,"turns":5.0},{"damage":20.0,"enemies":"Champ","floor":33.0,"turns":9.0},{"damage":0.0,"enemies":"Orb Walker","floor":35.0,"turns":3.0},{"damage":18.0,"enemies":"2 Orb Walkers","floor":36.0,"turns":3.0},{"damage":0.0,"enemies":"3 Shapes","floor":38.0,"turns":5.0},{"damage":35.0,"enemies":"Nemesis","floor":40.0,"turns":7.0},{"damage":0.0,"enemies":"Giant Head","floor":42.0,"turns":4.0},{"damage":15.0,"enemies":"Nemesis","floor":45.0,"turns":6.0},{"damage":45.0,"enemies":"Donu and Deca","floor":50.0,"turns":6.0},{"damage":42.0,"enemies":"Time Eater","floor":51.0,"turns":7.0},{"damage":36.0,"enemies":"Shield and Spear","floor":55.0,"turns":6.0},{"damage":167,"enemies":"The Heart","floor":56,"turns":6}],"seed_played":"-6224392722512370004","potions_obtained":[{"floor":3.0,"key":"Strength Potion"},{"floor":7.0,"key":"FearPotion"},{"floor":12.0,"key":"Swift Potion"},{"floor":13.0,"key":"Swift Potion"},{"floor":16.0,"key":"SpeedPotion"},{"floor":22.0,"key":"SmokeBomb"},{"floor":24.0,"key":"Explosive Potion"},{"floor":28.0,"key":"Dexterity Potion"},{"floor":33.0,"key":"ElixirPotion"},{"floor":36.0,"key":"Weak Potion"},{"floor":42.0,"key":"FairyPotion"}],"is_trial":false,"path_per_floor":["M","?","M","$","M","R","E","?","T","M","R","E","M","E","R","B",null,"M","?","?","M","M","R","M","$","T","E","?","M","R","E","R","B",null,"M","?","?","M","T","E","?","E","T","R","E","$","?","?","R","B","B",null,"R","$","E","B"],"character_chosen":"IRONCLAD","items_purchased":["Armaments","Disarm","Swift Potion","Brimstone","LiquidBronze","Reaper+1","Limit Break","Twin Strike+1"],"campfire_rested":5,"item_purchase_floors":[4,4,4,25,25,46,46,54],"current_hp_per_floor":[48,48,44,44,47,47,45,45,52,41,41,37,42,30,30,10,64,71,65,65,73,58,82,70,70,70,56,55,63,63,71,82,68,79,82,70,58,66,66,39,39,47,47,71,64,64,54,54,78,82,62,77,82,82,76,0,0],"gold":125,"neow_bonus":"RANDOM_COMMON_RELIC","is_daily":false,"chose_seed":false,"campfire_upgraded":3,"win_rate":0.0,"timestamp":1610482276,"path_taken":["M","?","M","$","M","R","E","?","T","M","R","E","M","E","R","BOSS","M","?","?","M","?","R","M","$","T","E","?","M","R","E","R","BOSS","M","?","?","?","?","E","?","E","T","R","E","?","?","?","R","BOSS","BOSS","R","$","E","BOSS"],"items_purchased_type":["Card","Card","Potion","Relic","Potion","Card","Card","Card"],"build_version":"2020-12-22","purchased_purges":2,"victory":false,"max_hp_per_floor":[75,75,75,75,75,75,75,75,82,82,82,82,82,82,82,82,82,82,82,82,82,82,82,82,82,82,82,82,82,82,82,82,82,82,82,82,82,82,82,82,82,82,82,82,82,82,82,82,82,82,82,82,82,82,82,82,82],"relic_stats":{"Blood Vial":30,"Centennial Puzzle":[30],"Happy Flower":[43],"counters":[28,146],"War Paint":["Shrug It Off","Defend_R"],"Boot":[36],"obtain_stats":[{"Potion Belt":0,"Calipers":27,"Happy Flower":7,"Oddly Smooth Stone":39,"Bottled Tornado":12,"War Paint":55,"Boot":42,"Burning Blood":0,"Blood Vial":14,"Centennial Puzzle":26,"CaptainsWheel":36,"Brimstone":25,"Strawberry":9,"Molten Egg 2":40,"Fusion Hammer":17,"Mark of Pain":34,"Red Mask":28,"Bag of Marbles":31,"Meat on the Bone":45},{"Potion Belt":0,"Calipers":14,"Happy Flower":4,"Oddly Smooth Stone":21,"Bottled Tornado":6,"War Paint":27,"Boot":23,"Burning Blood":0,"Blood Vial":8,"Centennial Puzzle":13,"CaptainsWheel":20,"Brimstone":13,"Strawberry":4,"Molten Egg 2":22,"Fusion Hammer":9,"Mark of Pain":18,"Red Mask":15,"Bag of Marbles":17,"Meat on the Bone":24},{"Potion Belt":0,"Calipers":74,"Happy Flower":16,"Oddly Smooth Stone":104,"Bottled Tornado":27,"War Paint":140,"Boot":115,"Burning Blood":0,"Blood Vial":37,"Centennial Puzzle":71,"CaptainsWheel":99,"Brimstone":71,"Strawberry":16,"Molten Egg 2":111,"Fusion Hammer":48,"Mark of Pain":93,"Red Mask":78,"Bag of Marbles":84,"Meat on the Bone":121}],"Burning Blood":151,"Meat on the Bone":0},"card_choices":[{"not_picked":["True Grit","Warcry"],"picked":"Sever Soul","floor":1.0},{"not_picked":["Feel No Pain","True Grit"],"picked":"Infernal Blade","floor":3.0},{"not_picked":["Armaments","Heavy Blade"],"picked":"Iron Wave","floor":5.0},{"not_picked":["Carnage","Cleave"],"picked":"Evolve","floor":7.0},{"not_picked":["Second Wind","Cleave"],"picked":"Pommel Strike","floor":10.0},{"not_picked":["Headbutt","Limit Break"],"picked":"Twin Strike","floor":12.0},{"not_picked":["Fire Breathing","Warcry","Twin Strike"],"picked":"SKIP","floor":13.0},{"not_picked":["Fire Breathing","Warcry","Twin Strike"],"picked":"SKIP","floor":13.0},{"not_picked":["Fire Breathing","Warcry","Twin Strike"],"picked":"SKIP","floor":13.0},{"not_picked":["Searing Blow","Blood for Blood","Sword Boomerang"],"picked":"SKIP","floor":14.0},{"not_picked":["Double Tap","Bludgeon"],"picked":"Exhume","floor":16.0},{"not_picked":["True Grit","Second Wind"],"picked":"Rage","floor":18.0},{"not_picked":["Armaments","Body Slam"],"picked":"Shockwave","floor":21.0},{"not_picked":["Pommel Strike","Sever Soul"],"picked":"Shrug It Off","floor":22.0},{"not_picked":["Wild Strike","Hemokinesis","Metallicize"],"picked":"SKIP","floor":24.0},{"not_picked":["Wild Strike","Hemokinesis","Metallicize"],"picked":"SKIP","floor":24.0},{"not_picked":["Perfected Strike+1","Shrug It Off"],"picked":"Battle Trance","floor":27.0},{"not_picked":["Sever Soul","Body Slam+1","Wild Strike"],"picked":"SKIP","floor":29.0},{"not_picked":["Juggernaut","Flex"],"picked":"Entrench","floor":31.0},{"not_picked":["Flex+1","True Grit"],"picked":"Sword Boomerang","floor":35.0},{"not_picked":["Iron Wave+1","Inflame"],"picked":"Armaments+1","floor":36.0},{"not_picked":["Juggernaut","Pommel Strike","Armaments"],"picked":"SKIP","floor":38.0},{"not_picked":["Body Slam+1","Heavy Blade+1"],"picked":"Pommel Strike+1","floor":40.0},{"not_picked":["Clash+1","Havoc"],"picked":"Heavy Blade+1","floor":42.0},{"not_picked":["Anger+1","Dual Wield","Havoc"],"picked":"SKIP","floor":45.0},{"not_picked":["Anger+1","Dual Wield","Havoc"],"picked":"SKIP","floor":45.0},{"not_picked":["Apotheosis","Good Instincts"],"picked":"Violence","floor":47.0},{"not_picked":["Discovery","Sadistic Nature"],"picked":"PanicButton","floor":47.0},{"not_picked":["Sadistic Nature","Dramatic Entrance+1"],"picked":"Finesse","floor":47.0},{"not_picked":["Intimidate","Dark Embrace+1","Headbutt+1"],"picked":"SKIP","floor":55.0}],"player_experience":8096495,"relics_obtained":[{"floor":7.0,"key":"Happy Flower"},{"floor":9.0,"key":"Strawberry"},{"floor":12.0,"key":"Bottled Tornado"},{"floor":14.0,"key":"Blood Vial"},{"floor":26.0,"key":"Centennial Puzzle"},{"floor":27.0,"key":"Calipers"},{"floor":28.0,"key":"Red Mask"},{"floor":31.0,"key":"Bag of Marbles"},{"floor":36.0,"key":"CaptainsWheel"},{"floor":39.0,"key":"Oddly Smooth Stone"},{"floor":40.0,"key":"Molten Egg 2"},{"floor":42.0,"key":"Boot"},{"floor":45.0,"key":"Meat on the Bone"},{"floor":55.0,"key":"War Paint"}],"event_choices":[{"damage_healed":0.0,"max_hp_gain":0.0,"max_hp_loss":0.0,"gold_gain":53.0,"event_name":"Golden Wing","player_choice":"Gained Gold","floor":2.0,"gold_loss":0.0,"damage_taken":0.0},{"damage_healed":0.0,"max_hp_gain":0.0,"max_hp_loss":0.0,"gold_gain":0.0,"event_name":"Dead Adventurer","player_choice":"Searched \u00270\u0027 times","floor":8.0,"gold_loss":0.0,"damage_taken":0.0},{"damage_healed":0.0,"max_hp_gain":0.0,"max_hp_loss":0.0,"gold_gain":0.0,"event_name":"Nest","player_choice":"Joined the Cult","floor":19.0,"gold_loss":0.0,"damage_taken":6.0,"cards_obtained":["RitualDagger"]},{"cards_removed":["Sever Soul"],"damage_healed":0.0,"max_hp_gain":0.0,"max_hp_loss":0.0,"gold_gain":0.0,"event_name":"Purifier","player_choice":"Purged","floor":20.0,"gold_loss":0.0,"damage_taken":0.0},{"damage_healed":0.0,"max_hp_gain":0.0,"max_hp_loss":0.0,"gold_gain":0.0,"event_name":"Masked Bandits","player_choice":"Fought Bandits","floor":28.0,"gold_loss":0.0,"damage_taken":0.0},{"damage_healed":0.0,"max_hp_gain":0.0,"max_hp_loss":0.0,"gold_gain":0.0,"event_name":"Mysterious Sphere","player_choice":"Fight","floor":36.0,"gold_loss":0.0,"damage_taken":0.0},{"damage_healed":0.0,"max_hp_gain":0.0,"max_hp_loss":0.0,"gold_gain":0.0,"event_name":"Wheel of Change","player_choice":"Damaged","floor":37.0,"gold_loss":0.0,"damage_taken":12.0},{"damage_healed":0.0,"max_hp_gain":0.0,"max_hp_loss":0.0,"gold_gain":222.0,"event_name":"Tomb of Lord Red Mask","player_choice":"Wore Mask","floor":41.0,"gold_loss":0.0,"damage_taken":0.0},{"damage_healed":0.0,"max_hp_gain":0.0,"max_hp_loss":0.0,"gold_gain":0.0,"event_name":"SensoryStone","player_choice":"Memory 3","floor":47.0,"gold_loss":0.0,"damage_taken":10.0},{"damage_healed":0.0,"max_hp_gain":0.0,"max_hp_loss":0.0,"gold_gain":0.0,"event_name":"Match and Keep!","player_choice":"2 cards matched","floor":48.0,"gold_loss":0.0,"damage_taken":0.0,"cards_obtained":["Regret","Heavy Blade"]}],"is_beta":false,"boss_relics":[{"not_picked":["Runic Pyramid","Busted Crown"],"picked":"Fusion Hammer"},{"not_picked":["Tiny House","Empty Cage"],"picked":"Mark of Pain"}],"items_purged_floors":[46,54],"is_endless":false,"potions_floor_spawned":[3,7,12,13,16,22,24,28,33,36,42,45],"killed_by":"The Heart","ascension_level":20}}