{"host":"sav7uxregyirlf69","time":1610462325,"event":{"mods":["AchievementEnabler","BaseMod","Colored Map","DeckTracker","Keyboard Shortcuts","Minty Spire (QoL Compilation)","READ ME - Guardian Mod","StSLib","SuperFastMode"],"gold_per_floor":[111,111,111,111,126,170,183,207,257,275,200,214,214,227,227,227,227],"floor_reached":16,"playtime":262,"items_purged":[],"score":258,"play_id":"3b38164f-2685-4b5a-9270-8327decd1831","local_time":"20210112233845","is_ascension_mode":true,"campfire_choices":[{"data":"Tactician","floor":13,"key":"SMITH"},{"data":"Adrenaline","floor":15,"key":"SMITH"}],"circlet_count":0,"master_deck":["AscendersBane","Strike_G","Strike_G+1","Strike_G","Strike_G","Defend_G","Defend_G+1","Defend_G","Defend_G","Defend_G","Survivor","Neutralize","Dagger Spray+1","Flying Knee","Adrenaline+1","Crippling Poison","Dagger Throw","Tactician+1"],"relics":["Ring of the Snake","NeowsBlessing","Golden Idol","Blue Candle","Bag of Preparation"],"acts_visited":["Exordium"],"potions_floor_usage":[12],"damage_taken":[{"damage":0,"enemies":"2 Louse","floor":1,"turns":1},{"damage":0,"enemies":"Small Slimes","floor":5,"turns":1},{"damage":0,"enemies":"Gremlin Nob","floor":6,"turns":1},{"damage":1,"enemies":"Jaw Worm","floor":7,"turns":2},{"damage":1,"enemies":"Exordium Wildlife","floor":8,"turns":3},{"damage":14,"enemies":"Large Slime","floor":10,"turns":6},{"damage":0,"enemies":"2 Fungi Beasts","floor":12,"turns":4},{"damage":0,"enemies":"Lots of Slimes","floor":14,"turns":2},{"damage":38,"enemies":"Slime Boss","floor":16,"turns":5}],"seed_played":"9185851008004735191","potions_obtained":[{"floor":5,"key":"EssenceOfSteel"},{"floor":6,"key":"Regen Potion"},{"floor":10,"key":"Regen Potion"}],"is_trial":false,"path_per_floor":["M","?","?","?","M","E","M","M","T","M","?","M","R","M","R","B"],"character_chosen":"THE_SILENT","items_purchased":[],"campfire_rested":0,"item_purchase_floors":[],"current_hp_per_floor":[59,59,59,41,41,41,40,39,39,25,25,39,39,39,39,1,1],"gold":227,"neow_bonus":"THREE_ENEMY_KILL","is_daily":false,"chose_seed":false,"campfire_upgraded":2,"win_rate":0.0,"timestamp":1610462325,"path_taken":["M","?","?","?","M","E","M","M","T","?","?","M","R","M","R","BOSS"],"items_purchased_type":[],"build_version":"2020-12-22","purchased_purges":0,"victory":false,"max_hp_per_floor":[66,66,60,60,60,60,60,60,60,60,60,60,60,60,60,60,60],"card_choices":[{"not_picked":["Outmaneuver","Setup"],"picked":"Dagger Spray","floor":1},{"not_picked":["Deflect","Slice"],"picked":"Flying Knee","floor":5},{"not_picked":["Masterful Stab","Die Die Die"],"picked":"Adrenaline","floor":6},{"not_picked":["Acrobatics","Backflip"],"picked":"Crippling Poison","floor":7},{"not_picked":["Blur","Slice"],"picked":"Dagger Throw","floor":8},{"not_picked":["Cloak And Dagger","Choke"],"picked":"Tactician","floor":10},{"not_picked":["Outmaneuver","Slice","Poisoned Stab"],"picked":"SKIP","floor":12},{"not_picked":["Deflect","Crippling Poison","Riddle With Holes"],"picked":"SKIP","floor":14}],"player_experience":1266340,"relics_obtained":[{"floor":6,"key":"Blue Candle"},{"floor":9,"key":"Bag of Preparation"}],"event_choices":[{"damage_healed":0,"gold_gain":0,"player_choice":"Grow","damage_taken":0,"max_hp_gain":0,"max_hp_loss":0,"event_name":"Living Wall","floor":2,"gold_loss":0,"cards_upgraded":["Dagger Spray"]},{"damage_healed":0,"gold_gain":0,"player_choice":"Lose Max HP","damage_taken":0,"relics_obtained":["Golden Idol"],"max_hp_gain":0,"max_hp_loss":6,"event_name":"Golden Idol","floor":3,"gold_loss":0},{"damage_healed":0,"gold_gain":0,"player_choice":"Entered Light","damage_taken":18,"max_hp_gain":0,"max_hp_loss":0,"event_name":"Shining Light","floor":4,"gold_loss":0,"cards_upgraded":["Defend_G","Strike_G"]},{"cards_removed":["Strike_G"],"damage_healed":0,"gold_gain":0,"player_choice":"Card Removal","damage_taken":0,"max_hp_gain":0,"max_hp_loss":0,"event_name":"The Cleric","floor":11,"gold_loss":75}],"is_beta":false,"boss_relics":[],"items_purged_floors":[],"is_endless":false,"potions_floor_spawned":[5,6,8,10],"killed_by":"Slime Boss","ascension_level":20}}