{"host":"f0gpob8hq9vgebej","time":1610432575,"event":{"mods":["AchievementEnabler","BaseMod","Minty Spire (QoL Compilation)","Quick Restart","SuperFastMode"],"gold_per_floor":[113,123,140,159,179,179,206,206,258,258,273,273,273],"floor_reached":12,"playtime":352,"items_purged":[],"score":90,"play_id":"78a09e49-1cbd-4558-87b2-475ea3bb3861","local_time":"20210112152255","is_ascension_mode":true,"campfire_choices":[{"data":"Echo Form","floor":6,"key":"SMITH"},{"floor":8,"key":"REST"}],"circlet_count":0,"master_deck":["Strike_B","Strike_B","Strike_B","Defend_B","Defend_B","Defend_B","Defend_B","Zap","Dualcast","Echo Form+1","Ball Lightning","Static Discharge","BootSequence","White Noise","White Noise"],"relics":["Cracked Core","Shuriken","Omamori"],"acts_visited":[],"potions_floor_usage":[12],"damage_taken":[{"damage":7,"enemies":"Jaw Worm","floor":1,"turns":3},{"damage":4,"enemies":"Small Slimes","floor":2,"turns":4},{"damage":6,"enemies":"Cultist","floor":3,"turns":3},{"damage":36,"enemies":"Exordium Thugs","floor":4,"turns":4},{"damage":12,"enemies":"2 Fungi Beasts","floor":5,"turns":3},{"damage":3,"enemies":"Gremlin Nob","floor":7,"turns":3},{"damage":14,"enemies":"Exordium Wildlife","floor":11,"turns":4},{"damage":13,"enemies":"3 Sentries","floor":12,"turns":4}],"seed_played":"5800216364784360284","potions_obtained":[{"floor":1,"key":"LiquidBronze"},{"floor":2,"key":"SteroidPotion"},{"floor":5,"key":"Strength Potion"},{"floor":7,"key":"ColorlessPotion"}],"is_trial":false,"path_per_floor":["M","M","M","M","M","R","E","R","T","?","M","E"],"character_chosen":"DEFECT","items_purchased":[],"campfire_rested":1,"item_purchase_floors":[],"current_hp_per_floor":[68,64,58,22,10,10,7,29,29,29,15,2,2],"gold":273,"neow_bonus":"ONE_RANDOM_RARE_CARD","is_daily":false,"chose_seed":false,"campfire_upgraded":1,"win_rate":0.0,"timestamp":1610432575,"path_taken":["M","M","M","M","M","R","E","R","T","?","M","E"],"items_purchased_type":[],"build_version":"2020-12-22","purchased_purges":0,"victory":false,"max_hp_per_floor":[75,75,75,75,75,75,75,75,75,75,75,75,75],"card_choices":[{"not_picked":["Reprogram","Compile Driver","Hologram"],"picked":"SKIP","floor":1},{"not_picked":["Steam","Leap","Fusion"],"picked":"SKIP","floor":2},{"not_picked":["Go for the Eyes","Reprogram"],"picked":"Ball Lightning","floor":3},{"not_picked":["Scrape","Consume"],"picked":"Static Discharge","floor":4},{"not_picked":["Redo","Ball Lightning"],"picked":"BootSequence","floor":5},{"not_picked":["Compile Driver","Static Discharge"],"picked":"White Noise","floor":7},{"not_picked":["Leap","Streamline"],"picked":"White Noise","floor":11}],"player_experience":142182,"relics_obtained":[{"floor":7,"key":"Shuriken"},{"floor":9,"key":"Omamori"}],"event_choices":[{"cards_removed":["Strike_B"],"damage_healed":0,"gold_gain":0,"player_choice":"Forget","damage_taken":0,"max_hp_gain":0,"max_hp_loss":0,"event_name":"Living Wall","floor":10,"gold_loss":0}],"is_beta":false,"boss_relics":[],"items_purged_floors":[],"is_endless":false,"potions_floor_spawned":[1,2,5,7],"killed_by":"3 Sentries","ascension_level":2}}