{"host":"i0avyit1s6jb1siw","time":1610453299,"event":{"mods":["BaseMod","DeckTracker","Dota2Spire","Highlight Path","Minty Spire (QoL Compilation)","Quick Restart","StSLib","SuperFastMode"],"gold_per_floor":[110,110,127,52,52,80,111,129,129,146,156,181,196,215,215,289,289,304,304,304,304,219,252,264,264,264,290,390,390,420,453,453,532,532,545,545,570,580,592,624,624,672,672,672,730,741,790,851,851,881,941,941,941,490,555,555,555],"floor_reached":56,"playtime":1422,"items_purged":["Strike_G","Strike_G+1"],"score":2445,"play_id":"ea7eb880-7a4a-4640-a039-299db67981b6","local_time":"20210112130819","is_ascension_mode":true,"campfire_choices":[{"data":"Terror","floor":15.0,"key":"SMITH"},{"data":"Phantasmal Killer","floor":25.0,"key":"SMITH"},{"data":"Accuracy","floor":29.0,"key":"SMITH"},{"data":"Finisher","floor":32.0,"key":"SMITH"},{"data":"Wraith Form v2","floor":41.0,"key":"SMITH"},{"floor":44.0,"key":"RECALL"},{"data":"Tactician","floor":49.0,"key":"SMITH"},{"floor":53.0,"key":"REST"}],"circlet_count":0,"master_deck":["AscendersBane","Strike_G+1","Defend_G+1","Defend_G+1","Defend_G+1","Defend_G+1","Survivor","Neutralize+1","Dagger Spray","Masterful Stab","Cloak And Dagger+1","Glass Knife","Blade Dance+1","Flechettes","PiercingWail","Quick Slash","Terror+1","Burst","Phantasmal Killer+1","Prepared+1","Sucker Punch+1","All Out Attack+1","Accuracy+1","Backstab","Footwork+1","Cloak And Dagger","Finisher+1","Wraith Form v2+1","Blade Dance","Reflex+1","Tactician+1","Escape Plan","Deflect+1","Cloak And Dagger+1","Cloak And Dagger+1"],"relics":["Ring of the Snake","NeowsBlessing","Dota2Spire:MonkeyKingBar","WingedGreaves","Dota2Spire:OctarineCore","Bird Faced Urn","CaptainsWheel","Astrolabe","MutagenicStrength","War Paint","Dota2Spire:CrimsonGuard","Kunai","Snake Skull","Tingsha","White Beast Statue","Dota2Spire:ShadowBlade","Dota2Spire:EchoSabre","Runic Pyramid","Dota2Spire:Mjollnir","Dota2Spire:HandOfMidas","Blue Candle","Toxic Egg 2","Calipers","Akabeko"],"acts_visited":["Exordium","TheCity","TheBeyond","TheEnding"],"potions_floor_usage":[56],"damage_taken":[{"damage":0.0,"enemies":"Cultist","floor":1.0,"turns":1.0},{"damage":0.0,"enemies":"Jaw Worm","floor":3.0,"turns":1.0},{"damage":0.0,"enemies":"Lagavulin","floor":6.0,"turns":1.0},{"damage":16.0,"enemies":"3 Sentries","floor":7.0,"turns":7.0},{"damage":0.0,"enemies":"Small Slimes","floor":8.0,"turns":2.0},{"damage":0.0,"enemies":"3 Louse","floor":10.0,"turns":1.0},{"damage":0.0,"enemies":"Exordium Wildlife","floor":11.0,"turns":1.0},{"damage":3.0,"enemies":"Gremlin Nob","floor":12.0,"turns":3.0},{"damage":0.0,"enemies":"Looter","floor":13.0,"turns":1.0},{"damage":0.0,"enemies":"Large Slime","floor":14.0,"turns":1.0},{"damage":0.0,"enemies":"Hexaghost","floor":16.0,"turns":5.0},{"damage":0.0,"enemies":"3 Byrds","floor":18.0,"turns":3.0},{"damage":0.0,"enemies":"Gremlin Leader","floor":23.0,"turns":3.0},{"damage":0.0,"enemies":"Spheric Guardian","floor":24.0,"turns":2.0},{"damage":2.0,"enemies":"Book of Stabbing","floor":27.0,"turns":4.0},{"damage":0.0,"enemies":"Colosseum Slavers","floor":28.0,"turns":2.0},{"damage":0.0,"enemies":"Colosseum Nobs","floor":28.0,"turns":2.0},{"damage":0.0,"enemies":"Slavers","floor":30.0,"turns":2.0},{"damage":20.0,"enemies":"Gremlin Leader","floor":31.0,"turns":4.0},{"damage":6.0,"enemies":"Automaton","floor":33.0,"turns":6.0},{"damage":0.0,"enemies":"3 Shapes","floor":35.0,"turns":1.0},{"damage":0.0,"enemies":"Mind Bloom Boss Battle","floor":37.0,"turns":4.0},{"damage":0.0,"enemies":"Orb Walker","floor":38.0,"turns":1.0},{"damage":0.0,"enemies":"3 Darklings","floor":39.0,"turns":1.0},{"damage":0.0,"enemies":"Reptomancer","floor":40.0,"turns":2.0},{"damage":0.0,"enemies":"Sphere and 2 Shapes","floor":42.0,"turns":3.0},{"damage":0.0,"enemies":"Giant Head","floor":45.0,"turns":5.0},{"damage":0.0,"enemies":"Spire Growth","floor":46.0,"turns":2.0},{"damage":2.0,"enemies":"4 Shapes","floor":47.0,"turns":6.0},{"damage":8.0,"enemies":"Nemesis","floor":48.0,"turns":5.0},{"damage":56.0,"enemies":"Donu and Deca","floor":50.0,"turns":8.0},{"damage":13.0,"enemies":"Awakened One","floor":51.0,"turns":11.0},{"damage":51.0,"enemies":"Shield and Spear","floor":55.0,"turns":6.0},{"damage":35,"enemies":"The Heart","floor":56,"turns":5}],"seed_played":"-7549691417114289279","potions_obtained":[{"floor":3.0,"key":"EssenceOfSteel"},{"floor":7.0,"key":"Weak Potion"},{"floor":11.0,"key":"PowerPotion"},{"floor":16.0,"key":"Fruit Juice"},{"floor":24.0,"key":"Dota2Spire:HealingSalve"},{"floor":35.0,"key":"Energy Potion"},{"floor":42.0,"key":"LiquidMemories"},{"floor":55.0,"key":"SmokeBomb"}],"is_trial":false,"path_per_floor":["M","?","M","$","?","E","E","M","T","M","M","E","M","M","R","B",null,"M","?","?","?","?","E","M","R","T","E","?","R","E","E","R","B",null,"M","?","?","M","M","E","R","M","T","R","E","M","M","E","R","B","B",null,"R","$","E","B"],"character_chosen":"THE_SILENT","items_purchased":["Calipers","Cloak And Dagger+1"],"campfire_rested":1,"item_purchase_floors":[54,54],"current_hp_per_floor":[59,41,41,41,41,41,25,25,25,25,25,22,22,22,22,22,55,55,55,55,55,55,55,60,60,60,60,62,62,62,44,44,42,64,64,54,58,58,58,62,62,66,66,66,70,71,71,65,65,15,8,55,71,71,26,0,0],"gold":555,"neow_bonus":"THREE_ENEMY_KILL","is_daily":false,"chose_seed":false,"campfire_upgraded":6,"win_rate":0.0,"timestamp":1610453299,"path_taken":["M","?","M","$","?","E","E","?","T","M","M","E","M","M","R","BOSS","M","?","?","?","?","E","M","R","T","E","?","R","E","E","R","BOSS","M","?","?","M","M","E","R","M","T","R","E","M","M","E","R","BOSS","BOSS","R","$","E","BOSS"],"items_purchased_type":["Relic","Card"],"build_version":"2020-12-22","purchased_purges":2,"victory":false,"max_hp_per_floor":[66,66,66,66,66,66,66,66,66,66,66,66,66,66,66,66,66,66,66,66,66,66,66,71,71,71,71,71,71,71,71,71,71,71,71,71,71,71,71,71,71,71,71,71,71,71,71,71,71,71,71,71,71,71,71,71,71],"card_choices":[{"not_picked":["Deflect","Riddle With Holes"],"picked":"Dagger Spray","floor":1.0},{"not_picked":["Infinite Blades","Flechettes"],"picked":"Masterful Stab","floor":3.0},{"not_picked":["Reflex","Prepared"],"picked":"Cloak And Dagger","floor":6.0},{"not_picked":["Poisoned Stab","Flying Knee"],"picked":"Glass Knife","floor":7.0},{"not_picked":["Catalyst","Flechettes"],"picked":"Blade Dance","floor":8.0},{"not_picked":["Deflect","Bane"],"picked":"Flechettes","floor":10.0},{"not_picked":["Underhanded Strike","Prepared"],"picked":"PiercingWail","floor":11.0},{"not_picked":["Prepared","Masterful Stab"],"picked":"Quick Slash","floor":12.0},{"not_picked":["Setup","Cloak And Dagger"],"picked":"Terror","floor":13.0},{"not_picked":["Tactician","Infinite Blades"],"picked":"Burst","floor":14.0},{"not_picked":["Glass Knife","Die Die Die"],"picked":"Phantasmal Killer","floor":16.0},{"not_picked":["Setup","Acrobatics","Noxious Fumes"],"picked":"SKIP","floor":18.0},{"not_picked":["Cloak And Dagger","Well Laid Plans"],"picked":"Accuracy","floor":23.0},{"not_picked":["Deadly Poison","Well Laid Plans"],"picked":"Backstab","floor":24.0},{"not_picked":["Dodge and Roll","Well Laid Plans"],"picked":"Footwork+1","floor":27.0},{"not_picked":["Underhanded Strike","Bouncing Flask"],"picked":"Cloak And Dagger","floor":30.0},{"not_picked":["Well Laid Plans","Cloak And Dagger"],"picked":"Finisher","floor":31.0},{"not_picked":["Footwork+1","Heel Hook","Outmaneuver"],"picked":"SKIP","floor":35.0},{"not_picked":["Sucker Punch","Skewer+1"],"picked":"Wraith Form v2","floor":38.0},{"not_picked":["Backflip","Poisoned Stab"],"picked":"Blade Dance","floor":39.0},{"not_picked":["Tools of the Trade","Dagger Throw","Bane"],"picked":"SKIP","floor":40.0},{"not_picked":["All Out Attack+1","Dagger Spray+1"],"picked":"Reflex+1","floor":42.0},{"not_picked":["Bane+1","Backflip+1"],"picked":"Tactician","floor":45.0},{"not_picked":["Prepared","Well Laid Plans","Caltrops+1"],"picked":"SKIP","floor":46.0},{"not_picked":["Slice","Bane+1"],"picked":"Escape Plan","floor":47.0},{"not_picked":["Deadly Poison+1","Slice"],"picked":"Deflect+1","floor":48.0},{"not_picked":["Noxious Fumes","Phantasmal Killer+1"],"picked":"Cloak And Dagger+1","floor":55.0}],"player_experience":2214829,"relics_obtained":[{"floor":6.0,"key":"WingedGreaves"},{"floor":7.0,"key":"Dota2Spire:OctarineCore"},{"floor":9.0,"key":"Bird Faced Urn"},{"floor":12.0,"key":"CaptainsWheel"},{"floor":23.0,"key":"Dota2Spire:CrimsonGuard"},{"floor":26.0,"key":"Kunai"},{"floor":27.0,"key":"Snake Skull"},{"floor":28.0,"key":"Tingsha"},{"floor":28.0,"key":"White Beast Statue"},{"floor":30.0,"key":"Dota2Spire:ShadowBlade"},{"floor":31.0,"key":"Dota2Spire:EchoSabre"},{"floor":37.0,"key":"Dota2Spire:Mjollnir"},{"floor":40.0,"key":"Dota2Spire:HandOfMidas"},{"floor":45.0,"key":"Blue Candle"},{"floor":48.0,"key":"Toxic Egg 2"},{"floor":55.0,"key":"Akabeko"}],"event_choices":[{"damage_healed":0.0,"max_hp_gain":0.0,"max_hp_loss":0.0,"gold_gain":0.0,"event_name":"Scrap Ooze","player_choice":"Success","floor":2.0,"gold_loss":0.0,"damage_taken":18.0,"relics_obtained":["Dota2Spire:MonkeyKingBar"]},{"damage_healed":0.0,"max_hp_gain":0.0,"max_hp_loss":0.0,"gold_gain":0.0,"event_name":"Accursed Blacksmith","player_choice":"Forge","floor":5.0,"gold_loss":0.0,"damage_taken":0.0,"cards_upgraded":["Neutralize"]},{"damage_healed":0.0,"max_hp_gain":0.0,"max_hp_loss":0.0,"gold_gain":0.0,"event_name":"Drug Dealer","player_choice":"Inject Mutagens","floor":19.0,"gold_loss":0.0,"damage_taken":0.0,"relics_obtained":["MutagenicStrength"]},{"damage_healed":0.0,"max_hp_gain":0.0,"max_hp_loss":0.0,"gold_gain":0.0,"event_name":"Back to Basics","player_choice":"Simplicity","floor":20.0,"gold_loss":0.0,"damage_taken":0.0,"cards_upgraded":["Strike_G","Strike_G","Defend_G","Defend_G","Defend_G","Defend_G"]},{"damage_healed":0.0,"max_hp_gain":0.0,"max_hp_loss":0.0,"gold_gain":0.0,"event_name":"The Mausoleum","player_choice":"Ignored","floor":21.0,"gold_loss":0.0,"damage_taken":0.0},{"damage_healed":0.0,"max_hp_gain":0.0,"max_hp_loss":0.0,"gold_gain":0.0,"event_name":"Addict","player_choice":"Obtained Relic","floor":22.0,"gold_loss":85.0,"damage_taken":0.0,"relics_obtained":["War Paint"]},{"damage_healed":0.0,"max_hp_gain":0.0,"max_hp_loss":0.0,"gold_gain":0.0,"event_name":"Colosseum","player_choice":"Fight","floor":28.0,"gold_loss":0.0,"damage_taken":0.0},{"damage_healed":0.0,"max_hp_gain":0.0,"max_hp_loss":0.0,"gold_gain":0.0,"event_name":"Colosseum","player_choice":"Fought Nobs","floor":28.0,"gold_loss":0.0,"damage_taken":0.0},{"damage_healed":0.0,"max_hp_gain":0.0,"max_hp_loss":0.0,"gold_gain":0.0,"event_name":"SensoryStone","player_choice":"Memory 3","floor":36.0,"gold_loss":0.0,"damage_taken":10.0},{"damage_healed":0.0,"max_hp_gain":0.0,"max_hp_loss":0.0,"gold_gain":0.0,"event_name":"MindBloom","player_choice":"Fight","floor":37.0,"gold_loss":0.0,"damage_taken":0.0}],"is_beta":false,"boss_relics":[{"not_picked":["Dota2Spire:RefresherOrb","Ring of the Serpent"],"picked":"Astrolabe"},{"not_picked":["Philosopher\u0027s Stone","Runic Dome"],"picked":"Runic Pyramid"}],"items_purged_floors":[4,54],"is_endless":false,"potions_floor_spawned":[3,7,11,16,24,27,28,28,30,31,33,35,37,38,39,40,42,45,46,47,48,55],"killed_by":"The Heart","ascension_level":20}}