{"host":"ldbx2jhnvtia1ouf","time":1610474869,"event":{"mods":["BaseMod","Better Note","Better Sensory Stone","Better Skull","Better Third Choice","Block Reminder","Colored Map","Colored Powertips","Curses Come First","Highlight Path","Minty Spire (QoL Compilation)","Permanent Neow","Spicy Shops","StSLib","Transform Curses","Unceasing Turn Reminder"],"gold_per_floor":[109,126,126,301,301,345,370,370,370,389,404,425,42,77,77,201,201,216,234,234,257,6,6,46,70,70,70,114,114,141,66,66,186,186,200,215,233,246,48,63,63,0,0,63,101,116,116,34,34,34,34,34,34,65,65],"floor_reached":56,"playtime":4236,"items_purged":["Strike_G","Strike_G","Well Laid Plans"],"score":1202,"play_id":"00411fc1-ea53-42ea-9482-381d1fd8bd73","local_time":"20210113040749","is_ascension_mode":false,"campfire_choices":[{"floor":8,"key":"REST"},{"floor":15,"key":"RECALL"},{"data":"Venomology","floor":23,"key":"SMITH"},{"data":"Night Terror","floor":29,"key":"SMITH"},{"floor":32,"key":"REST"},{"data":"Deadly Poison","floor":41,"key":"SMITH"},{"floor":47,"key":"REST"},{"floor":49,"key":"REST"},{"data":"Bane","floor":52,"key":"SMITH"}],"circlet_count":0,"master_deck":["Defend_G","Defend_G","Defend_G","Survivor","Neutralize","Prepared+1","Deadly Poison+1","Crippling Poison+1","PiercingWail","Crippling Poison","Leg Sweep","Die Die Die","Deadly Poison+1","Venomology+1","CurseOfTheBell","Bane+1","Dash","Flying Knee","Bullet Time+1","Night Terror+1","Night Terror","Footwork+1","Poisoned Stab+1","Parasite","Finisher","Prepared+1","Heel Hook+1","Footwork+1","Caltrops+1","Caltrops+1"],"relics":["Astrolabe","Golden Idol","TungstenRod","Mercury Hourglass","Lee\u0027s Waffle","Blood Vial","Frozen Egg 2","Calling Bell","Ancient Tea Set","HornCleat","Mango","Snake Skull","Gambling Chip","Oddly Smooth Stone","Art of War","Runic Pyramid","Red Mask","Toy Ornithopter","Bird Faced Urn","InkBottle","Blue Candle"],"acts_visited":["Exordium","TheCity","TheBeyond","TheEnding"],"potions_floor_usage":[14,16,16,16,18,19,19,21,24,24,25,25,28,28,28,33,36,37,38,38,38,40,44,44,45,46,50,50,55,55,55,55],"damage_taken":[{"damage":0,"enemies":"Jaw Worm","floor":1,"turns":4},{"damage":3,"enemies":"2 Louse","floor":2,"turns":2},{"damage":16,"enemies":"3 Sentries","floor":6,"turns":14},{"damage":0,"enemies":"Cultist","floor":7,"turns":5},{"damage":3,"enemies":"3 Louse","floor":10,"turns":3},{"damage":3,"enemies":"2 Fungi Beasts","floor":11,"turns":4},{"damage":0,"enemies":"Blue Slaver","floor":12,"turns":5},{"damage":17,"enemies":"Gremlin Nob","floor":14,"turns":5},{"damage":9,"enemies":"The Guardian","floor":16,"turns":8},{"damage":0,"enemies":"3 Byrds","floor":18,"turns":3},{"damage":12,"enemies":"Shell Parasite","floor":19,"turns":5},{"damage":5,"enemies":"Chosen and Byrds","floor":21,"turns":7},{"damage":3,"enemies":"Slavers","floor":24,"turns":3},{"damage":1,"enemies":"Cultist and Chosen","floor":25,"turns":6},{"damage":4,"enemies":"Gremlin Leader","floor":28,"turns":7},{"damage":22,"enemies":"Collector","floor":33,"turns":6},{"damage":4,"enemies":"Orb Walker","floor":35,"turns":4},{"damage":0,"enemies":"3 Shapes","floor":36,"turns":4},{"damage":0,"enemies":"Transient","floor":37,"turns":5},{"damage":0,"enemies":"Maw","floor":38,"turns":7},{"damage":23,"enemies":"Writhing Mass","floor":40,"turns":4},{"damage":26,"enemies":"2 Orb Walkers","floor":44,"turns":6},{"damage":71,"enemies":"Reptomancer","floor":45,"turns":6},{"damage":0,"enemies":"3 Darklings","floor":46,"turns":4},{"damage":65,"enemies":"Donu and Deca","floor":50,"turns":11},{"damage":30,"enemies":"Shield and Spear","floor":54,"turns":7},{"damage":53,"enemies":"The Heart","floor":55,"turns":8}],"seed_played":"-6630824884599203295","potions_obtained":[{"floor":2,"key":"DuplicationPotion"},{"floor":11,"key":"EntropicBrew"},{"floor":12,"key":"SkillPotion"},{"floor":16,"key":"Dexterity Potion"},{"floor":18,"key":"Fire Potion"},{"floor":19,"key":"Energy Potion"},{"floor":24,"key":"EssenceOfSteel"},{"floor":25,"key":"Strength Potion"},{"floor":35,"key":"FearPotion"},{"floor":40,"key":"SteroidPotion"},{"floor":46,"key":"FearPotion"},{"floor":54,"key":"Block Potion"}],"is_trial":false,"path_per_floor":["M","M","?","?","?","E","M","R","T","M","M","M","$","E","R","B",null,"M","M","?","M","$","R","E","M","T","?","E","R","T","?","R","B",null,"M","M","M","M","$","M","R","?","T","?","E","M","R","$","R","B",null,"R","$","E","B",null],"character_chosen":"THE_SILENT","items_purchased":["Lee\u0027s Waffle","Blood Vial","Snake Skull","LiquidBronze","Caltrops+1"],"campfire_rested":4,"item_purchase_floors":[13,13,22,39,48],"current_hp_per_floor":[70,67,50,50,50,34,34,55,55,52,49,49,77,60,60,53,91,91,79,79,76,76,76,75,76,76,76,74,74,74,74,91,69,91,87,89,91,91,91,68,68,68,68,54,27,36,63,63,90,41,91,91,91,67,43],"gold":65,"neow_bonus":"BOSS_RELIC","is_daily":false,"chose_seed":false,"campfire_upgraded":4,"win_rate":0.0,"timestamp":1610474869,"path_taken":["M","M","?","?","?","E","?","R","T","M","M","M","$","E","R","BOSS","M","M","?","M","$","R","E","M","T","?","E","R","?","?","R","BOSS","M","M","M","M","$","M","R","?","T","?","E","M","R","?","R","BOSS","R","$","E","BOSS"],"items_purchased_type":["Relic","Relic","Relic","Potion","Card"],"build_version":"2020-12-22","purchased_purges":3,"victory":true,"max_hp_per_floor":[70,70,70,70,70,70,70,70,70,70,70,70,77,77,77,77,91,91,91,91,91,91,91,91,91,91,91,91,91,91,91,91,91,91,91,91,91,91,91,91,91,91,91,91,91,91,91,91,91,91,91,91,91,91,91],"card_choices":[{"not_picked":["Sucker Punch","Skewer"],"picked":"PiercingWail","floor":1},{"not_picked":["Outmaneuver","Flying Knee"],"picked":"Well Laid Plans","floor":2},{"not_picked":["Bane","Sucker Punch"],"picked":"Crippling Poison","floor":6},{"not_picked":["Outmaneuver","Cloak And Dagger","Blade Dance"],"picked":"SKIP","floor":7},{"not_picked":["Masterful Stab","Backstab","Dagger Throw"],"picked":"SKIP","floor":10},{"not_picked":["Distraction","Sucker Punch"],"picked":"Leg Sweep","floor":11},{"not_picked":["Dagger Spray","PiercingWail"],"picked":"Die Die Die","floor":12},{"not_picked":["Unload","Expertise"],"picked":"Deadly Poison","floor":14},{"not_picked":["Adrenaline","Envenom+1"],"picked":"Venomology","floor":16},{"not_picked":["Underhanded Strike","Quick Slash"],"picked":"Bane","floor":18},{"not_picked":["Skewer","Doppelganger","Acrobatics"],"picked":"SKIP","floor":19},{"not_picked":["Choke","Predator"],"picked":"Flying Knee","floor":21},{"not_picked":["Tactician+1","Acrobatics","Flying Knee"],"picked":"SKIP","floor":24},{"not_picked":["PiercingWail+1","Bane","Flechettes"],"picked":"SKIP","floor":25},{"not_picked":["Acrobatics+1","Poisoned Stab"],"picked":"Night Terror","floor":28},{"not_picked":["Bullet Time","Doppelganger"],"picked":"Night Terror","floor":33},{"not_picked":["Choke","Dagger Spray+1"],"picked":"Footwork+1","floor":35},{"not_picked":["Riddle With Holes","Outmaneuver","Flying Knee+1"],"picked":"SKIP","floor":36},{"not_picked":["Flechettes","Backflip"],"picked":"Poisoned Stab+1","floor":37},{"not_picked":["Sucker Punch","Slice","Dagger Throw"],"picked":"SKIP","floor":38},{"not_picked":["Quick Slash","Escape Plan"],"picked":"Finisher","floor":40},{"not_picked":["Blade Dance","Poisoned Stab+1"],"picked":"Prepared+1","floor":44},{"not_picked":["Glass Knife","Masterful Stab"],"picked":"Heel Hook+1","floor":45},{"not_picked":["Cloak And Dagger","Masterful Stab"],"picked":"Footwork+1","floor":46},{"not_picked":["Backstab+1","Dagger Spray+1"],"picked":"Caltrops+1","floor":54}],"player_experience":118963,"relics_obtained":[{"floor":6,"key":"TungstenRod"},{"floor":9,"key":"Mercury Hourglass"},{"floor":14,"key":"Frozen Egg 2"},{"floor":17,"key":"Ancient Tea Set"},{"floor":17,"key":"HornCleat"},{"floor":17,"key":"Mango"},{"floor":24,"key":"Gambling Chip"},{"floor":28,"key":"Oddly Smooth Stone"},{"floor":30,"key":"Art of War"},{"floor":43,"key":"Toy Ornithopter"},{"floor":44,"key":"Bird Faced Urn"},{"floor":45,"key":"InkBottle"},{"floor":54,"key":"Blue Candle"}],"event_choices":[{"damage_healed":0,"gold_gain":0,"player_choice":"Take Damage","damage_taken":17,"relics_obtained":["Golden Idol"],"max_hp_gain":0,"max_hp_loss":0,"event_name":"Golden Idol","floor":3,"gold_loss":0},{"damage_healed":0,"gold_gain":175,"player_choice":"AGREE","damage_taken":126,"max_hp_gain":0,"max_hp_loss":0,"event_name":"betterThird:BetterSerpent","floor":4,"gold_loss":0},{"cards_removed":["Doubt"],"damage_healed":0,"gold_gain":0,"player_choice":"Purged","damage_taken":0,"max_hp_gain":0,"max_hp_loss":0,"event_name":"Purifier","floor":5,"gold_loss":0},{"damage_healed":0,"gold_gain":0,"cards_transformed":["Defend_G"],"player_choice":"Transformed","damage_taken":0,"max_hp_gain":0,"max_hp_loss":0,"event_name":"Transmorgrifier","floor":20,"gold_loss":0,"cards_obtained":["Dash"]},{"cards_removed":["Venomology"],"damage_healed":0,"gold_gain":0,"player_choice":"Take \u0026 Give","damage_taken":0,"max_hp_gain":0,"max_hp_loss":0,"event_name":"betterNote:BetterNote","floor":27,"gold_loss":0,"cards_obtained":["Bullet Time"]},{"cards_removed":["Strike_G"],"damage_healed":0,"gold_gain":0,"player_choice":"Gave Gold","damage_taken":0,"max_hp_gain":0,"max_hp_loss":0,"event_name":"Beggar","floor":31,"gold_loss":75},{"damage_healed":0,"gold_gain":0,"player_choice":"Paid","damage_taken":0,"relics_obtained":["Red Mask"],"max_hp_gain":0,"max_hp_loss":0,"event_name":"Tomb of Lord Red Mask","floor":42,"gold_loss":63},{"damage_healed":0,"gold_gain":0,"player_choice":"Fight","damage_taken":0,"max_hp_gain":0,"max_hp_loss":0,"event_name":"Mysterious Sphere","floor":44,"gold_loss":0}],"is_beta":false,"boss_relics":[{"not_picked":["Ectoplasm","Sozu"],"picked":"Calling Bell"},{"not_picked":["Fusion Hammer","Busted Crown"],"picked":"Runic Pyramid"}],"items_purged_floors":[13,22,39],"is_endless":false,"potions_floor_spawned":[2,11,12,16,18,19,24,25,35,36,40,46,54],"ascension_level":0}}