{"host":"8rqsnaeml9gxb0kp","time":1610434456,"event":{"mods":["AchievementEnabler","BaseMod","Dark Map","Minty Spire (QoL Compilation)","StSLib"],"gold_per_floor":[110,110,121,135,149,177,248,281,281,314,314,314,328,361,361,457,457,477,488,488,508,518,518,528,528,582,582,608,623,538,638,638,741,741,752,100,100,112,127,24,24,35,35,35,35],"floor_reached":44,"playtime":2776,"items_purged":[],"score":531,"play_id":"1fb763bf-7283-448d-ab58-43ab6caeeae7","local_time":"20210111225416","is_ascension_mode":true,"campfire_choices":[{"floor":12,"key":"REST"},{"floor":15,"key":"DIG"},{"floor":23,"key":"REST"},{"data":"Reaper","floor":25,"key":"SMITH"},{"data":"Flame Barrier","floor":27,"key":"SMITH"},{"floor":32,"key":"REST"},{"data":"Dual Wield","floor":41,"key":"SMITH"}],"circlet_count":0,"master_deck":["Defend_R","Defend_R","Defend_R","Bash","Iron Wave","Uppercut","Clothesline","Thunderclap","Clash","Cleave","Reaper+1","Combust+1","Inflame+1","Evolve+1","Impervious","Flex+1","Wild Strike","Pummel","Flame Barrier+1","Burning Pact+1","Demon Form+1","Feel No Pain+1","Infernal Blade+1","Clothesline+1","Reaper","Entrench+1","Havoc+1","Combust+1","Blood for Blood","Magnetism+1","Whirlwind+1","Fiend Fire","Rupture+1","Inflame+1","Rupture+1","Dual Wield+1","Warcry+1","Iron Wave+1"],"relics":["Burning Blood","Bird Faced Urn","Frozen Egg 2","Dream Catcher","Question Card","Incense Burner","Darkstone Periapt","Empty Cage","Nloth\u0027s Gift","Omamori","Ginger","Anchor","Astrolabe","TungstenRod","Orrery","Magic Flower"],"acts_visited":["Exordium","TheCity","TheBeyond"],"potions_floor_usage":[14,14,16,16,16,19,28,33,44],"damage_taken":[{"damage":14,"enemies":"Jaw Worm","floor":1,"turns":4},{"damage":4,"enemies":"2 Louse","floor":3,"turns":2},{"damage":10,"enemies":"Cultist","floor":4,"turns":4},{"damage":0,"enemies":"Large Slime","floor":5,"turns":5},{"damage":30,"enemies":"Lagavulin","floor":6,"turns":7},{"damage":5,"enemies":"Gremlin Nob","floor":8,"turns":4},{"damage":24,"enemies":"3 Sentries","floor":10,"turns":6},{"damage":2,"enemies":"3 Louse","floor":13,"turns":2},{"damage":22,"enemies":"Gremlin Nob","floor":14,"turns":4},{"damage":37,"enemies":"The Guardian","floor":16,"turns":7},{"damage":41,"enemies":"Shell Parasite","floor":18,"turns":9},{"damage":30,"enemies":"Chosen","floor":19,"turns":6},{"damage":37,"enemies":"Shelled Parasite and Fungi","floor":21,"turns":7},{"damage":18,"enemies":"Centurion and Healer","floor":22,"turns":6},{"damage":22,"enemies":"Snecko","floor":24,"turns":5},{"damage":39,"enemies":"Slavers","floor":28,"turns":5},{"damage":22,"enemies":"Chosen and Byrds","floor":29,"turns":6},{"damage":52,"enemies":"Collector","floor":33,"turns":8},{"damage":21,"enemies":"Orb Walker","floor":35,"turns":4},{"damage":6,"enemies":"3 Shapes","floor":38,"turns":4},{"damage":40,"enemies":"Maw","floor":39,"turns":8},{"damage":66,"enemies":"Spire Growth","floor":42,"turns":8},{"damage":61,"enemies":"Reptomancer","floor":44,"turns":2}],"seed_played":"8996775177630587096","potions_obtained":[{"floor":1,"key":"DistilledChaos"},{"floor":8,"key":"EntropicBrew"},{"floor":13,"key":"BloodPotion"},{"floor":14,"key":"Dexterity Potion"},{"floor":19,"key":"Fruit Juice"},{"floor":24,"key":"BloodPotion"},{"floor":28,"key":"DuplicationPotion"},{"floor":33,"key":"BlessingOfTheForge"},{"floor":38,"key":"GamblersBrew"}],"is_trial":false,"path_per_floor":["M","?","M","M","M","E","T","E","T","E","?","R","M","E","R","B",null,"M","M","?","M","M","R","M","R","T","R","E","M","?","?","R","B",null,"M","$","?","M","M","$","R","M","T","E"],"character_chosen":"IRONCLAD","items_purchased":["TungstenRod","Magnetism+1","Orrery","CultistPotion"],"campfire_rested":3,"item_purchase_floors":[36,36,36,40],"current_hp_per_floor":[80,73,75,71,77,53,53,54,54,36,41,68,74,80,80,55,93,64,54,54,29,21,50,47,47,47,47,39,51,51,51,80,84,98,83,83,83,93,73,73,73,52,52,0,0],"gold":35,"neow_bonus":"TEN_PERCENT_HP_BONUS","is_daily":false,"chose_seed":false,"campfire_upgraded":3,"win_rate":0.0,"timestamp":1610434456,"path_taken":["M","?","M","M","M","E","?","E","T","E","?","R","M","E","R","BOSS","M","M","?","M","?","R","M","R","T","R","E","M","?","?","R","BOSS","M","$","?","M","M","$","R","M","T","E"],"items_purchased_type":["Relic","Card","Relic","Potion"],"build_version":"2020-12-22","purchased_purges":0,"victory":false,"max_hp_per_floor":[88,88,88,88,88,88,88,88,88,88,93,93,93,93,93,93,93,93,98,98,98,98,98,98,98,98,98,98,98,98,98,98,98,98,98,98,93,93,93,93,93,93,93,93,93],"card_choices":[{"not_picked":["Inflame","Flame Barrier"],"picked":"Iron Wave","floor":1},{"not_picked":["Sword Boomerang","True Grit"],"picked":"Uppercut","floor":3},{"not_picked":["Shockwave","Dark Embrace"],"picked":"Clothesline","floor":4},{"not_picked":["Power Through","Sword Boomerang"],"picked":"Thunderclap","floor":5},{"not_picked":["Ghostly Armor","Body Slam"],"picked":"Clash","floor":6},{"not_picked":["Sword Boomerang","Impervious"],"picked":"Cleave","floor":8},{"not_picked":["Clash","Infernal Blade"],"picked":"Reaper","floor":10},{"not_picked":["Iron Wave","Pommel Strike","Disarm"],"picked":"Combust+1","floor":12},{"not_picked":["Warcry","Sword Boomerang","Headbutt"],"picked":"Inflame+1","floor":13},{"not_picked":["Berserk+1","Uppercut","Rage"],"picked":"Evolve+1","floor":14},{"not_picked":["Immolate","Double Tap","Exhume"],"picked":"Impervious","floor":16},{"not_picked":["Heavy Blade","Entrench","Clash"],"picked":"Flex+1","floor":18},{"not_picked":["Twin Strike","Flex+1","Heavy Blade"],"picked":"Wild Strike","floor":19},{"not_picked":["Anger","Intimidate","Clothesline"],"picked":"Pummel","floor":21},{"not_picked":["Rage","Entrench","Combust+1"],"picked":"Flame Barrier","floor":22},{"not_picked":["Searing Blow","Evolve+1","Sever Soul"],"picked":"Burning Pact+1","floor":23},{"not_picked":["Sentinel","Second Wind","Impervious"],"picked":"Demon Form+1","floor":24},{"not_picked":["Disarm+1","Anger","Limit Break"],"picked":"Feel No Pain+1","floor":28},{"not_picked":["Clash","Twin Strike","Impervious"],"picked":"Infernal Blade+1","floor":29},{"not_picked":["Sever Soul","Heavy Blade","Perfected Strike"],"picked":"Clothesline+1","floor":32},{"not_picked":["Corruption+1","Offering","Barricade+1"],"picked":"Reaper","floor":33},{"not_picked":["Rage","Havoc","Uppercut"],"picked":"Blood for Blood","floor":35},{"not_picked":["Anger","Clothesline+1","Havoc+1"],"picked":"Whirlwind+1","floor":36},{"not_picked":["Hemokinesis","Armaments","Thunderclap+1"],"picked":"Fiend Fire","floor":36},{"not_picked":["Intimidate","Wild Strike+1","Thunderclap+1"],"picked":"Rupture+1","floor":36},{"not_picked":["Offering","Clash+1","Anger+1"],"picked":"Inflame+1","floor":36},{"not_picked":["Rampage","Cleave+1","Battle Trance"],"picked":"Rupture+1","floor":36},{"not_picked":["Armaments+1","Warcry","Cleave"],"picked":"Dual Wield","floor":38},{"not_picked":["Dual Wield","Cleave","Carnage+1"],"picked":"Warcry+1","floor":39},{"not_picked":["Berserk+1","Wild Strike","True Grit"],"picked":"Iron Wave+1","floor":42}],"player_experience":52388,"relics_obtained":[{"floor":6,"key":"Bird Faced Urn"},{"floor":7,"key":"Frozen Egg 2"},{"floor":8,"key":"Dream Catcher"},{"floor":9,"key":"Shovel"},{"floor":10,"key":"Question Card"},{"floor":14,"key":"Incense Burner"},{"floor":15,"key":"Darkstone Periapt"},{"floor":26,"key":"Omamori"},{"floor":28,"key":"Ginger"},{"floor":43,"key":"Magic Flower"}],"event_choices":[{"cards_removed":["Defend_R"],"damage_healed":0,"gold_gain":0,"player_choice":"Card Removal","damage_taken":7,"max_hp_gain":0,"max_hp_loss":0,"event_name":"Golden Wing","floor":2,"gold_loss":0},{"damage_healed":0,"gold_gain":0,"player_choice":"Donut","damage_taken":0,"max_hp_gain":5,"max_hp_loss":0,"event_name":"Big Fish","floor":11,"gold_loss":0},{"damage_healed":0,"gold_gain":0,"player_choice":"Traded Relic","damage_taken":0,"relics_obtained":["Nloth\u0027s Gift"],"max_hp_gain":0,"max_hp_loss":0,"event_name":"N\u0027loth","floor":20,"relics_lost":["Shovel"],"gold_loss":0},{"damage_healed":0,"gold_gain":0,"player_choice":"Obtained Relic","damage_taken":0,"relics_obtained":["Anchor"],"max_hp_gain":0,"max_hp_loss":0,"event_name":"Addict","floor":30,"gold_loss":85},{"damage_healed":0,"gold_gain":100,"player_choice":"Pray","damage_taken":0,"max_hp_gain":0,"max_hp_loss":0,"event_name":"Golden Shrine","floor":31,"gold_loss":0},{"damage_healed":0,"gold_gain":0,"player_choice":"Max HP","damage_taken":0,"max_hp_gain":0,"max_hp_loss":5,"event_name":"Winding Halls","floor":37,"gold_loss":0}],"is_beta":false,"boss_relics":[{"not_picked":["Fusion Hammer","Velvet Choker"],"picked":"Empty Cage"},{"not_picked":["Calling Bell","Runic Cube"],"picked":"Astrolabe"}],"items_purged_floors":[],"is_endless":false,"potions_floor_spawned":[1,8,13,14,19,24,28,33,38],"killed_by":"Reptomancer","ascension_level":2}}