{"host":"st1kg310ms6sytc5","time":1610487825,"event":{"mods":["100% Spire Juice","Act Like it!","BaseMod","CapriCore","Good Game Mod","Minty Spire (QoL Compilation)","StSLib","SuperFastMode"],"gold_per_floor":[116,116,116,44,44,44,79,79,79,106,125,143,162,87,87,184,184,199,214,232,232,249,281,294,323,323,223,251,251,267,112,112,208,208,221,239,262,262,281,312,325,325,402,282,302,177,206,218,230,242],"floor_reached":51,"language":"ZHS","playtime":2029,"items_purged":["Moonworks:Strike","Moonworks:LongDistanceShot","Moonworks:SweetBattle"],"score":1005,"play_id":"7563e953-5a65-43ae-9baa-21eec93ef559","local_time":"20210113054345","is_ascension_mode":false,"campfire_choices":[{"data":"Moonworks:RocketCannon","floor":6.0,"key":"SMITH"},{"data":"Moonworks:WindyEnchantment","floor":8.0,"key":"SMITH"},{"data":"Moonworks:TreasureThief","floor":15.0,"key":"SMITH"},{"data":"Moonworks:SealedMemories","floor":29.0,"key":"SMITH"},{"data":"Moonworks:PlushieMaster","floor":32.0,"key":"SMITH"},{"data":"Moonworks:Ambush","floor":42.0,"key":"SMITH"},{"data":"Moonworks:DeployBits","floor":44.0,"key":"SMITH"},{"data":"Moonworks:NicePresent","floor":49,"key":"SMITH"}],"circlet_count":0,"master_deck":["Moonworks:Strike+1","Moonworks:Defend","Moonworks:Defend","Moonworks:Defend","Moonworks:Ambush+1","Core Surge+1","Moonworks:WindyEnchantment+1","Moonworks:RocketCannon+1","Moonworks:DeployBits+1","Moonworks:TreasureThief+1","Moonworks:JonathanRush+1","Moonworks:GoAway","Moonworks:RedAndBlue","Moonworks:SealedMemories+1","Moonworks:BeyondHell+1","Moonworks:PlushieMaster+1","Moonworks:EvilMastermind","Moonworks:JonathanRush+1","Moonworks:JonathanRush+1","Moonworks:JonathanRush+1","Moonworks:JonathanRush+1","Moonworks:NicePresent+1"],"relics":["Moonworks:BrokenBomb","Moonworks:Homemark","REME:ComplimentaryCards","NeowsBlessing","StoneCalendar","Omamori","Molten Egg 2","Gremlin Horn","Empty Cage","Ornamental Fan","Tiny Chest","Red Mask","Medical Kit","Sozu","Pen Nib","Meat on the Bone","Pantograph","MawBank"],"acts_visited":["TheCity","TheBeyond"],"potions_floor_usage":[],"damage_taken":[{"damage":0.0,"enemies":"Jaw Worm","floor":1.0,"turns":1.0},{"damage":0.0,"enemies":"3 Sentries","floor":7.0,"turns":1.0},{"damage":0.0,"enemies":"Gremlin Nob","floor":10.0,"turns":1.0},{"damage":0.0,"enemies":"Small Slimes","floor":11.0,"turns":2.0},{"damage":6.0,"enemies":"Cultist","floor":12.0,"turns":3.0},{"damage":2.0,"enemies":"Blue Slaver","floor":13.0,"turns":3.0},{"damage":0.0,"enemies":"Slime Boss","floor":16.0,"turns":6.0},{"damage":15.0,"enemies":"2 Thieves","floor":18.0,"turns":4.0},{"damage":0.0,"enemies":"Shell Parasite","floor":19.0,"turns":5.0},{"damage":10.0,"enemies":"3 Cultists","floor":20.0,"turns":4.0},{"damage":13.0,"enemies":"Sentry and Sphere","floor":22.0,"turns":4.0},{"damage":2.0,"enemies":"Book of Stabbing","floor":23.0,"turns":4.0},{"damage":7.0,"enemies":"Snake Plant","floor":24.0,"turns":4.0},{"damage":18.0,"enemies":"Slavers","floor":25.0,"turns":4.0},{"damage":17.0,"enemies":"Masked Bandits","floor":28.0,"turns":3.0},{"damage":0.0,"enemies":"Shelled Parasite and Fungi","floor":30.0,"turns":4.0},{"damage":16.0,"enemies":"Automaton","floor":33.0,"turns":5.0},{"damage":6.0,"enemies":"Orb Walker","floor":35.0,"turns":4.0},{"damage":26.0,"enemies":"3 Darklings","floor":36.0,"turns":4.0},{"damage":3.0,"enemies":"Sphere and 2 Shapes","floor":39.0,"turns":4.0},{"damage":0.0,"enemies":"Giant Head","floor":40.0,"turns":8.0},{"damage":0.0,"enemies":"Writhing Mass","floor":41.0,"turns":5.0},{"damage":2.0,"enemies":"4 Shapes","floor":45.0,"turns":4.0},{"damage":0,"enemies":"Reptomancer","floor":47,"turns":4},{"damage":9,"enemies":"Time Eater","floor":50,"turns":6}],"seed_played":"-4061703615597673965","potions_obtained":[{"floor":1.0,"key":"SpeedPotion"},{"floor":12.0,"key":"EssenceOfSteel"},{"floor":19.0,"key":"BlessingOfTheForge"},{"floor":23.0,"key":"Energy Potion"},{"floor":25.0,"key":"Moonworks:OneHundredPercentOrangeJuicePotion"},{"floor":30.0,"key":"EntropicBrew"},{"floor":33.0,"key":"DistilledChaos"}],"is_trial":false,"path_per_floor":["M","?","?","$","?","R","E","R","T","E","M","M","M","$","R","B",null,"M","M","M","?","M","E","M","E","T","$","?","R","M","$","R","B",null,"M","M","T","?","M","E","M","R","T","R","M","$","E","?","R","B",null],"character_chosen":"THE_STARBREAKER","items_purchased":["Moonworks:RocketCannon","Medical Kit"],"campfire_rested":0,"item_purchase_floors":[4,31],"current_hp_per_floor":[60,65,58,58,45,45,45,45,45,45,45,39,37,37,37,43,65,56,60,50,50,39,45,48,34,34,34,17,17,17,17,17,5,65,63,37,37,37,34,36,44,44,44,44,42,42,42,42,42,56],"gold":254,"neow_bonus":"THREE_ENEMY_KILL","is_daily":false,"chose_seed":false,"campfire_upgraded":8,"win_rate":0.0,"timestamp":1610487825,"path_taken":["M","?","?","$","?","R","E","R","T","E","M","M","?","$","R","BOSS","M","?","M","?","M","E","M","E","T","?","?","R","M","?","R","BOSS","M","M","?","?","?","E","M","R","T","R","M","$","E","?","R","BOSS"],"items_purchased_type":["Card","Relic"],"build_version":"2020-12-22","purchased_purges":3,"victory":true,"max_hp_per_floor":[60,65,65,65,65,65,65,65,65,65,65,65,65,65,65,65,65,65,65,65,65,65,65,65,65,65,65,65,65,65,65,65,65,65,65,65,65,65,65,65,65,65,65,65,65,65,65,65,65,65],"card_choices":[{"not_picked":["Moonworks:NicePresent","Moonworks:SakisCookie"],"picked":"Moonworks:WindyEnchantment","floor":1.0},{"not_picked":["Moonworks:JonathanRush","Moonworks:SelfDestruct","Moonworks:CookingTime"],"picked":"SKIP","floor":7.0},{"not_picked":["Moonworks:IndiscriminateFireSupport+1","Moonworks:ImOnFire"],"picked":"Moonworks:DeployBits","floor":10.0},{"not_picked":["Moonworks:NicePresent","Moonworks:BigMagnum"],"picked":"Moonworks:SweetBattle","floor":11.0},{"not_picked":["Moonworks:NicePresent","Moonworks:BindingChains"],"picked":"Moonworks:TreasureThief","floor":12.0},{"not_picked":["Moonworks:LulusLuckyEgg","Moonworks:CookingTime+1"],"picked":"Moonworks:JonathanRush+1","floor":13.0},{"not_picked":["Moonworks:Gamble+1","Moonworks:Blazing"],"picked":"Moonworks:GoAway","floor":16.0},{"not_picked":["Moonworks:LulusLuckyEgg+1","Moonworks:DeployBits+1","Moonworks:EvilSpyWorkPreparation"],"picked":"SKIP","floor":18.0},{"not_picked":["Moonworks:Assault+1","Moonworks:LulusLuckyEgg"],"picked":"Moonworks:RedAndBlue","floor":19.0},{"not_picked":["Moonworks:LulusLuckyEgg","Moonworks:BigMagnum"],"picked":"Moonworks:SealedMemories","floor":20.0},{"not_picked":["Moonworks:IndiscriminateFireSupport+1","Moonworks:OutOfAmmo","Moonworks:NicePresent"],"picked":"SKIP","floor":22.0},{"not_picked":["Moonworks:OutOfAmmo","Moonworks:ImOnFire"],"picked":"Moonworks:BeyondHell+1","floor":23.0},{"not_picked":["Moonworks:EvilSpyWorkPreparation","Moonworks:BigMagnum+1","Moonworks:Assault+1"],"picked":"SKIP","floor":24.0},{"not_picked":["Moonworks:Heat300Percent+1","Moonworks:LulusLuckyEgg"],"picked":"Moonworks:PlushieMaster","floor":25.0},{"not_picked":["Moonworks:CloudOfSeagulls+1","Moonworks:EvilSpyWorkPreparation","Moonworks:BigMagnum"],"picked":"SKIP","floor":30.0},{"not_picked":["Moonworks:WeAreWaruda","Moonworks:PlushieMaster"],"picked":"Moonworks:EvilMastermind","floor":33.0},{"not_picked":["Moonworks:UnpaidWork+1","Moonworks:NicePresent"],"picked":"Moonworks:JonathanRush+1","floor":35.0},{"not_picked":["Moonworks:Dash+1","Moonworks:DeployBits+1","Moonworks:MiracleWalker"],"picked":"SKIP","floor":36.0},{"not_picked":["Moonworks:FinalSurgery+1","Moonworks:SelfDestruct+1","Moonworks:DeployBits"],"picked":"SKIP","floor":39.0},{"not_picked":["Moonworks:ImOnFire","Moonworks:EvilSpyWorkPreparation"],"picked":"Moonworks:JonathanRush+1","floor":40.0},{"not_picked":["Moonworks:SelfDestruct+1","Moonworks:DeployBits+1"],"picked":"Moonworks:JonathanRush+1","floor":41.0},{"not_picked":["Moonworks:DeployBits+1","Moonworks:ExtendedPhotonRifle+1"],"picked":"Moonworks:JonathanRush+1","floor":45.0},{"not_picked":["Moonworks:UnluckyCharm+1","Moonworks:RedAndBlue"],"picked":"Moonworks:NicePresent","floor":47}],"player_experience":1373600,"relics_obtained":[{"floor":7.0,"key":"Omamori"},{"floor":9.0,"key":"Molten Egg 2"},{"floor":10.0,"key":"Gremlin Horn"},{"floor":23.0,"key":"Ornamental Fan"},{"floor":25.0,"key":"Tiny Chest"},{"floor":28.0,"key":"Red Mask"},{"floor":37.0,"key":"Pen Nib"},{"floor":40.0,"key":"Meat on the Bone"},{"floor":43.0,"key":"Pantograph"},{"floor":47,"key":"MawBank"}],"event_choices":[{"damage_healed":0.0,"max_hp_gain":5.0,"max_hp_loss":0.0,"gold_gain":0.0,"event_name":"Big Fish","player_choice":"Donut","floor":2.0,"gold_loss":0.0,"damage_taken":0.0},{"damage_healed":0.0,"max_hp_gain":0.0,"max_hp_loss":0.0,"gold_gain":0.0,"event_name":"Scrap Ooze","player_choice":"Success","floor":3.0,"gold_loss":0.0,"damage_taken":7.0,"relics_obtained":["StoneCalendar"]},{"damage_healed":0.0,"max_hp_gain":0.0,"max_hp_loss":0.0,"gold_gain":0.0,"event_name":"Shining Light","player_choice":"Entered Light","floor":5.0,"gold_loss":0.0,"damage_taken":13.0,"cards_upgraded":["Core Surge","Moonworks:Strike"]},{"cards_removed":["Moonworks:Strike"],"damage_healed":0.0,"max_hp_gain":0.0,"max_hp_loss":0.0,"gold_gain":0.0,"event_name":"Back to Basics","player_choice":"Elegance","floor":21.0,"gold_loss":0.0,"damage_taken":0.0},{"damage_healed":0.0,"max_hp_gain":0.0,"max_hp_loss":0.0,"gold_gain":0.0,"event_name":"Masked Bandits","player_choice":"Fought Bandits","floor":28.0,"gold_loss":0.0,"damage_taken":0.0},{"damage_healed":0.0,"max_hp_gain":0.0,"max_hp_loss":0.0,"gold_gain":0.0,"event_name":"Lab","player_choice":"Got Potions","floor":38.0,"gold_loss":0.0,"damage_taken":0.0},{"damage_healed":0,"gold_gain":0,"player_choice":"0 cards matched","damage_taken":0,"max_hp_gain":0,"max_hp_loss":0,"event_name":"Match and Keep!","floor":48,"gold_loss":0,"cards_obtained":[]}],"is_beta":false,"boss_relics":[{"not_picked":["Moonworks:SBBomb","Pandora\u0027s Box"],"picked":"Empty Cage"},{"not_picked":["Calling Bell","SlaversCollar"],"picked":"Sozu"}],"items_purged_floors":[14,27,46],"is_endless":false,"potions_floor_spawned":[1,12,19,23,25,30,33,36,39,40,41],"ascension_level":0}}