{"host":"pbf6u3tyx46snqc7","time":1610456162,"event":{"mods":["AchievementEnabler","BaseMod","Colored Map","Minty Spire (QoL Compilation)","Rare Cards Sparkle","SuperFastMode"],"gold_per_floor":[115,68,68,83,10,42,87,87,112,132,150,176,23,41,41,146,146,157,257,273,286,15,41,41,51,76,88,117,157,169,192,204,316,328,359,388,400,425,457,469,515,527,566,23,77,110,123,142,142,142],"floor_reached":51,"playtime":2424,"items_purged":["Strike_G","Parasite"],"score":1091,"play_id":"466b61a7-c9ea-4a6d-b00d-e247b5db6a1b","local_time":"20210112215602","is_ascension_mode":true,"campfire_choices":[{"data":"Accuracy","floor":8.0,"key":"SMITH"},{"data":"Blade Dance","floor":15.0,"key":"SMITH"},{"data":"Accuracy","floor":24.0,"key":"SMITH"},{"data":"Footwork","floor":27.0,"key":"SMITH"},{"data":"Dodge and Roll","floor":30.0,"key":"SMITH"},{"data":"Cloak And Dagger","floor":32.0,"key":"SMITH"},{"floor":40.0,"key":"REST"},{"data":"Phantasmal Killer","floor":42.0,"key":"SMITH"},{"floor":49,"key":"REST"}],"circlet_count":0,"master_deck":["Strike_G","Strike_G","Strike_G","Strike_G","Defend_G","Defend_G","Defend_G","Defend_G","Defend_G","Survivor+1","Neutralize+1","Accuracy+1","Backflip","Finisher","Footwork+1","Backflip","Cloak And Dagger+1","Blade Dance+1","PiercingWail","Accuracy+1","Burst","Infinite Blades+1","Blade Dance","Blade Dance+1","Dodge and Roll+1","Acrobatics","Tactician+1","Phantasmal Killer+1","Madness","Madness","Terror","PiercingWail","After Image","Acrobatics+1","Concentrate+1"],"relics":["Ring of the Serpent","NeowsBlessing","Eternal Feather","Orichalcum","Ancient Tea Set","TheAbacus","Boot","MawBank","War Paint","WristBlade","Bag of Preparation","Strawberry","Sling","Vajra","Regal Pillow","Lizard Tail","Mercury Hourglass"],"acts_visited":["Exordium","TheCity","TheBeyond"],"potions_floor_usage":[46,47,50],"damage_taken":[{"damage":0.0,"enemies":"Cultist","floor":1.0,"turns":1.0},{"damage":0.0,"enemies":"Jaw Worm","floor":4.0,"turns":1.0},{"damage":0.0,"enemies":"Lagavulin","floor":6.0,"turns":1.0},{"damage":5.0,"enemies":"Small Slimes","floor":10.0,"turns":6.0},{"damage":0.0,"enemies":"Blue Slaver","floor":11.0,"turns":6.0},{"damage":10.0,"enemies":"Gremlin Nob","floor":12.0,"turns":5.0},{"damage":2.0,"enemies":"Looter","floor":14.0,"turns":3.0},{"damage":7.0,"enemies":"Slime Boss","floor":16.0,"turns":9.0},{"damage":13.0,"enemies":"3 Byrds","floor":18.0,"turns":6.0},{"damage":0.0,"enemies":"Spheric Guardian","floor":20.0,"turns":3.0},{"damage":4.0,"enemies":"3 Cultists","floor":21.0,"turns":4.0},{"damage":16.0,"enemies":"Gremlin Leader","floor":23.0,"turns":6.0},{"damage":5.0,"enemies":"Shelled Parasite and Fungi","floor":25.0,"turns":3.0},{"damage":6.0,"enemies":"Centurion and Healer","floor":28.0,"turns":3.0},{"damage":30.0,"enemies":"Slavers","floor":29.0,"turns":6.0},{"damage":6.0,"enemies":"Chosen and Byrds","floor":31.0,"turns":3.0},{"damage":28.0,"enemies":"Automaton","floor":33.0,"turns":7.0},{"damage":25.0,"enemies":"3 Darklings","floor":35.0,"turns":4.0},{"damage":13.0,"enemies":"3 Shapes","floor":36.0,"turns":3.0},{"damage":7.0,"enemies":"Spire Growth","floor":38.0,"turns":4.0},{"damage":0.0,"enemies":"Writhing Mass","floor":39.0,"turns":5.0},{"damage":5.0,"enemies":"Giant Head","floor":41.0,"turns":4.0},{"damage":5.0,"enemies":"2 Orb Walkers","floor":45.0,"turns":2.0},{"damage":36,"enemies":"Reptomancer","floor":46,"turns":4},{"damage":7,"enemies":"3 Darklings","floor":47,"turns":4},{"damage":18,"enemies":"Maw","floor":48,"turns":7},{"damage":58,"enemies":"Time Eater","floor":50,"turns":5}],"seed_played":"-8793956700689316056","potions_obtained":[{"floor":1.0,"key":"Fire Potion"},{"floor":11.0,"key":"Fire Potion"},{"floor":12.0,"key":"Block Potion"},{"floor":14.0,"key":"LiquidMemories"},{"floor":16.0,"key":"Explosive Potion"},{"floor":18.0,"key":"BlessingOfTheForge"},{"floor":20.0,"key":"CultistPotion"},{"floor":25.0,"key":"ColorlessPotion"},{"floor":28.0,"key":"Regen Potion"},{"floor":31.0,"key":"GamblersBrew"},{"floor":38.0,"key":"DuplicationPotion"},{"floor":39.0,"key":"ColorlessPotion"},{"floor":41.0,"key":"Ancient Potion"},{"floor":45.0,"key":"Regen Potion"}],"is_trial":false,"path_per_floor":["M","$","?","M","$","E","T","R","T","M","M","E","$","M","R","B",null,"M","?","M","M","$","E","R","M","T","R","M","E","R","M","R","B",null,"M","M","?","M","M","R","E","R","T","$","?","E","M","M","R","B",null],"character_chosen":"THE_SILENT","items_purchased":["Backflip","Footwork","Blade Dance","PiercingWail","Accuracy","Dodge and Roll","TheAbacus","Sling","Vajra","Regal Pillow"],"campfire_rested":2,"item_purchase_floors":[2,5,13,13,13,22,22,44,44,44],"current_hp_per_floor":[63,63,63,63,63,63,63,70,70,65,65,55,55,53,65,58,67,54,54,54,50,50,34,49,44,44,59,53,37,52,46,61,33,61,36,23,14,7,7,46,41,59,66,66,61,25,30,12,70,12],"gold":142,"neow_bonus":"THREE_ENEMY_KILL","is_daily":false,"chose_seed":false,"campfire_upgraded":7,"win_rate":0.0,"timestamp":1610456162,"path_taken":["M","$","?","?","$","E","?","R","T","M","M","E","?","M","R","BOSS","M","?","?","M","$","E","R","M","T","R","M","E","R","M","R","BOSS","M","M","?","M","M","R","E","R","T","$","?","E","M","M","R","BOSS"],"items_purchased_type":["Card","Card","Card","Card","Card","Card","Relic","Relic","Relic","Relic"],"build_version":"2020-12-22","purchased_purges":2,"victory":true,"max_hp_per_floor":[70,70,70,70,70,70,70,70,70,70,70,70,70,70,70,70,70,70,70,70,70,70,70,70,70,70,70,70,70,70,70,70,70,70,70,70,70,70,70,70,70,70,77,74,74,74,74,74,74,74],"card_choices":[{"not_picked":["Masterful Stab","Bouncing Flask"],"picked":"Accuracy","floor":1.0},{"not_picked":["Bane","All Out Attack"],"picked":"Finisher","floor":4.0},{"not_picked":["Slice","Sucker Punch"],"picked":"Backflip","floor":6.0},{"not_picked":["Setup","Dagger Throw","Endless Agony"],"picked":"SKIP","floor":10.0},{"not_picked":["Finisher","Backstab"],"picked":"Cloak And Dagger","floor":11.0},{"not_picked":["Cloak And Dagger","Finisher","All Out Attack"],"picked":"SKIP","floor":12.0},{"not_picked":["Leg Sweep","Crippling Poison","Backflip"],"picked":"SKIP","floor":14.0},{"not_picked":["Corpse Explosion","Tools of the Trade"],"picked":"Burst","floor":16.0},{"not_picked":["Catalyst","Flechettes"],"picked":"Infinite Blades+1","floor":18.0},{"not_picked":["Prepared","Leg Sweep"],"picked":"Blade Dance","floor":20.0},{"not_picked":["Flying Knee","Leg Sweep"],"picked":"Blade Dance","floor":21.0},{"not_picked":["Infinite Blades","Flying Knee","Deadly Poison"],"picked":"SKIP","floor":23.0},{"not_picked":["Eviscerate+1","Endless Agony","Finisher+1"],"picked":"SKIP","floor":25.0},{"not_picked":["Crippling Poison","Well Laid Plans"],"picked":"Acrobatics","floor":28.0},{"not_picked":["Heel Hook","Bane","Eviscerate+1"],"picked":"SKIP","floor":29.0},{"not_picked":["Tools of the Trade","Reflex"],"picked":"Tactician+1","floor":31.0},{"not_picked":["Tools of the Trade","Adrenaline"],"picked":"Phantasmal Killer","floor":33.0},{"not_picked":["Endless Agony","Quick Slash+1","Dagger Throw+1"],"picked":"SKIP","floor":35.0},{"not_picked":["Bane+1","Deflect+1","Well Laid Plans"],"picked":"SKIP","floor":36.0},{"not_picked":["Distraction+1","Deadly Poison"],"picked":"Terror","floor":38.0},{"not_picked":["Tactician","Blade Dance+1"],"picked":"PiercingWail","floor":39.0},{"not_picked":["Skewer+1","Setup"],"picked":"After Image","floor":41.0},{"not_picked":["Dagger Spray","Sucker Punch+1"],"picked":"Acrobatics+1","floor":45.0},{"not_picked":["Dagger Spray+1","Blade Dance"],"picked":"Concentrate+1","floor":46},{"not_picked":["Bane","Envenom","Slice"],"picked":"SKIP","floor":47},{"not_picked":["Predator","Slice","Underhanded Strike"],"picked":"SKIP","floor":48}],"player_experience":413063,"relics_obtained":[{"floor":6.0,"key":"Eternal Feather"},{"floor":7.0,"key":"Orichalcum"},{"floor":12.0,"key":"Ancient Tea Set"},{"floor":23.0,"key":"Boot"},{"floor":26.0,"key":"MawBank"},{"floor":29.0,"key":"War Paint"},{"floor":41.0,"key":"Bag of Preparation"},{"floor":43.0,"key":"Strawberry"},{"floor":45.0,"key":"Lizard Tail"},{"floor":46,"key":"Mercury Hourglass"}],"event_choices":[{"damage_healed":0.0,"max_hp_gain":0.0,"max_hp_loss":0.0,"gold_gain":0.0,"event_name":"Upgrade Shrine","player_choice":"Upgraded","floor":3.0,"gold_loss":0.0,"damage_taken":0.0,"cards_upgraded":["Neutralize"]},{"damage_healed":0.0,"max_hp_gain":0.0,"max_hp_loss":0.0,"gold_gain":100.0,"event_name":"Golden Shrine","player_choice":"Pray","floor":19.0,"gold_loss":0.0,"damage_taken":0.0},{"damage_healed":0.0,"max_hp_gain":0.0,"max_hp_loss":0.0,"gold_gain":0.0,"event_name":"Winding Halls","player_choice":"Embrace Madness","floor":37.0,"gold_loss":0.0,"damage_taken":9.0,"cards_obtained":["Madness","Madness"]},{"damage_healed":0.0,"max_hp_gain":0.0,"max_hp_loss":0.0,"gold_gain":0.0,"event_name":"Mysterious Sphere","player_choice":"Fight","floor":45.0,"gold_loss":0.0,"damage_taken":0.0}],"is_beta":false,"boss_relics":[{"not_picked":["Cursed Key","SacredBark"],"picked":"Ring of the Serpent"},{"not_picked":["Calling Bell","Runic Dome"],"picked":"WristBlade"}],"items_purged_floors":[22,44],"is_endless":false,"potions_floor_spawned":[1,11,12,14,16,18,20,25,28,31,38,39,41,45],"ascension_level":7}}