{"host":"6es90lqcwaoc0kgm","time":1610419709,"event":{"mods":["Act Like it!","Bard","BaseMod","Hallownest","HololiveMod","Jorbs\u0027s Wanderer Trilogy","Marisa（F雨　魔理沙）","Minty Spire (QoL Compilation)","Quick Restart","StSLib","The Administrix","The Animator","The Bug Knight","The Cursed","The Runesmith","[地精首领爬塔]The Maniac"],"gold_per_floor":[116,66,66,44,59,84,84,119,119,132,161,436,33,65,65,168,168,179,220,230,230,246,277,277,335,335,353,414,58,101,135,135,263,263,305,305,75,125,171,171,234,234,258,338,338,370,370,453,453,453,453,453,107,137,137],"floor_reached":56,"playtime":3051,"items_purged":["Regret","animator:Curse_GriefSeed"],"score":1581,"play_id":"eb0edde4-0949-4f13-bef4-67fe3fb263a3","local_time":"20210112104829","is_ascension_mode":true,"campfire_choices":[{"data":"BattleHymn","floor":7.0,"key":"SMITH"},{"data":"Vault","floor":15.0,"key":"SMITH"},{"data":"Ragnarok","floor":24.0,"key":"SMITH"},{"data":"Eruption","floor":32.0,"key":"SMITH"},{"data":"Wallop","floor":40.0,"key":"SMITH"},{"data":"Vigilance","floor":42.0,"key":"SMITH"},{"data":"Indignation","floor":45.0,"key":"SMITH"},{"floor":49.0,"key":"RECALL"},{"data":"CrushJoints","floor":52.0,"key":"SMITH"}],"circlet_count":0,"master_deck":["Strike_P","Strike_P","Strike_P","Defend_P","Defend_P","Defend_P","Eruption+1","Vigilance+1","CrushJoints+1","BattleHymn+1","Indignation+1","Vault+1","BattleHymn","Wallop+1","DeusExMachina+1","Wish+1","Fasting2+1","ClearTheMind+1","FlurryOfBlows+1","Study+1","Ragnarok+1","Scrawl+1","Parasite","Finesse+1","Fasting2+1","DevaForm+1","DeusExMachina+1","EmptyBody+1","SandsOfTime+1","Madness+1","Madness+1"],"relics":["PureWater","NeowsBlessing","Blue Candle","MealTicket","Turnip","Toxic Egg 2","Frozen Egg 2","Cursed Key","HollowMod:LifeEnderRelic","Bottled Lightning","Yang","Red Mask","The Courier","Busted Crown","Happy Flower","Lantern","Nunchaku","Vajra","Torii","Toy Ornithopter","CatCart","Strange Spoon","Calipers"],"acts_visited":["Exordium","TheCity","TheBeyond","TheEnding"],"potions_floor_usage":[55],"damage_taken":[{"damage":0.0,"enemies":"2 Louse","floor":1.0,"turns":1.0},{"damage":0.0,"enemies":"Jaw Worm","floor":5.0,"turns":1.0},{"damage":0.0,"enemies":"Lagavulin","floor":6.0,"turns":1.0},{"damage":0.0,"enemies":"Gremlin Nob","floor":8.0,"turns":2.0},{"damage":0.0,"enemies":"Cultist","floor":10.0,"turns":2.0},{"damage":0.0,"enemies":"Lagavulin","floor":11.0,"turns":3.0},{"damage":0.0,"enemies":"Gremlin Nob","floor":14.0,"turns":2.0},{"damage":57.0,"enemies":"The Guardian","floor":16.0,"turns":6.0},{"damage":6.0,"enemies":"Shell Parasite","floor":18.0,"turns":3.0},{"damage":0.0,"enemies":"Snecko","floor":19.0,"turns":3.0},{"damage":21.0,"enemies":"3 Cultists","floor":20.0,"turns":5.0},{"damage":7.0,"enemies":"Centurion and Healer","floor":22.0,"turns":3.0},{"damage":3.0,"enemies":"Book of Stabbing","floor":23.0,"turns":3.0},{"damage":6.0,"enemies":"Gremlin Leader","floor":25.0,"turns":4.0},{"damage":2.0,"enemies":"Snake Plant","floor":27.0,"turns":2.0},{"damage":1.0,"enemies":"Masked Bandits","floor":28.0,"turns":3.0},{"damage":0.0,"enemies":"Snecko","floor":30.0,"turns":4.0},{"damage":2.0,"enemies":"HollowMod:Nosk","floor":31.0,"turns":3.0},{"damage":20.0,"enemies":"Automaton","floor":33.0,"turns":7.0},{"damage":20.0,"enemies":"3 Darklings","floor":35.0,"turns":6.0},{"damage":12.0,"enemies":"Orb Walker","floor":38.0,"turns":4.0},{"damage":0.0,"enemies":"Sphere and 2 Shapes","floor":39.0,"turns":3.0},{"damage":10.0,"enemies":"Reptomancer","floor":41.0,"turns":6.0},{"damage":9.0,"enemies":"Mind Bloom Boss Battle","floor":44.0,"turns":4.0},{"damage":0.0,"enemies":"HollowMod:StalkingDevout","floor":46.0,"turns":3.0},{"damage":0.0,"enemies":"Orin","floor":48.0,"turns":4.0},{"damage":1.0,"enemies":"Awakened One","floor":50.0,"turns":6.0},{"damage":10.0,"enemies":"Shield and Spear","floor":54.0,"turns":4.0},{"damage":69,"enemies":"The Heart","floor":55,"turns":10}],"seed_played":"327753858715803918","potions_obtained":[{"floor":6.0,"key":"BlessingOfTheForge"},{"floor":8.0,"key":"Fire Potion"},{"floor":14.0,"key":"LiquidBronze"},{"floor":19.0,"key":"FairyPotion"},{"floor":20.0,"key":"SteroidPotion"},{"floor":25.0,"key":"SkillPotion"},{"floor":27.0,"key":"BottledMiracle"},{"floor":30.0,"key":"BottledMiracle"},{"floor":39.0,"key":"SkillPotion"},{"floor":41.0,"key":"Regen Potion"},{"floor":44.0,"key":"GamblersBrew"}],"is_trial":false,"path_per_floor":["M","?","$","$","M","E","R","E","T","M","E","?","$","E","R","B",null,"M","M","M","?","M","E","R","E","T","M","?","$","M","E","R","B",null,"M","?","$","M","M","R","E","R","T","?","R","E","?","?","R","B",null,"R","$","E","B",null],"character_chosen":"WATCHER","items_purchased":["CrushJoints","Toxic Egg 2","DeusExMachina+1","Finesse+1","Fruit Juice","Fasting2+1","Happy Flower","Lantern","FairyPotion","Strange Spoon","DuplicationPotion"],"campfire_rested":0,"item_purchase_floors":[4,13,13,29,29,29,37,37,53,53,53],"current_hp_per_floor":[72,72,72,72,72,72,72,72,72,72,72,72,72,72,72,15,72,66,66,45,45,38,35,35,29,29,27,26,46,46,44,44,24,77,57,57,72,60,60,60,50,50,50,53,53,53,43,43,43,47,77,77,77,67,3],"gold":137,"neow_bonus":"THREE_ENEMY_KILL","is_daily":false,"chose_seed":false,"campfire_upgraded":8,"win_rate":0.0,"timestamp":1610419709,"path_taken":["M","?","$","?","?","E","R","E","T","?","E","?","?","E","R","BOSS","M","M","?","?","M","E","R","E","T","M","?","$","M","E","R","BOSS","M","?","$","?","M","R","E","R","T","?","R","E","?","?","R","BOSS","R","$","E","BOSS"],"items_purchased_type":["Card","Relic","Card","Card","Potion","Card","Relic","Relic","Potion","Relic","Potion"],"build_version":"2020-12-22","purchased_purges":2,"victory":true,"max_hp_per_floor":[72,72,72,72,72,72,72,72,72,72,72,72,72,72,72,72,72,72,72,72,72,72,72,72,72,72,72,72,77,77,77,77,77,77,77,77,77,77,77,77,77,77,77,77,77,77,77,77,77,77,77,77,77,77,77],"card_choices":[{"not_picked":["SashWhip","Protect"],"picked":"WaveOfTheHand","floor":1.0},{"not_picked":["FlurryOfBlows","EmptyFist"],"picked":"BattleHymn","floor":5.0},{"not_picked":["ClearTheMind","Consecrate"],"picked":"Indignation","floor":6.0},{"not_picked":["Tantrum","JustLucky"],"picked":"Vault","floor":8.0},{"not_picked":["ClearTheMind","ThirdEye"],"picked":"BattleHymn","floor":10.0},{"not_picked":["FlyingSleeves","WindmillStrike"],"picked":"Wallop","floor":11.0},{"not_picked":["Swivel+1","Weave","SashWhip"],"picked":"SKIP","floor":14.0},{"not_picked":["Ragnarok","Vault+1"],"picked":"Wish+1","floor":16.0},{"not_picked":["BowlingBash","DeceiveReality+1"],"picked":"Fasting2+1","floor":18.0},{"not_picked":["CarveReality","WreathOfFlame+1"],"picked":"ClearTheMind+1","floor":19.0},{"not_picked":["EmptyBody+1","FollowUp"],"picked":"FlurryOfBlows+1","floor":20.0},{"not_picked":["Sanctity+1","Consecrate","SashWhip+1"],"picked":"SKIP","floor":22.0},{"not_picked":["CrushJoints+1","Wireheading+1"],"picked":"Scrawl+1","floor":23.0},{"not_picked":["CrushJoints","Crescendo+1","PathToVictory+1"],"picked":"SKIP","floor":25.0},{"not_picked":["Crescendo+1","Conclude","Sanctity+1"],"picked":"SKIP","floor":27.0},{"not_picked":["Crescendo+1","Study+1","ThirdEye+1"],"picked":"SKIP","floor":30.0},{"not_picked":["BowlingBash","Evaluate+1","Nirvana+1"],"picked":"SKIP","floor":31.0},{"not_picked":["Establishment+1","SpiritShield+1"],"picked":"DevaForm+1","floor":33.0},{"not_picked":["PathToVictory+1"],"picked":"SKIP","floor":35.0},{"not_picked":["Prostrate+1"],"picked":"SKIP","floor":38.0},{"not_picked":[],"picked":"EmptyBody+1","floor":39.0},{"not_picked":["FlyingSleeves+1"],"picked":"SKIP","floor":41.0},{"not_picked":[],"picked":"SandsOfTime+1","floor":46.0},{"not_picked":["EmptyBody+1"],"picked":"SKIP","floor":54.0}],"player_experience":659419,"relics_obtained":[{"floor":6.0,"key":"Blue Candle"},{"floor":8.0,"key":"MealTicket"},{"floor":11.0,"key":"Turnip"},{"floor":14.0,"key":"Frozen Egg 2"},{"floor":23.0,"key":"HollowMod:LifeEnderRelic"},{"floor":25.0,"key":"Bottled Lightning"},{"floor":26.0,"key":"Yang"},{"floor":28.0,"key":"Red Mask"},{"floor":31.0,"key":"The Courier"},{"floor":41.0,"key":"Nunchaku"},{"floor":43.0,"key":"Vajra"},{"floor":44.0,"key":"Torii"},{"floor":46.0,"key":"Toy Ornithopter"},{"floor":48.0,"key":"CatCart"},{"floor":54.0,"key":"Calipers"}],"event_choices":[{"cards_removed":["Defend_P"],"damage_healed":0.0,"max_hp_gain":0.0,"max_hp_loss":0.0,"gold_gain":0.0,"event_name":"The Cleric","player_choice":"Card Removal","floor":2.0,"gold_loss":50.0,"damage_taken":0.0},{"damage_healed":0.0,"max_hp_gain":0.0,"max_hp_loss":0.0,"gold_gain":275.0,"event_name":"Golden Shrine","player_choice":"Desecrate","floor":12.0,"gold_loss":0.0,"damage_taken":0.0,"cards_obtained":["Regret"]},{"damage_healed":0.0,"max_hp_gain":0.0,"max_hp_loss":0.0,"gold_gain":0.0,"cards_transformed":["WaveOfTheHand","Strike_P"],"event_name":"Drug Dealer","player_choice":"Became Test Subject","floor":21.0,"gold_loss":0.0,"damage_taken":0.0,"cards_obtained":["Study","Ragnarok"]},{"damage_healed":0.0,"max_hp_gain":0.0,"max_hp_loss":0.0,"gold_gain":0.0,"event_name":"Masked Bandits","player_choice":"Fought Bandits","floor":28.0,"gold_loss":0.0,"damage_taken":0.0},{"damage_healed":0.0,"max_hp_gain":0.0,"max_hp_loss":0.0,"gold_gain":0.0,"event_name":"Duplicator","player_choice":"Copied","floor":36.0,"gold_loss":0.0,"damage_taken":0.0,"cards_obtained":["DeusExMachina"]},{"damage_healed":0.0,"max_hp_gain":0.0,"max_hp_loss":0.0,"gold_gain":0.0,"event_name":"MindBloom","player_choice":"Fight","floor":44.0,"gold_loss":0.0,"damage_taken":0.0},{"damage_healed":0.0,"max_hp_gain":0.0,"max_hp_loss":0.0,"gold_gain":0.0,"event_name":"Winding Halls","player_choice":"Embrace Madness","floor":47.0,"gold_loss":0.0,"damage_taken":10.0,"cards_obtained":["Madness","Madness"]},{"damage_healed":0.0,"max_hp_gain":0.0,"max_hp_loss":0.0,"gold_gain":0.0,"event_name":"OrinTheCat","player_choice":"Fight","floor":48.0,"gold_loss":0.0,"damage_taken":0.0}],"is_beta":false,"boss_relics":[{"not_picked":["Hololive_TopUpMoneyS","HolyWater"],"picked":"Cursed Key"},{"not_picked":["Tiny House","Velvet Choker"],"picked":"Busted Crown"}],"items_purged_floors":[29,53],"is_endless":false,"potions_floor_spawned":[6,8,14,19,20,25,27,30,39,41,44,54],"ascension_level":3}}