{"host":"t4313i2190y6fz3q","time":1610478856,"event":{"mods":["2.2 Compatiblity","AchievementEnabler","Act Like it!","BaseMod","Colored Powertips","Downfall","Highlight Path","Minty Spire (QoL Compilation)","Permanent Neow","Quick Restart","Rare Cards Sparkle","StSLib"],"gold_per_floor":[115,126,145,165,180,180,193,193,218,232,266,266,299,42,42,143,143,157,192,206,305,318,318,331,331,331,256,256,273,302,302,302,399,399,414,414,44,63,113,113,140,155,155,172,22,35,35,51,51,51],"floor_reached":51,"playtime":2038,"items_purged":["Strike_R","Defend_R"],"score":1042,"play_id":"16647215-526b-43eb-89f6-16bc478e4074","local_time":"20210112111416","is_ascension_mode":true,"campfire_choices":[{"data":"Bash","floor":6.0,"key":"SMITH"},{"data":"Flex","floor":8.0,"key":"SMITH"},{"data":"Cleave","floor":12.0,"key":"SMITH"},{"data":"Limit Break","floor":15.0,"key":"SMITH"},{"floor":23.0,"key":"REST"},{"data":"Offering","floor":25.0,"key":"SMITH"},{"data":"Shrug It Off","floor":28.0,"key":"SMITH"},{"data":"Evolve","floor":32.0,"key":"SMITH"},{"data":"Sword Boomerang","floor":40.0,"key":"SMITH"},{"data":"Corruption","floor":49,"key":"SMITH"}],"circlet_count":0,"master_deck":["AscendersBane","Strike_R","Strike_R","Strike_R","Defend_R+1","Defend_R","Defend_R+1","Bash+1","Cleave+1","Pommel Strike","Flex+1","Shrug It Off+1","Wild Strike","Sword Boomerang+1","Evolve+1","Spot Weakness","Limit Break+1","Offering+1","Shrug It Off+1","Twin Strike+1","Dropkick+1","Pummel+1","Rage+1","Reaper","Blood for Blood+1","Wild Strike","Corruption+1","Uppercut","Heavy Blade+1"],"relics":["Burning Blood","War Paint","Magic Flower","Omamori","StrikeDummy","Runic Cube","Red Mask","Torii","Ancient Tea Set","Dead Branch","Velvet Choker","Gremlin Horn","Membership Card","Meat on the Bone","Guardian:GemstoneGun","Blue Candle","FossilizedHelix","Medical Kit","Anchor"],"acts_visited":["Exordium","TheCity","TheBeyond"],"potions_floor_usage":[46,50,50],"damage_taken":[{"damage":1.0,"enemies":"Cultist","floor":1.0,"turns":3.0},{"damage":3.0,"enemies":"2 Louse","floor":2.0,"turns":3.0},{"damage":14.0,"enemies":"Jaw Worm","floor":3.0,"turns":3.0},{"damage":7.0,"enemies":"2 Fungi Beasts","floor":4.0,"turns":4.0},{"damage":8.0,"enemies":"Blue Slaver","floor":5.0,"turns":3.0},{"damage":0.0,"enemies":"Gremlin Gang","floor":7.0,"turns":1.0},{"damage":10.0,"enemies":"Large Slime","floor":10.0,"turns":6.0},{"damage":15.0,"enemies":"Gremlin Nob","floor":11.0,"turns":4.0},{"damage":33.0,"enemies":"Lagavulin","floor":13.0,"turns":7.0},{"damage":33.0,"enemies":"Hexaghost","floor":16.0,"turns":9.0},{"damage":26.0,"enemies":"2 Thieves","floor":18.0,"turns":4.0},{"damage":25.0,"enemies":"Masked Bandits","floor":19.0,"turns":3.0},{"damage":20.0,"enemies":"3 Byrds","floor":20.0,"turns":4.0},{"damage":10.0,"enemies":"Centurion and Healer","floor":22.0,"turns":7.0},{"damage":7.0,"enemies":"Snake Plant","floor":24.0,"turns":3.0},{"damage":21.0,"enemies":"Shelled Parasite and Fungi","floor":29.0,"turns":3.0},{"damage":9.0,"enemies":"Slavers","floor":30.0,"turns":4.0},{"damage":23.0,"enemies":"Champ","floor":33.0,"turns":7.0},{"damage":45.0,"enemies":"3 Darklings","floor":35.0,"turns":5.0},{"damage":11.0,"enemies":"3 Shapes","floor":38.0,"turns":4.0},{"damage":7.0,"enemies":"Mind Bloom Boss Battle","floor":39.0,"turns":5.0},{"damage":7.0,"enemies":"Giant Head","floor":41.0,"turns":4.0},{"damage":23.0,"enemies":"Jaw Worm Horde","floor":42.0,"turns":4.0},{"damage":7.0,"enemies":"3 Darklings","floor":44.0,"turns":5.0},{"damage":12,"enemies":"Writhing Mass","floor":46,"turns":3},{"damage":41,"enemies":"Sphere and 2 Shapes","floor":48,"turns":6},{"damage":79,"enemies":"Donu and Deca","floor":50,"turns":7}],"seed_played":"6057572945586705930","potions_obtained":[{"floor":4.0,"key":"DistilledChaos"},{"floor":10.0,"key":"SneckoOil"},{"floor":11.0,"key":"Block Potion"},{"floor":13.0,"key":"CultistPotion"},{"floor":16.0,"key":"FairyPotion"},{"floor":18.0,"key":"PowerPotion"},{"floor":22.0,"key":"Swift Potion"},{"floor":29.0,"key":"Block Potion"},{"floor":33.0,"key":"FearPotion"},{"floor":35.0,"key":"Guardian:BlockOnCardUsePotion"},{"floor":38.0,"key":"PowerPotion"},{"floor":48,"key":"PowerPotion"}],"is_trial":false,"path_per_floor":["M","M","M","M","M","R","M","R","T","M","E","R","E","$","R","B",null,"M","?","M","?","M","R","M","R","T","$","R","M","E","?","R","B",null,"M","?","$","M","?","R","E","M","T","M","$","M","?","M","R","B",null],"character_chosen":"IRONCLAD","items_purchased":["StrikeDummy","Membership Card","Meat on the Bone","Fruit Juice","Medical Kit","Anchor"],"campfire_rested":1,"item_purchase_floors":[14,37,37,37,45,45],"current_hp_per_floor":[77,80,72,71,69,69,75,75,75,71,62,62,38,38,38,14,64,47,31,20,20,19,43,45,45,45,45,45,33,33,33,33,19,65,68,68,68,80,82,82,85,71,71,85,85,82,82,65,65,40],"gold":51,"neow_bonus":"TRANSFORM_CARD","is_daily":false,"chose_seed":false,"campfire_upgraded":9,"win_rate":0.0,"timestamp":1610478856,"path_taken":["M","M","M","M","?","R","?","R","T","?","E","R","E","?","R","BOSS","M","?","M","?","M","R","M","R","T","$","R","?","E","?","R","BOSS","M","?","$","?","?","R","E","M","T","M","$","M","?","M","R","BOSS"],"items_purchased_type":["Relic","Relic","Relic","Potion","Relic","Relic"],"build_version":"2020-12-22","purchased_purges":2,"victory":true,"max_hp_per_floor":[80,80,80,80,80,80,80,80,80,80,80,80,80,80,80,80,80,80,80,80,80,80,80,80,80,80,80,80,80,80,80,80,80,80,80,80,80,85,85,85,85,85,85,85,85,85,85,85,85,85],"card_choices":[{"not_picked":["Clothesline","Body Slam"],"picked":"Pommel Strike","floor":1.0},{"not_picked":["Perfected Strike","Rupture"],"picked":"Flex","floor":2.0},{"not_picked":["Sword Boomerang","Cleave"],"picked":"Shrug It Off","floor":3.0},{"not_picked":["Evolve","Sentinel"],"picked":"Wild Strike","floor":4.0},{"not_picked":["Feel No Pain","Havoc"],"picked":"Sword Boomerang","floor":5.0},{"not_picked":["Iron Wave","Power Through"],"picked":"Evolve","floor":7.0},{"not_picked":["Rampage","Havoc","Armaments"],"picked":"SKIP","floor":10.0},{"not_picked":["Rage","Perfected Strike"],"picked":"Spot Weakness","floor":11.0},{"not_picked":["Flex","Warcry"],"picked":"Limit Break","floor":13.0},{"not_picked":["Corruption","Limit Break"],"picked":"Offering","floor":16.0},{"not_picked":["Entrench","Armaments+1"],"picked":"Shrug It Off+1","floor":18.0},{"not_picked":["Pommel Strike","Second Wind"],"picked":"Twin Strike+1","floor":20.0},{"not_picked":["Armaments","Clash"],"picked":"Dropkick+1","floor":22.0},{"not_picked":["Pommel Strike","Brutality"],"picked":"Pummel+1","floor":24.0},{"not_picked":["Warcry","Clash"],"picked":"Rage+1","floor":29.0},{"not_picked":["Clothesline","Body Slam","Anger"],"picked":"SKIP","floor":30.0},{"not_picked":["Immolate","Bludgeon"],"picked":"Reaper","floor":33.0},{"not_picked":["Havoc","Rampage+1"],"picked":"Blood for Blood+1","floor":35.0},{"not_picked":["Warcry+1","Iron Wave+1","Twin Strike+1"],"picked":"SKIP","floor":38.0},{"not_picked":["Warcry","Exhume"],"picked":"Wild Strike","floor":39.0},{"not_picked":["Armaments+1","Whirlwind+1"],"picked":"Corruption","floor":41.0},{"not_picked":["Sword Boomerang+1","Wild Strike","Dropkick"],"picked":"SKIP","floor":42.0},{"not_picked":["Twin Strike","Thunderclap"],"picked":"Uppercut","floor":44.0},{"not_picked":["Sever Soul","Dual Wield+1"],"picked":"Heavy Blade+1","floor":46},{"not_picked":["Ghostly Armor+1","Perfected Strike","Bludgeon"],"picked":"SKIP","floor":48}],"player_experience":203115,"relics_obtained":[{"floor":9.0,"key":"War Paint"},{"floor":11.0,"key":"Magic Flower"},{"floor":13.0,"key":"Omamori"},{"floor":19.0,"key":"Red Mask"},{"floor":26.0,"key":"Torii"},{"floor":30.0,"key":"Ancient Tea Set"},{"floor":36.0,"key":"Gremlin Horn"},{"floor":39.0,"key":"Guardian:GemstoneGun"},{"floor":41.0,"key":"Blue Candle"},{"floor":43.0,"key":"FossilizedHelix"}],"event_choices":[{"damage_healed":0.0,"max_hp_gain":0.0,"max_hp_loss":0.0,"gold_gain":0.0,"event_name":"Masked Bandits","player_choice":"Fought Bandits","floor":19.0,"gold_loss":0.0,"damage_taken":0.0},{"damage_healed":0.0,"max_hp_gain":0.0,"max_hp_loss":0.0,"gold_gain":99.0,"event_name":"Nest","player_choice":"Stole From Cult","floor":21.0,"gold_loss":0.0,"damage_taken":0.0},{"damage_healed":0.0,"max_hp_gain":0.0,"max_hp_loss":0.0,"gold_gain":0.0,"event_name":"The Mausoleum","player_choice":"Opened","floor":31.0,"gold_loss":0.0,"damage_taken":0.0,"relics_obtained":["Dead Branch"]},{"damage_healed":0.0,"max_hp_gain":0.0,"max_hp_loss":0.0,"gold_gain":0.0,"event_name":"Wheel of Change","player_choice":"Relic","floor":36.0,"gold_loss":0.0,"damage_taken":0.0},{"damage_healed":0.0,"max_hp_gain":0.0,"max_hp_loss":0.0,"gold_gain":0.0,"event_name":"MindBloom","player_choice":"Fight","floor":39.0,"gold_loss":0.0,"damage_taken":0.0},{"damage_healed":0,"gold_gain":0,"player_choice":"Memory 1","damage_taken":0,"max_hp_gain":0,"max_hp_loss":0,"event_name":"SensoryStone","floor":47,"gold_loss":0}],"is_beta":false,"boss_relics":[{"not_picked":["Pandora\u0027s Box","Astrolabe"],"picked":"Runic Cube"},{"not_picked":["Snecko Eye","SlaversCollar"],"picked":"Velvet Choker"}],"items_purged_floors":[27,37],"is_endless":false,"potions_floor_spawned":[4,10,11,13,16,18,22,29,33,35,38,41,42,48],"ascension_level":10}}