{"host":"t4313i2190y6fz3q","time":1610411857,"event":{"mods":["2.2 Compatiblity","AchievementEnabler","Act Like it!","BaseMod","Colored Powertips","Downfall","Highlight Path","Minty Spire (QoL Compilation)","Permanent Neow","Quick Restart","Rare Cards Sparkle","StSLib"],"gold_per_floor":[116,130,130,145,70,104,104,133,433,491,491,566,22,22,22,22,22],"floor_reached":16,"playtime":464,"items_purged":["Regret","Defend_B"],"score":154,"play_id":"ac02dfd1-92ed-468e-a335-4cf9cdc6f90b","local_time":"20210111163737","is_ascension_mode":true,"campfire_choices":[{"data":"Zap","floor":7.0,"key":"SMITH"},{"floor":11.0,"key":"REST"},{"data":"Dualcast","floor":15.0,"key":"SMITH"}],"circlet_count":0,"master_deck":["Strike_B","Strike_B","Strike_B","Strike_B","Defend_B","Defend_B","Defend_B","Zap+1","Dualcast+1","All For One","Go for the Eyes","BootSequence","Conserve Battery","Sweeping Beam","Stack","Rip and Tear+1","Auto Shields"],"relics":["Cracked Core","Matryoshka","CaptainsWheel","Molten Egg 2","Toy Ornithopter","Old Coin","Guardian:BottledAnomaly","Anchor","FaceOfCleric"],"acts_visited":["Exordium"],"potions_floor_usage":[],"damage_taken":[{"damage":1.0,"enemies":"Cultist","floor":1.0,"turns":3.0},{"damage":3.0,"enemies":"Jaw Worm","floor":2.0,"turns":4.0},{"damage":2.0,"enemies":"2 Louse","floor":4.0,"turns":3.0},{"damage":22.0,"enemies":"Lagavulin","floor":6.0,"turns":8.0},{"damage":24.0,"enemies":"Gremlin Nob","floor":8.0,"turns":5.0},{"damage":30,"enemies":"Hexaghost","floor":16,"turns":10}],"seed_played":"-3704930120295800282","potions_obtained":[{"floor":6.0,"key":"DuplicationPotion"}],"is_trial":false,"path_per_floor":["M","M","?","M","$","E","R","E","T","?","R","?","$","?","R","B"],"character_chosen":"DEFECT","items_purchased":["Guardian:BottledAnomaly","Rip and Tear+1","Auto Shields","Anchor"],"campfire_rested":1,"item_purchase_floors":[13,13,13,13],"current_hp_per_floor":[67,64,64,62,62,40,40,16,16,16,38,27,27,27,27,0,0],"gold":22,"neow_bonus":"ONE_RANDOM_RARE_CARD","is_daily":false,"chose_seed":false,"campfire_upgraded":2,"win_rate":0.0,"timestamp":1610411857,"path_taken":["M","M","?","M","$","E","R","E","T","?","R","?","$","?","R","BOSS"],"items_purchased_type":["Relic","Card","Card","Relic"],"build_version":"2020-12-22","purchased_purges":2,"victory":false,"max_hp_per_floor":[75,75,75,75,75,75,75,75,75,75,75,75,75,75,75,75,75],"card_choices":[{"not_picked":["Leap","Compile Driver"],"picked":"Go for the Eyes","floor":1.0},{"not_picked":["Recycle","Steam Power"],"picked":"BootSequence","floor":2.0},{"not_picked":["Leap","Creative AI"],"picked":"Conserve Battery","floor":4.0},{"not_picked":["Creative AI","Go for the Eyes"],"picked":"Sweeping Beam","floor":6.0},{"not_picked":["Redo","Biased Cognition"],"picked":"Stack","floor":8.0}],"player_experience":256616,"relics_obtained":[{"floor":6.0,"key":"CaptainsWheel"},{"floor":8.0,"key":"Molten Egg 2"},{"floor":9.0,"key":"Toy Ornithopter"},{"floor":9.0,"key":"Old Coin"}],"event_choices":[{"damage_healed":0.0,"max_hp_gain":0.0,"max_hp_loss":0.0,"gold_gain":0.0,"event_name":"Big Fish","player_choice":"Box","floor":3.0,"gold_loss":0.0,"damage_taken":0.0,"relics_obtained":["Matryoshka"],"cards_obtained":["Regret"]},{"damage_healed":0.0,"max_hp_gain":0.0,"max_hp_loss":0.0,"gold_gain":58.0,"event_name":"Golden Wing","player_choice":"Gained Gold","floor":10.0,"gold_loss":0.0,"damage_taken":0.0},{"damage_healed":0.0,"max_hp_gain":0.0,"max_hp_loss":0.0,"gold_gain":75.0,"event_name":"World of Goop","player_choice":"Gather Gold","floor":12.0,"gold_loss":0.0,"damage_taken":11.0},{"damage_healed":0.0,"max_hp_gain":0.0,"max_hp_loss":0.0,"gold_gain":0.0,"event_name":"FaceTrader","player_choice":"Trade","floor":14.0,"gold_loss":0.0,"damage_taken":0.0,"relics_obtained":["FaceOfCleric"]}],"is_beta":false,"boss_relics":[],"items_purged_floors":[5,13],"is_endless":false,"potions_floor_spawned":[6],"killed_by":"Hexaghost","ascension_level":9}}