{"host":"vumwfieg2b2mnrfl","time":1610417292,"event":{"mods":["AchievementEnabler","BaseMod","Minty Spire (QoL Compilation)","Rare Cards Sparkle","Relic Stats"],"gold_per_floor":[110,110,110,123,142,174,174,174,174],"floor_reached":8,"playtime":327,"items_purged":[],"score":106,"play_id":"214f03cc-c779-4d0d-8156-52fa26ce7fa1","local_time":"20210111200812","is_ascension_mode":true,"campfire_choices":[{"floor":7,"key":"REST"}],"circlet_count":0,"master_deck":["AscendersBane","Strike_G","Strike_G","Strike_G","Strike_G","Defend_G","Defend_G","Defend_G","Defend_G","Defend_G","Survivor","Neutralize","Poisoned Stab","Concentrate","Footwork","Leg Sweep","Dagger Spray"],"relics":["Ring of the Snake","Thread and Needle","Matryoshka"],"acts_visited":["Exordium"],"potions_floor_usage":[],"damage_taken":[{"damage":0,"enemies":"Jaw Worm","floor":1,"turns":6},{"damage":0,"enemies":"Small Slimes","floor":4,"turns":5},{"damage":1,"enemies":"Cultist","floor":5,"turns":5},{"damage":39,"enemies":"Gremlin Nob","floor":6,"turns":6},{"damage":47,"enemies":"Lagavulin","floor":8,"turns":13}],"seed_played":"-3954942218116270659","potions_obtained":[],"is_trial":false,"path_per_floor":["M","?","?","M","M","E","R","E"],"character_chosen":"THE_SILENT","items_purchased":[],"campfire_rested":1,"item_purchase_floors":[],"current_hp_per_floor":[59,59,59,59,58,19,38,0,0],"gold":174,"neow_bonus":"ONE_RARE_RELIC","is_daily":false,"chose_seed":false,"campfire_upgraded":0,"win_rate":0.0,"timestamp":1610417292,"path_taken":["M","?","?","M","M","E","R","E"],"items_purchased_type":[],"build_version":"2020-12-22","purchased_purges":0,"victory":false,"max_hp_per_floor":[66,66,66,66,66,66,66,66,66],"relic_stats":{"counters":[5,35],"obtain_stats":[{"Matryoshka":6,"Thread and Needle":0,"Ring of the Snake":0},{"Matryoshka":4,"Thread and Needle":0,"Ring of the Snake":0},{"Matryoshka":22,"Thread and Needle":0,"Ring of the Snake":0}],"Ring of the Snake":[10]},"card_choices":[{"not_picked":["Underhanded Strike","Deadly Poison"],"picked":"Poisoned Stab","floor":1},{"not_picked":["Escape Plan","Prepared"],"picked":"Footwork","floor":4},{"not_picked":["Finisher","Blur"],"picked":"Leg Sweep","floor":5},{"not_picked":["Concentrate","Distraction"],"picked":"Dagger Spray","floor":6}],"player_experience":406806,"relics_obtained":[{"floor":6,"key":"Matryoshka"}],"event_choices":[{"damage_healed":0,"gold_gain":0,"cards_transformed":["Strike_G"],"player_choice":"Change","damage_taken":0,"max_hp_gain":0,"max_hp_loss":0,"event_name":"Living Wall","floor":2,"gold_loss":0,"cards_obtained":["Concentrate"]},{"cards_removed":["Clumsy"],"damage_healed":0,"gold_gain":0,"player_choice":"Purged","damage_taken":0,"max_hp_gain":0,"max_hp_loss":0,"event_name":"Purifier","floor":3,"gold_loss":0}],"is_beta":false,"boss_relics":[],"items_purged_floors":[],"is_endless":false,"potions_floor_spawned":[],"killed_by":"Lagavulin","ascension_level":18}}