{"host":"y89x8uui45kcjy42","time":1610438827,"event":{"mods":["2.2 Compatiblity","BaseMod","CapriCore","Colored Map","Colored Powertips","Custom Start","Friendly Minions","Keyboard Shortcuts","Minty Spire (QoL Compilation)","Relic Stats","Slay the Relics Exporter","StSLib","SuperFastMode","Uncapped"],"gold_per_floor":[109,28,45,58,71,71,98,98,121,136,136,16,49,65,65,137,137,150,162,162,87,120,120,39,39,63,97,167,182,163,181,181,255,255,275,275,275,291,159,187,187,187,238,252,262,292,292,325,325,325,325,325,325,72,100,100],"floor_reached":57,"playtime":1450,"items_purged":["Eruption+1"],"score":3236,"play_id":"e68cc0fc-2ef9-428e-8146-e71886ef74fa","local_time":"20210112170707","is_ascension_mode":true,"campfire_choices":[{"data":"Eruption","floor":6,"key":"SMITH"},{"data":"CrushJoints","floor":8,"key":"SMITH"},{"data":"EmptyMind","floor":11,"key":"SMITH"},{"data":"MentalFortress","floor":15,"key":"SMITH"},{"data":"MentalFortress","floor":23,"key":"SMITH"},{"data":"WreathOfFlame","floor":25,"key":"SMITH"},{"data":"Adaptation","floor":32,"key":"SMITH"},{"data":"MentalFortress","floor":41,"key":"SMITH"},{"floor":47,"key":"RECALL"},{"data":"Pray","floor":49,"key":"SMITH"},{"data":"Vigilance","floor":53,"key":"SMITH"}],"circlet_count":0,"master_deck":["Vigilance+1","ConjureBlade+1","MasterReality+1","CrushJoints+1","InnerPeace+1","EmptyMind+1","WreathOfFlame+1","MentalFortress+1","MentalFortress+1","Adaptation+1","MentalFortress+1","Vault+1","Worship+1","Pray+1","TalkToTheHand+1","TalkToTheHand+1"],"relics":["Coffee Dripper","Coffee Dripper","Coffee Dripper","Coffee Dripper","Coffee Dripper","Chemical X","Membership Card","Bag of Preparation","Boot","Vajra","TheAbacus","Bag of Marbles","TeardropLocket","Black Star","Red Mask","VioletLotus","Sling","Tiny Chest","Smiling Mask","InkBottle","SacredBark","Frozen Egg 2","ClockworkSouvenir","Blue Candle","Yang","Nunchaku","Ornamental Fan","Sundial","Damaru","War Paint","CaptainsWheel","Potion Belt","Ginger","Pantograph"],"acts_visited":["Exordium","TheCity","TheBeyond","TheEnding"],"potions_floor_usage":[56,56,56,56,56,56,56],"damage_taken":[{"damage":0,"enemies":"Cultist","floor":1,"turns":2},{"damage":1,"enemies":"Small Slimes","floor":3,"turns":3},{"damage":0,"enemies":"Jaw Worm","floor":4,"turns":2},{"damage":0,"enemies":"Large Slime","floor":5,"turns":2},{"damage":0,"enemies":"Gremlin Nob","floor":7,"turns":2},{"damage":0,"enemies":"Looter","floor":10,"turns":2},{"damage":0,"enemies":"Lagavulin","floor":13,"turns":2},{"damage":0,"enemies":"Exordium Thugs","floor":14,"turns":2},{"damage":0,"enemies":"Hexaghost","floor":16,"turns":2},{"damage":0,"enemies":"3 Byrds","floor":18,"turns":4},{"damage":0,"enemies":"Shell Parasite","floor":19,"turns":2},{"damage":0,"enemies":"Masked Bandits","floor":22,"turns":2},{"damage":0,"enemies":"Gremlin Leader","floor":27,"turns":2},{"damage":7,"enemies":"Shelled Parasite and Fungi","floor":29,"turns":2},{"damage":0,"enemies":"Snake Plant","floor":31,"turns":2},{"damage":0,"enemies":"Champ","floor":33,"turns":2},{"damage":0,"enemies":"3 Darklings","floor":35,"turns":3},{"damage":12,"enemies":"3 Shapes","floor":38,"turns":3},{"damage":0,"enemies":"Nemesis","floor":40,"turns":4},{"damage":0,"enemies":"Transient","floor":44,"turns":3},{"damage":25,"enemies":"4 Shapes","floor":45,"turns":5},{"damage":9,"enemies":"Giant Head","floor":46,"turns":2},{"damage":0,"enemies":"Nemesis","floor":48,"turns":3},{"damage":24,"enemies":"Donu and Deca","floor":50,"turns":3},{"damage":18,"enemies":"Time Eater","floor":51,"turns":3},{"damage":53,"enemies":"Shield and Spear","floor":55,"turns":4},{"damage":36,"enemies":"The Heart","floor":56,"turns":6}],"seed_played":"6767903685909093360","potions_obtained":[{"floor":4,"key":"DuplicationPotion"},{"floor":10,"key":"EntropicBrew"}],"is_trial":false,"path_per_floor":["M","$","M","M","M","R","E","R","T","M","R","$","E","M","R","B",null,"M","M","?","?","?","R","$","R","T","E","T","M","$","M","R","B",null,"M","?","T","M","$","E","R","?","T","M","M","E","R","E","R","B","B",null,"R","$","E","B",null],"character_chosen":"WATCHER","items_purchased":["Bag of Preparation","TheAbacus","WreathOfFlame","Sling","MentalFortress","ClockworkSouvenir","CaptainsWheel","Ambrosia","EssenceOfSteel"],"campfire_rested":0,"item_purchase_floors":[2,12,12,24,30,39,54,54,54],"current_hp_per_floor":[67,67,66,66,66,66,66,66,66,66,66,66,66,66,66,66,72,72,72,51,51,51,51,51,51,51,51,51,44,44,44,44,44,70,70,70,70,58,58,58,58,58,58,58,33,24,24,24,24,55,37,69,69,69,79,62],"gold":100,"neow_bonus":"TEN_PERCENT_HP_BONUS","is_daily":false,"chose_seed":false,"campfire_upgraded":10,"win_rate":0.0,"timestamp":1610438827,"path_taken":["M","$","M","M","?","R","E","R","T","M","R","$","E","M","R","BOSS","M","M","?","?","?","R","$","R","T","E","?","M","$","?","R","BOSS","M","?","?","M","$","E","R","?","T","M","M","E","R","E","R","BOSS","BOSS","R","$","E","BOSS"],"items_purchased_type":["Relic","Relic","Card","Relic","Card","Relic","Relic","Potion","Potion"],"build_version":"2020-12-22","purchased_purges":1,"victory":true,"max_hp_per_floor":[74,74,74,74,74,74,74,74,74,74,74,74,74,74,74,74,74,74,74,79,79,79,79,79,79,79,79,79,79,79,79,79,79,79,79,79,79,79,79,79,79,79,79,79,79,79,79,79,79,79,79,79,79,79,79,79],"relic_stats":{"counters":[27,74],"Blue Candle":[0],"Yang":[35],"Bag of Preparation":[50],"Ginger":[2],"War Paint":["Worship","InnerPeace"],"Boot":[66],"Smiling Mask":-12,"Nunchaku":[3],"TheAbacus":[378],"Ornamental Fan":[12],"Sundial":[8],"Pantograph":0,"Tiny Chest":1,"VioletLotus":[34],"Black Star":5,"Chemical X":[26],"obtain_stats":[{"SacredBark":34,"Vajra":9,"Yang":40,"Bag of Preparation":2,"TeardropLocket":14,"Ginger":55,"Boot":7,"Sling":24,"Smiling Mask":27,"ClockworkSouvenir":39,"Nunchaku":43,"TheAbacus":12,"Sundial":46,"Pantograph":55,"Tiny Chest":27,"VioletLotus":22,"Red Mask":22,"Chemical X":0,"InkBottle":28,"Potion Belt":54,"Blue Candle":40,"Damaru":48,"Frozen Egg 2":37,"War Paint":48,"CaptainsWheel":54,"Ornamental Fan":46,"Coffee Dripper":0,"Bag of Marbles":13,"Black Star":17,"Membership Card":0,"PureWater":0},{"SacredBark":16,"Vajra":5,"Yang":19,"Bag of Preparation":1,"TeardropLocket":8,"Ginger":26,"Boot":5,"Sling":12,"Smiling Mask":13,"ClockworkSouvenir":18,"Nunchaku":19,"TheAbacus":6,"Sundial":22,"Pantograph":26,"Tiny Chest":13,"VioletLotus":12,"Red Mask":12,"Chemical X":0,"InkBottle":13,"Potion Belt":25,"Blue Candle":19,"Damaru":23,"Frozen Egg 2":17,"War Paint":23,"CaptainsWheel":25,"Ornamental Fan":22,"Coffee Dripper":0,"Bag of Marbles":7,"Black Star":9,"Membership Card":0,"PureWater":0},{"SacredBark":35,"Vajra":11,"Yang":45,"Bag of Preparation":2,"TeardropLocket":17,"Ginger":68,"Boot":11,"Sling":27,"Smiling Mask":29,"ClockworkSouvenir":41,"Nunchaku":45,"TheAbacus":13,"Sundial":55,"Pantograph":68,"Tiny Chest":29,"VioletLotus":27,"Red Mask":27,"Chemical X":0,"InkBottle":29,"Potion Belt":64,"Blue Candle":45,"Damaru":58,"Frozen Egg 2":38,"War Paint":58,"CaptainsWheel":64,"Ornamental Fan":55,"Coffee Dripper":0,"Bag of Marbles":15,"Black Star":19,"Membership Card":0,"PureWater":0}],"InkBottle":[22]},"card_choices":[{"not_picked":["PathToVictory","Perseverance","Nirvana"],"picked":"SKIP","floor":1},{"not_picked":["ThirdEye","Study"],"picked":"CrushJoints","floor":3},{"not_picked":["Halt","Crescendo"],"picked":"InnerPeace","floor":4},{"not_picked":["Adaptation","EmptyBody"],"picked":"EmptyMind","floor":5},{"not_picked":["SandsOfTime","SashWhip","FearNoEvil"],"picked":"SKIP","floor":7},{"not_picked":["EmptyBody","SashWhip","Protect"],"picked":"SKIP","floor":10},{"not_picked":["Nirvana","Fasting2","PathToVictory"],"picked":"SKIP","floor":13},{"not_picked":["Meditate","JustLucky","Sanctity"],"picked":"SKIP","floor":14},{"not_picked":["Blasphemy","LessonLearned"],"picked":"Omniscience","floor":16},{"not_picked":["Perseverance","InnerPeace"],"picked":"MentalFortress","floor":18},{"not_picked":["ForeignInfluence","FlurryOfBlows","BowlingBash"],"picked":"SKIP","floor":19},{"not_picked":["Halt","Swivel"],"picked":"Adaptation","floor":27},{"not_picked":["SashWhip+1","Prostrate","Consecrate"],"picked":"SKIP","floor":29},{"not_picked":["Protect","FlurryOfBlows","EmptyBody"],"picked":"SKIP","floor":31},{"not_picked":["Establishment","MasterReality"],"picked":"Vault","floor":33},{"not_picked":["Halt+1","FollowUp","Swivel"],"picked":"SKIP","floor":35},{"not_picked":["LikeWater+1","SashWhip"],"picked":"Worship","floor":38},{"not_picked":["ClearTheMind","EmptyFist+1"],"picked":"Pray","floor":40},{"not_picked":["SandsOfTime","Crescendo","Prostrate+1"],"picked":"SKIP","floor":44},{"not_picked":["EmptyBody","LikeWater+1","ClearTheMind"],"picked":"SKIP","floor":45},{"not_picked":["FollowUp","Worship","Evaluate"],"picked":"SKIP","floor":46},{"not_picked":["SandsOfTime","Nirvana+1","BowlingBash"],"picked":"SKIP","floor":48},{"not_picked":["CrushJoints+1","CutThroughFate","SandsOfTime+1"],"picked":"SKIP","floor":55}],"player_experience":600092,"relics_obtained":[{"floor":7,"key":"Boot"},{"floor":9,"key":"Vajra"},{"floor":13,"key":"Bag of Marbles"},{"floor":22,"key":"Red Mask"},{"floor":27,"key":"Tiny Chest"},{"floor":27,"key":"Smiling Mask"},{"floor":28,"key":"InkBottle"},{"floor":37,"key":"Frozen Egg 2"},{"floor":40,"key":"Blue Candle"},{"floor":40,"key":"Yang"},{"floor":43,"key":"Nunchaku"},{"floor":46,"key":"Ornamental Fan"},{"floor":46,"key":"Sundial"},{"floor":48,"key":"Damaru"},{"floor":48,"key":"War Paint"},{"floor":55,"key":"Ginger"},{"floor":55,"key":"Pantograph"}],"event_choices":[{"damage_healed":0,"gold_gain":0,"player_choice":"Shed Blood","damage_taken":26,"max_hp_gain":5,"max_hp_loss":0,"event_name":"Forgotten Altar","floor":20,"gold_loss":0},{"cards_removed":["Omniscience"],"damage_healed":0,"gold_gain":0,"player_choice":"Gave Gold","damage_taken":0,"max_hp_gain":0,"max_hp_loss":0,"event_name":"Beggar","floor":21,"gold_loss":75},{"damage_healed":0,"gold_gain":0,"player_choice":"Fought Bandits","damage_taken":0,"max_hp_gain":0,"max_hp_loss":0,"event_name":"Masked Bandits","floor":22,"gold_loss":0},{"damage_healed":0,"gold_gain":0,"player_choice":"Forge","damage_taken":0,"max_hp_gain":0,"max_hp_loss":0,"event_name":"Accursed Blacksmith","floor":36,"gold_loss":0,"cards_upgraded":["Vault"]},{"damage_healed":0,"gold_gain":0,"player_choice":"0 cards matched","damage_taken":0,"max_hp_gain":0,"max_hp_loss":0,"event_name":"Match and Keep!","floor":42,"gold_loss":0,"cards_obtained":[]}],"is_beta":false,"boss_relics":[{"not_picked":["Coffee Dripper","Pandora\u0027s Box"],"picked":"Black Star"},{"not_picked":["Tiny House","VioletLotus"],"picked":"SacredBark"}],"items_purged_floors":[39],"is_endless":false,"potions_floor_spawned":[4,10,13,16,22,27,29,33,35,45],"ascension_level":20}}