{"host":"f5n4tidiz2n5sooh","time":1610454375,"event":{"mods":["BaseMod","Colored Map","Minty Spire (QoL Compilation)","Relic Stats","Slay the Relics Exporter","StSLib"],"gold_per_floor":[111,125,400,97,117,117,142,142,142,153,186,200,229,242,242,314,314,325,344,344,344,79,79,79,79],"floor_reached":24,"playtime":853,"items_purged":["Regret","Strike_R"],"score":432,"play_id":"cf590dff-4728-442c-a6cb-08ee778f19fe","local_time":"20210112062615","is_ascension_mode":true,"campfire_choices":[{"data":"Bash","floor":6,"key":"SMITH"},{"data":"Spot Weakness","floor":8,"key":"SMITH"},{"data":"Heavy Blade","floor":15,"key":"SMITH"},{"data":"Ghostly","floor":23,"key":"SMITH"}],"circlet_count":0,"master_deck":["AscendersBane","Strike_R+1","Strike_R+1","Strike_R","Defend_R","Defend_R","Defend_R","Defend_R","Bash+1","Pommel Strike","Cleave","Burning Pact","Spot Weakness+1","Heavy Blade+1","Power Through","Shrug It Off","Sword Boomerang","Shockwave","Impervious","Second Wind","Burning Pact","Ghostly+1","Ghostly","Ghostly","Spot Weakness","True Grit+1","Battle Trance"],"relics":["SacredBark","Bag of Preparation","Lizard Tail","Whetstone","Omamori","Coffee Dripper","Orrery"],"acts_visited":["Exordium","TheCity"],"potions_floor_usage":[7,10,16,22],"damage_taken":[{"damage":1,"enemies":"Cultist","floor":1,"turns":3},{"damage":8,"enemies":"Small Slimes","floor":2,"turns":4},{"damage":4,"enemies":"2 Louse","floor":5,"turns":2},{"damage":20,"enemies":"3 Sentries","floor":7,"turns":6},{"damage":12,"enemies":"Lots of Slimes","floor":10,"turns":2},{"damage":11,"enemies":"Gremlin Nob","floor":11,"turns":3},{"damage":9,"enemies":"Red Slaver","floor":12,"turns":4},{"damage":40,"enemies":"Lagavulin","floor":13,"turns":5},{"damage":0,"enemies":"2 Fungi Beasts","floor":14,"turns":3},{"damage":9,"enemies":"Hexaghost","floor":16,"turns":7},{"damage":35,"enemies":"Spheric Guardian","floor":18,"turns":7},{"damage":12,"enemies":"Chosen","floor":19,"turns":5},{"damage":26,"enemies":"Gremlin Leader","floor":24,"turns":3}],"seed_played":"-2536532254222442594","potions_obtained":[{"floor":1,"key":"GamblersBrew"},{"floor":5,"key":"Swift Potion"},{"floor":13,"key":"LiquidMemories"},{"floor":14,"key":"Ancient Potion"},{"floor":18,"key":"Fruit Juice"}],"is_trial":false,"path_per_floor":["M","M","?","$","M","R","E","R","T","M","E","M","E","M","R","B",null,"M","M","?","?","$","R","E"],"character_chosen":"IRONCLAD","items_purchased":["Bag of Preparation","AttackPotion","Orrery"],"campfire_rested":0,"item_purchase_floors":[4,4,22],"current_hp_per_floor":[67,59,59,59,55,55,35,35,35,23,12,3,17,17,17,8,58,23,11,11,11,21,21,0,0],"gold":79,"neow_bonus":"BOSS_RELIC","is_daily":false,"chose_seed":false,"campfire_upgraded":4,"win_rate":0.0,"timestamp":1610454375,"path_taken":["M","M","?","$","M","R","E","R","T","?","E","M","E","M","R","BOSS","M","M","?","?","$","R","E"],"items_purchased_type":["Relic","Potion","Relic"],"build_version":"2020-12-22","purchased_purges":2,"victory":false,"max_hp_per_floor":[75,75,75,75,75,75,75,75,75,75,75,75,75,75,75,75,75,75,75,37,37,47,47,47,47],"relic_stats":{"Lizard Tail":37,"counters":[13,54],"Bag of Preparation":[22],"Whetstone":["Strike_R","Strike_R"],"obtain_stats":[{"Lizard Tail":7,"SacredBark":0,"Orrery":22,"Bag of Preparation":4,"Omamori":13,"Coffee Dripper":17,"Whetstone":11,"Burning Blood":0},{"Lizard Tail":4,"SacredBark":0,"Orrery":12,"Bag of Preparation":2,"Omamori":8,"Coffee Dripper":10,"Whetstone":6,"Burning Blood":0},{"Lizard Tail":15,"SacredBark":0,"Orrery":51,"Bag of Preparation":7,"Omamori":29,"Coffee Dripper":39,"Whetstone":20,"Burning Blood":0}]},"card_choices":[{"not_picked":["Dropkick","Evolve"],"picked":"Pommel Strike","floor":1},{"not_picked":["Infernal Blade","Thunderclap"],"picked":"Cleave","floor":2},{"not_picked":["Dark Embrace","Thunderclap"],"picked":"Burning Pact","floor":5},{"not_picked":["Limit Break","Flex"],"picked":"Spot Weakness","floor":7},{"not_picked":["Reckless Charge","Fire Breathing"],"picked":"Heavy Blade","floor":10},{"not_picked":["Thunderclap","Pummel"],"picked":"Power Through","floor":11},{"not_picked":["Fire Breathing","Twin Strike"],"picked":"Shrug It Off","floor":12},{"not_picked":["Twin Strike","Wild Strike"],"picked":"Sword Boomerang","floor":13},{"not_picked":["True Grit","Sword Boomerang"],"picked":"Shockwave","floor":14},{"not_picked":["Juggernaut","Demon Form"],"picked":"Impervious","floor":16},{"not_picked":["Evolve+1","Anger"],"picked":"Second Wind","floor":18},{"not_picked":["Sever Soul","Dual Wield"],"picked":"Burning Pact","floor":19},{"not_picked":["Bloodletting+1","Pommel Strike"],"picked":"Spot Weakness","floor":22},{"not_picked":["Flex","Wild Strike"],"picked":"True Grit+1","floor":22},{"not_picked":["Infernal Blade","Shrug It Off"],"picked":"Battle Trance","floor":22}],"player_experience":2001995,"relics_obtained":[{"floor":7,"key":"Lizard Tail"},{"floor":11,"key":"Whetstone"},{"floor":13,"key":"Omamori"}],"event_choices":[{"damage_healed":0,"gold_gain":275,"player_choice":"Desecrate","damage_taken":0,"max_hp_gain":0,"max_hp_loss":0,"event_name":"Golden Shrine","floor":3,"gold_loss":0,"cards_obtained":["Regret"]},{"damage_healed":0,"gold_gain":0,"player_choice":"Became a Ghost","damage_taken":0,"max_hp_gain":0,"max_hp_loss":38,"event_name":"Ghosts","floor":20,"gold_loss":0,"cards_obtained":["Ghostly","Ghostly","Ghostly"]},{"cards_removed":["Strike_R"],"damage_healed":0,"gold_gain":0,"player_choice":"Offered Basic","damage_taken":0,"max_hp_gain":0,"max_hp_loss":0,"event_name":"Bonfire Elementals","floor":21,"gold_loss":0}],"is_beta":false,"boss_relics":[{"not_picked":["Cursed Key","Fusion Hammer"],"picked":"Coffee Dripper"}],"items_purged_floors":[4,22],"is_endless":false,"potions_floor_spawned":[1,5,13,14,18],"killed_by":"Gremlin Leader","ascension_level":20}}