{"host":"kdt6w7ix8lwe69i9","time":1610417423,"event":{"mods":["100% Spire Juice","Bartender","BaseMod","ChefMod","Downfall","Evolution","Fiend Mod","Jorbs\u0027s Wanderer Trilogy","Minty Spire (QoL Compilation)","Reimu（博丽灵梦）","Robot Space Explorer","Shade Mod","StSLib","The Caster","The Cursed","The Disciple","The Dragon Tamer","The Druid","The Fake Hero","The Forsaken","The Gatherer","The Marked","TheBandit","TheSwordswoman"],"gold_per_floor":[117,132,132,148,159,185,185,185,211,211,244,268,280,292,304,411,423,451,463,474,498,507,524,536,563,598,709,99,99,130,149,149,242,242,252,252,252,268,268,268,280,35,90,125,136,0,13,24,24,24],"floor_reached":51,"playtime":4044,"items_purged":["Poor:ReiMu"],"score":854,"play_id":"0b983c8b-8778-4173-956f-a1ccf762c18d","local_time":"20210111211023","is_ascension_mode":false,"campfire_choices":[{"data":"Shade:CommandSoldier","floor":7,"key":"SMITH"},{"data":"Shade:Bonestorm","floor":10,"key":"SMITH"},{"data":"Shade:Putrefaction","floor":13,"key":"SMITH"},{"data":"Shade:Bonestorm","floor":15,"key":"SMITH"},{"data":"Shade:Bonestorm","floor":24,"key":"SMITH"},{"data":"Shade:Bonestorm","floor":29,"key":"SMITH"},{"floor":32,"key":"RECALL"},{"data":"Shade:Bonestorm","floor":40,"key":"SMITH"},{"floor":49,"key":"REST"}],"circlet_count":0,"master_deck":["Shade:Bonestorm+1","Shade:Bonestorm+1","Shade:Bonestorm+1","Shade:Bonestorm+1","Shade:AnimateDead+1","Shade:CarefulCut","Shade:FreshBones","Shade:PressTheAttack","Shade:DangerousRitual","Shade:GraveStillness","Shade:CommandSoldier+1","Shade:Frenzy","Shade:Putrefaction+1","Shade:GreaterAnimation+1","Shade:Brains","Shade:AuraOfUnlife+1","Shade:FreshBones","Shade:Bonestorm+1","Shade:CoffinDance","Shade:FeralStrike","Shade:FleshToFlesh","Shade:FeralStrike","Shade:Bonestorm+1","Shade:Coordination","Shade:SensePrey+1","Shade:FuneraryArmor+1","Shade:Trample+1","Shade:Frenzy+1","Shade:FreshBones+1","Madness","Madness","Shade:Carnophage","Shade:CommandSoldier+1","Shade:StitchTogether+1","Shade:CommandSoldier+1","Shade:StitchTogether+1","Shade:ClawBack+1","Shade:CommandSoldier+1","Shade:Bonestorm+1","Shade:WallOfFlesh+1","Shade:ClawBack+1","Shade:ExtraLimbs+1","Shade:Bonestorm+1"],"relics":["Shade:YorickSkull","EVO:Axolotl","Ancient Tea Set","Dream Catcher","theForsaken:Lifeblossom","MawBank","YidongShenshe:ReiMu","theForsaken:PaleLantern","Letter Opener","Bag of Marbles","Prayer Wheel","Eternal Feather","Singing Bowl","Astrolabe","theForsaken:HumbleEgg","CrazyTorch:ReiMu","Oddly Smooth Stone","Boot","Red Mask"],"acts_visited":["Exordium","TheCity","TheBeyond"],"potions_floor_usage":[5,6,20,23,23,23,31,44,45,50],"damage_taken":[{"damage":0,"enemies":"2 Louse","floor":1,"turns":2},{"damage":3,"enemies":"Small Slimes","floor":2,"turns":2},{"damage":0,"enemies":"Cultist","floor":4,"turns":2},{"damage":3,"enemies":"Blue Slaver","floor":5,"turns":2},{"damage":10,"enemies":"Gremlin Nob","floor":6,"turns":3},{"damage":0,"enemies":"3 Sentries","floor":11,"turns":2},{"damage":0,"enemies":"Looter","floor":12,"turns":2},{"damage":0,"enemies":"Slime Boss","floor":16,"turns":4},{"damage":2,"enemies":"3 Byrds","floor":18,"turns":2},{"damage":18,"enemies":"2 Thieves","floor":20,"turns":4},{"damage":0,"enemies":"Cultist and Chosen","floor":21,"turns":3},{"damage":0,"enemies":"Centurion and Healer","floor":22,"turns":4},{"damage":14,"enemies":"Gremlin Leader","floor":23,"turns":3},{"damage":7,"enemies":"Snake Plant","floor":25,"turns":3},{"damage":20,"enemies":"Book of Stabbing","floor":30,"turns":5},{"damage":2,"enemies":"3 Cultists","floor":31,"turns":4},{"damage":53,"enemies":"Collector","floor":33,"turns":7},{"damage":0,"enemies":"3 Shapes","floor":35,"turns":2},{"damage":0,"enemies":"Orb Walker","floor":38,"turns":2},{"damage":0,"enemies":"Maw","floor":41,"turns":3},{"damage":55,"enemies":"Giant Head","floor":44,"turns":7},{"damage":0,"enemies":"Transient","floor":45,"turns":5},{"damage":2,"enemies":"Spire Growth","floor":47,"turns":3},{"damage":13,"enemies":"Writhing Mass","floor":48,"turns":4},{"damage":28,"enemies":"Donu and Deca","floor":50,"turns":5}],"seed_played":"-1510159219982125230","potions_obtained":[{"floor":4,"key":"Strength Potion"},{"floor":5,"key":"SpeedPotion"},{"floor":6,"key":"Fruit Juice"},{"floor":11,"key":"Strength Potion"},{"floor":16,"key":"SteroidPotion"},{"floor":22,"key":"AttackPotion"},{"floor":25,"key":"sneckomod:MuddlingPotion"},{"floor":30,"key":"AttackPotion"},{"floor":31,"key":"FairyPotion"},{"floor":33,"key":"SpeedPotion"},{"floor":38,"key":"Regen Potion"},{"floor":47,"key":"FairyPotion"},{"floor":48,"key":"BlessingOfTheForge"}],"is_trial":false,"path_per_floor":["M","M","?","M","M","E","R","?","T","R","E","M","R","?","R","B",null,"M","?","M","M","M","E","R","M","T","?","$","R","E","M","R","B",null,"M","?","?","M","T","R","M","$","T","E","M","?","M","M","R","B",null],"character_chosen":"SHADE","items_purchased":["Prayer Wheel","Eternal Feather","CrazyTorch:ReiMu"],"campfire_rested":1,"item_purchase_floors":[28,28,42],"current_hp_per_floor":[65,62,62,62,59,54,54,54,54,54,57,60,60,60,60,66,70,68,68,53,58,64,55,55,53,53,53,53,65,51,55,70,18,70,70,70,61,64,64,70,70,70,70,21,27,27,31,24,69,45],"gold":24,"neow_bonus":"RANDOM_COMMON_RELIC","is_daily":false,"chose_seed":false,"campfire_upgraded":7,"win_rate":0.0,"timestamp":1610417423,"path_taken":["M","M","?","M","M","E","R","?","T","R","E","M","R","?","R","BOSS","M","?","M","?","M","E","R","M","T","?","$","R","E","M","R","BOSS","M","?","?","M","?","R","?","$","T","E","M","?","M","M","R","BOSS"],"items_purchased_type":["Relic","Relic","Relic"],"build_version":"2020-12-22","purchased_purges":1,"victory":true,"max_hp_per_floor":[65,65,65,65,65,70,70,70,70,70,70,70,70,70,70,70,70,70,70,70,70,70,70,70,70,70,70,70,70,70,70,70,70,70,70,70,70,70,70,70,70,70,70,70,70,70,70,70,70,70],"card_choices":[{"not_picked":["Shade:FleshOffering","Shade:SensePrey"],"picked":"Shade:FreshBones","floor":1},{"not_picked":["Shade:PoundOfFlesh","Shade:Asphyxiate"],"picked":"Shade:PressTheAttack","floor":2},{"not_picked":["Shade:BoneShards","Shade:FeralStrike"],"picked":"Shade:DangerousRitual","floor":4},{"not_picked":["Shade:SanguineRitual","Shade:Excise"],"picked":"Shade:GraveStillness","floor":5},{"not_picked":["Shade:FeralStrike","Shade:PotionOfRestlessness"],"picked":"Shade:CommandSoldier","floor":6},{"not_picked":["Shade:PoundOfFlesh","Shade:FuneraryArmor"],"picked":"Shade:Frenzy","floor":11},{"not_picked":["Shade:Brains","Shade:SkeletonArmy"],"picked":"Shade:Putrefaction","floor":12},{"not_picked":["Shade:Consume","Shade:DarkOfNight"],"picked":"Shade:GreaterAnimation","floor":16},{"not_picked":["Shade:BoneShards","Shade:GoDigging"],"picked":"Shade:Brains","floor":18},{"not_picked":["Shade:BoneShards","Shade:Frenzy"],"picked":"Shade:AuraOfUnlife+1","floor":20},{"not_picked":["Shade:FingerOfDeath","Shade:FleshToFlesh"],"picked":"Shade:FreshBones","floor":21},{"not_picked":["Shade:ExtraLimbs","Shade:WallOfFlesh"],"picked":"Shade:Bonestorm","floor":22},{"not_picked":["Shade:AblativeArmor","Shade:CallOfTheGrave"],"picked":"Shade:CoffinDance","floor":23},{"not_picked":["Shade:RitualOffering","Shade:TouchOfTheGrave"],"picked":"Shade:FeralStrike","floor":25},{"not_picked":["Shade:CloudOfShrapnel","Shade:PotionOfRestlessness"],"picked":"Shade:FleshToFlesh","floor":30},{"not_picked":["Shade:SelfBurial","Shade:FleshOffering+1"],"picked":"Shade:FeralStrike","floor":31},{"not_picked":["Shade:CoffinDance+1","Shade:CallOfTheGrave"],"picked":"Shade:Bonestorm+1","floor":31},{"not_picked":["Shade:SelfBurial","Shade:UnbarTheGrave"],"picked":"Shade:Coordination","floor":33},{"not_picked":["Shade:TouchOfTheGrave","Shade:SensePrey"],"picked":"Shade:Frenzy+1","floor":35},{"not_picked":["Shade:SanguineRitual+1","Shade:SensePrey"],"picked":"Shade:FreshBones+1","floor":35},{"not_picked":["Shade:FleshToFlesh","Shade:Brains"],"picked":"Shade:Carnophage","floor":38},{"not_picked":["Shade:Excise+1","Shade:ScuttlingHand+1"],"picked":"Shade:CommandSoldier+1","floor":38},{"not_picked":["Shade:Coordination","Shade:GreyBargain+1"],"picked":"Shade:StitchTogether+1","floor":41},{"not_picked":["Shade:Trample+1","Shade:Haruspicy+1"],"picked":"Shade:CommandSoldier+1","floor":41},{"not_picked":["Shade:PoundOfFlesh","Shade:Trample+1"],"picked":"Shade:StitchTogether+1","floor":44},{"not_picked":["Shade:MadHubris","Shade:Premonition+1"],"picked":"Shade:ClawBack+1","floor":45},{"not_picked":["Shade:SoulToxin+1","Shade:CloudOfShrapnel+1"],"picked":"Shade:CommandSoldier+1","floor":45},{"not_picked":["Shade:FleshToFlesh+1","Shade:BoneShards+1"],"picked":"Shade:Bonestorm+1","floor":47},{"not_picked":["Shade:Patience+1","Shade:GraveStillness+1"],"picked":"Shade:WallOfFlesh+1","floor":47},{"not_picked":["Shade:LoseControl","Shade:CallWraith"],"picked":"Shade:ClawBack+1","floor":48},{"not_picked":["Shade:Trample+1","Shade:Frenzy+1"],"picked":"Shade:ExtraLimbs+1","floor":48},{"not_picked":["Shade:RavenousHorde","Shade:CloudOfShrapnel+1"],"picked":"Shade:Bonestorm+1","floor":49}],"player_experience":1751906,"relics_obtained":[{"floor":6,"key":"Dream Catcher"},{"floor":9,"key":"theForsaken:Lifeblossom"},{"floor":11,"key":"MawBank"},{"floor":23,"key":"Letter Opener"},{"floor":26,"key":"Bag of Marbles"},{"floor":30,"key":"Singing Bowl"},{"floor":39,"key":"theForsaken:HumbleEgg"},{"floor":43,"key":"Oddly Smooth Stone"},{"floor":44,"key":"Boot"}],"event_choices":[{"damage_healed":0,"gold_gain":0,"player_choice":"Leave","damage_taken":0,"max_hp_gain":0,"max_hp_loss":0,"event_name":"The Cleric","floor":3,"gold_loss":0},{"damage_healed":0,"gold_gain":0,"player_choice":"Grow","damage_taken":0,"max_hp_gain":0,"max_hp_loss":0,"event_name":"Living Wall","floor":8,"gold_loss":0,"cards_upgraded":["Shade:AnimateDead"]},{"damage_healed":0,"gold_gain":0,"player_choice":"Take Tiny Shrine away","damage_taken":0,"relics_obtained":["YidongShenshe:ReiMu"],"max_hp_gain":0,"max_hp_loss":0,"event_name":"yidonshenshe","floor":14,"gold_loss":0,"cards_obtained":["Poor:ReiMu"]},{"damage_healed":0,"gold_gain":0,"player_choice":"Upgraded","damage_taken":0,"max_hp_gain":0,"max_hp_loss":0,"event_name":"Upgrade Shrine","floor":19,"gold_loss":0,"cards_upgraded":["Shade:GreaterAnimation"]},{"damage_healed":0,"gold_gain":99,"player_choice":"Stole From Cult","damage_taken":0,"max_hp_gain":0,"max_hp_loss":0,"event_name":"Nest","floor":27,"gold_loss":0},{"cards_removed":["Shade:Defend_Shade"],"damage_healed":0,"gold_gain":0,"player_choice":"Removed Skill","damage_taken":0,"max_hp_gain":0,"max_hp_loss":0,"event_name":"Falling","floor":36,"gold_loss":0},{"damage_healed":0,"gold_gain":0,"player_choice":"Embrace Madness","damage_taken":9,"max_hp_gain":0,"max_hp_loss":0,"event_name":"Winding Halls","floor":37,"gold_loss":0,"cards_obtained":["Madness","Madness"]},{"damage_healed":0,"gold_gain":0,"player_choice":"Paid","damage_taken":0,"relics_obtained":["Red Mask"],"max_hp_gain":0,"max_hp_loss":0,"event_name":"Tomb of Lord Red Mask","floor":46,"gold_loss":136}],"is_beta":false,"boss_relics":[{"not_picked":["Busted Crown","Snecko Eye"],"picked":"theForsaken:PaleLantern"},{"not_picked":["Fusion Hammer","Sozu"],"picked":"Astrolabe"}],"items_purged_floors":[28],"is_endless":false,"potions_floor_spawned":[4,5,6,11,16,22,25,30,31,33,38,47,48],"ascension_level":0}}