{"host":"w9yruvs4bqht6bhw","time":1610424612,"event":{"mods":["BaseMod","Colored Powertips","Minty Spire (QoL Compilation)"],"gold_per_floor":[116,116,42,57,74,74,94,94,118,128,128,128,158,184,184,283,283,250,250,250,263,12,12,12,22,22,22,37,37,37,37,37,37,37],"floor_reached":33,"playtime":1136,"items_purged":[],"score":352,"play_id":"598cb602-3828-41ac-a1ec-bf6676f4dc2b","local_time":"20210111231012","is_ascension_mode":true,"campfire_choices":[{"data":"Anger","floor":6,"key":"SMITH"},{"data":"Bash","floor":8,"key":"SMITH"},{"data":"Shockwave","floor":12,"key":"SMITH"},{"data":"True Grit","floor":15,"key":"SMITH"},{"floor":23,"key":"REST"},{"data":"Shrug It Off","floor":27,"key":"SMITH"},{"floor":29,"key":"REST"},{"floor":32,"key":"REST"}],"circlet_count":0,"master_deck":["Strike_R","Strike_R","Strike_R","Strike_R","Strike_R","Defend_R","Defend_R+1","Defend_R","Defend_R","Bash+1","Anger+1","Exhume","Shrug It Off+1","Battle Trance+1","Shockwave+1","True Grit+1","True Grit+1","Shrug It Off+1","Uppercut"],"relics":["Burning Blood","Pen Nib","War Paint","PreservedInsect","MutagenicStrength","Shuriken","Singing Bowl","Art of War"],"acts_visited":["Exordium","TheCity"],"potions_floor_usage":[13,16],"damage_taken":[{"damage":19,"enemies":"Jaw Worm","floor":1,"turns":3},{"damage":10,"enemies":"Small Slimes","floor":4,"turns":3},{"damage":6,"enemies":"2 Louse","floor":5,"turns":3},{"damage":4,"enemies":"Large Slime","floor":7,"turns":8},{"damage":13,"enemies":"Exordium Thugs","floor":10,"turns":4},{"damage":5,"enemies":"Lagavulin","floor":13,"turns":5},{"damage":49,"enemies":"The Guardian","floor":16,"turns":10},{"damage":22,"enemies":"2 Thieves","floor":18,"turns":5},{"damage":25,"enemies":"Spheric Guardian","floor":21,"turns":6},{"damage":5,"enemies":"Snecko","floor":25,"turns":5},{"damage":33,"enemies":"Sentry and Sphere","floor":28,"turns":8},{"damage":93,"enemies":"Automaton","floor":33,"turns":8}],"seed_played":"-5611787550667045451","potions_obtained":[{"floor":4,"key":"SkillPotion"},{"floor":5,"key":"EssenceOfSteel"},{"floor":13,"key":"GamblersBrew"}],"is_trial":false,"path_per_floor":["M","?","$","M","M","R","M","R","T","M","?","R","E","T","R","B",null,"M","?","?","M","$","R","?","M","T","R","M","R","T","$","R","B"],"character_chosen":"IRONCLAD","items_purchased":["Exhume","Shuriken"],"campfire_rested":3,"item_purchase_floors":[3,22],"current_hp_per_floor":[67,67,67,63,63,63,65,65,65,58,58,58,59,59,59,16,70,54,54,54,35,35,61,61,62,62,62,35,61,61,61,87,0,0],"gold":37,"neow_bonus":"TEN_PERCENT_HP_BONUS","is_daily":false,"chose_seed":false,"campfire_upgraded":5,"win_rate":0.0,"timestamp":1610424612,"path_taken":["M","?","$","M","M","R","M","R","T","M","?","R","E","?","R","BOSS","M","?","?","M","$","R","?","M","T","R","?","R","?","$","R","BOSS"],"items_purchased_type":["Card","Relic"],"build_version":"2020-12-22","purchased_purges":0,"victory":false,"max_hp_per_floor":[88,88,88,88,88,88,88,88,88,88,88,88,88,88,88,88,88,88,88,88,88,88,88,88,88,88,88,88,88,88,88,88,88,88],"card_choices":[{"not_picked":["Clash","Clothesline"],"picked":"Anger","floor":1},{"not_picked":["Thunderclap","Pommel Strike"],"picked":"Shrug It Off","floor":4},{"not_picked":["Heavy Blade","Havoc"],"picked":"Battle Trance","floor":5},{"not_picked":["Body Slam","Dropkick","Demon Form"],"picked":"SKIP","floor":7},{"not_picked":["Thunderclap","Armaments"],"picked":"Shockwave","floor":10},{"not_picked":["Havoc","Reckless Charge"],"picked":"True Grit","floor":13},{"not_picked":["Shrug It Off","Body Slam+1"],"picked":"True Grit+1","floor":18},{"not_picked":["Dropkick","Anger"],"picked":"Shrug It Off","floor":21},{"not_picked":["Body Slam","Cleave","Warcry"],"picked":"SKIP","floor":25},{"not_picked":["Infernal Blade","Iron Wave"],"picked":"Uppercut","floor":28}],"player_experience":381811,"relics_obtained":[{"floor":9,"key":"Pen Nib"},{"floor":13,"key":"War Paint"},{"floor":14,"key":"PreservedInsect"},{"floor":26,"key":"Singing Bowl"},{"floor":30,"key":"Art of War"}],"event_choices":[{"damage_healed":0,"gold_gain":0,"player_choice":"Ignored","damage_taken":0,"max_hp_gain":0,"max_hp_loss":0,"event_name":"Golden Wing","floor":2,"gold_loss":0},{"damage_healed":0,"gold_gain":0,"player_choice":"Searched \u00271\u0027 times","damage_taken":0,"max_hp_gain":0,"max_hp_loss":0,"event_name":"Dead Adventurer","floor":11,"gold_loss":0},{"damage_healed":0,"gold_gain":0,"player_choice":"Inject Mutagens","damage_taken":0,"relics_obtained":["MutagenicStrength"],"max_hp_gain":0,"max_hp_loss":0,"event_name":"Drug Dealer","floor":19,"gold_loss":0},{"damage_healed":0,"gold_gain":0,"player_choice":"Ignored","damage_taken":0,"max_hp_gain":0,"max_hp_loss":0,"event_name":"Vampires","floor":20,"gold_loss":0},{"damage_healed":0,"gold_gain":0,"player_choice":"Forge","damage_taken":0,"max_hp_gain":0,"max_hp_loss":0,"event_name":"Accursed Blacksmith","floor":24,"gold_loss":0,"cards_upgraded":["Battle Trance"]}],"is_beta":false,"boss_relics":[{"not_picked":["Coffee Dripper","Calling Bell","Runic Pyramid"]}],"items_purged_floors":[],"is_endless":false,"potions_floor_spawned":[4,5,13],"killed_by":"Automaton","ascension_level":9}}