{"host":"m05ccpxu5tzpdfht","time":1610413384,"event":{"mods":["BaseMod","Marisa????????","Minty Spire (QoL Compilation)","Replay The Spire","Shop Mod","StSLib"],"gold_per_floor":[110,285,285,295,345,373,373,373,373],"floor_reached":8,"playtime":244,"items_purged":[],"score":81,"play_id":"24278970-73af-4507-800e-f572a682cb38","local_time":"20210111200304","is_ascension_mode":true,"campfire_choices":[{"data":"Streamline","floor":7,"key":"SMITH"}],"circlet_count":0,"master_deck":["AscendersBane","Strike_B","Strike_B","Strike_B","Strike_B","Defend_B","Defend_B","Defend_B","Defend_B","Zap","Dualcast","Streamline+1","Doubt","Conserve Battery","Delirium","Sunder"],"relics":["Cracked Core","Calipers","Ring of Shattering","Ring of Greed","Golden Egg","The Courier","Replay:Bottled Flurry"],"acts_visited":["Exordium"],"potions_floor_usage":[1,6,8],"damage_taken":[{"damage":0,"enemies":"Small Slimes","floor":1,"turns":2},{"damage":7,"enemies":"Jaw Worm","floor":4,"turns":3},{"damage":38,"enemies":"3 Sentries","floor":6,"turns":8},{"damage":24,"enemies":"Lagavulin","floor":8,"turns":7}],"seed_played":"1630605951666437451","potions_obtained":[{"floor":0,"key":"Cursed Concoction"},{"floor":0,"key":"Doom Potion"},{"floor":0,"key":"EssenceOfDarkness"},{"floor":4,"key":"AttackPotion"}],"is_trial":false,"path_per_floor":["M","?","T","M","?","E","R","E"],"character_chosen":"DEFECT","items_purchased":[],"campfire_rested":0,"item_purchase_floors":[],"current_hp_per_floor":[68,68,68,61,61,23,23,0,0],"gold":373,"neow_bonus":"THREE_SMALL_POTIONS","is_daily":false,"chose_seed":false,"campfire_upgraded":1,"win_rate":0.0,"timestamp":1610413384,"path_taken":["M","?","?","?","?","E","R","E"],"items_purchased_type":[],"build_version":"2020-12-22","purchased_purges":0,"victory":false,"max_hp_per_floor":[75,75,75,75,75,75,75,75,75],"card_choices":[{"not_picked":["Redo","Compile Driver"],"picked":"Streamline","floor":1},{"not_picked":["Coolheaded","Turbo"],"picked":"Conserve Battery","floor":4},{"not_picked":["Rebound","Stack"],"picked":"Sunder","floor":6}],"player_experience":657653,"relics_obtained":[{"floor":3,"key":"Calipers"},{"floor":5,"key":"Ring of Shattering"},{"floor":5,"key":"Ring of Greed"},{"floor":5,"key":"Golden Egg"},{"floor":5,"key":"The Courier"},{"floor":6,"key":"Replay:Bottled Flurry"}],"event_choices":[{"damage_healed":0,"gold_gain":175,"player_choice":"AGREE","damage_taken":0,"max_hp_gain":0,"max_hp_loss":0,"event_name":"Liars Game","floor":2,"gold_loss":0,"cards_obtained":["Doubt"]}],"is_beta":false,"boss_relics":[],"items_purged_floors":[],"is_endless":false,"potions_floor_spawned":[4],"killed_by":"Lagavulin","ascension_level":10}}