{"host":"sc0o2qwpf9j16a4i","time":1610462627,"event":{"mods":["AchievementEnabler","BaseMod","BetterRewards","Block Reminder","Colored Map","Colored Powertips","Custom Start","Highlight Path","Minty Spire (QoL Compilation)","Relic Stats"],"gold_per_floor":[115,115,130,155,165,165,7,7,7,41,59,59,85,96,96,175,175,175,175],"floor_reached":18,"playtime":522,"items_purged":[],"score":340,"play_id":"f4099174-c972-4a59-a08a-c0943d0660d8","local_time":"20210112164347","is_ascension_mode":true,"campfire_choices":[{"floor":6,"key":"RECALL"},{"floor":8,"key":"REST"},{"floor":12,"key":"REST"},{"floor":15,"key":"REST"}],"circlet_count":0,"master_deck":["AscendersBane","Strike_B","Strike_B","Strike_B","Strike_B","Defend_B","Defend_B","Defend_B","Defend_B","Zap+1","Dualcast","Coolheaded","White Noise","Barrage","Glacier","Beam Cell","Barrage","Buffer"],"relics":["Fusion Hammer","Anchor","OrangePellets","Sundial","Smiling Mask","The Courier","Philosopher\u0027s Stone"],"acts_visited":["Exordium","TheCity"],"potions_floor_usage":[10,16,18],"damage_taken":[{"damage":1,"enemies":"Small Slimes","floor":1,"turns":4},{"damage":0,"enemies":"Jaw Worm","floor":3,"turns":5},{"damage":0,"enemies":"2 Louse","floor":5,"turns":4},{"damage":31,"enemies":"3 Sentries","floor":10,"turns":8},{"damage":20,"enemies":"Gremlin Gang","floor":11,"turns":6},{"damage":9,"enemies":"Lagavulin","floor":13,"turns":7},{"damage":2,"enemies":"Lots of Slimes","floor":14,"turns":5},{"damage":40,"enemies":"Slime Boss","floor":16,"turns":11},{"damage":15,"enemies":"3 Byrds","floor":18,"turns":3}],"seed_played":"-1768914259815475042","potions_obtained":[{"floor":5,"key":"AttackPotion"},{"floor":10,"key":"GamblersBrew"},{"floor":14,"key":"Fire Potion"}],"is_trial":false,"path_per_floor":["M","?","M","T","M","R","$","R","T","E","M","R","E","M","R","B",null,"M"],"character_chosen":"DEFECT","items_purchased":["OrangePellets"],"campfire_rested":3,"item_purchase_floors":[7],"current_hp_per_floor":[63,63,63,63,63,63,63,71,71,40,20,41,32,30,51,11,56,41,41],"gold":175,"neow_bonus":"BOSS_RELIC","is_daily":false,"chose_seed":false,"campfire_upgraded":0,"win_rate":0.0,"timestamp":1610462627,"path_taken":["M","?","M","?","M","R","?","R","T","E","M","R","E","M","R","BOSS","M"],"items_purchased_type":["Relic"],"build_version":"2020-12-22","purchased_purges":0,"victory":false,"max_hp_per_floor":[71,71,71,71,71,71,71,71,71,71,71,71,71,71,71,71,71,71,71],"relic_stats":{"OrangePellets":[1],"counters":[9,53],"Sundial":[8],"Smiling Mask":0,"obtain_stats":[{"OrangePellets":7,"Anchor":4,"Sundial":9,"Philosopher\u0027s Stone":17,"Fusion Hammer":0,"The Courier":13,"Cracked Core":0,"Smiling Mask":10},{"OrangePellets":3,"Anchor":2,"Sundial":3,"Philosopher\u0027s Stone":8,"Fusion Hammer":0,"The Courier":6,"Cracked Core":0,"Smiling Mask":4},{"OrangePellets":13,"Anchor":9,"Sundial":13,"Philosopher\u0027s Stone":50,"Fusion Hammer":0,"The Courier":34,"Cracked Core":0,"Smiling Mask":21}]},"card_choices":[{"not_picked":["Beam Cell","Capacitor"],"picked":"Coolheaded","floor":1},{"not_picked":["Turbo","Capacitor"],"picked":"White Noise","floor":3},{"not_picked":["Beam Cell","Turbo"],"picked":"Barrage","floor":5},{"not_picked":["Turbo","Streamline","Hyperbeam"],"picked":"SKIP","floor":10},{"not_picked":["Darkness","Aggregate"],"picked":"Glacier","floor":11},{"not_picked":["Blizzard","Undo"],"picked":"Beam Cell","floor":13},{"not_picked":["Chill","Force Field"],"picked":"Barrage","floor":14},{"not_picked":["All For One","Amplify"],"picked":"Buffer","floor":16}],"player_experience":601324,"relics_obtained":[{"floor":4,"key":"Anchor"},{"floor":9,"key":"Sundial"},{"floor":10,"key":"Smiling Mask"},{"floor":13,"key":"The Courier"}],"event_choices":[{"damage_healed":0,"gold_gain":0,"player_choice":"Grow","damage_taken":0,"max_hp_gain":0,"max_hp_loss":0,"event_name":"Living Wall","floor":2,"gold_loss":0,"cards_upgraded":["Zap"]}],"is_beta":false,"boss_relics":[{"not_picked":["Busted Crown","Calling Bell"],"picked":"Philosopher\u0027s Stone"}],"items_purged_floors":[],"is_endless":false,"potions_floor_spawned":[5,10,14],"killed_by":"3 Byrds","ascension_level":20}}