{"host":"wg29woj1pduqw9vg","time":1610434790,"event":{"mods":["BaseMod","Bestiary","Better Third Choice","Colored Map","Downfall","Highlight Path","Minty Spire (QoL Compilation)","Quick Restart","StSLib"],"gold_per_floor":[99,116,128,128,128,38,38,38,68,68,53,53,53,66,79,180,180,180,180,180,180,180,180,180,86,86,86,86,86,86,86,86,86,86,86,86,86,86,71,71,71,71,56,56,16,16,16,16,16,16,16,16,16,16],"floor_reached":52,"playtime":4065,"items_purged":["Regret"],"score":802,"play_id":"f6d6a739-745b-4282-9bec-c5b42be1f60e","local_time":"20210111225950","is_ascension_mode":true,"campfire_choices":[{"data":"hexamod:Float","floor":1.0,"key":"SMITH"},{"data":"hexamod:ThermalTransfer","floor":8.0,"key":"SMITH"},{"data":"hexamod:HeatMetal","floor":10.0,"key":"SMITH"},{"data":"hexamod:CatchUp","floor":13.0,"key":"SMITH"},{"floor":18.0,"key":"RECALL"},{"floor":30.0,"key":"REST"},{"data":"hexamod:TimeOfNeed","floor":35,"key":"SMITH"},{"data":"hexamod:GhostOfSpirePast","floor":40,"key":"SMITH"},{"data":"hexamod:TimeWarp","floor":44,"key":"SMITH"}],"circlet_count":0,"master_deck":["hexamod:Strike+1","hexamod:Strike+1","hexamod:Strike+1","hexamod:Defend","hexamod:Defend+1","hexamod:Defend","hexamod:Defend","hexamod:Sear+1","hexamod:Float+1","Finesse","hexamod:CatchUp+1","hexamod:ThermalTransfer+1","hexamod:HeatMetal+1","hexamod:AdvancingGuard","hexamod:TimeOfNeed+1","hexamod:FirstSeal","hexamod:GhostOfSpirePast+1","hexamod:PhantomCloak+1","hexamod:TimeWarp+1","hexamod:FlamesFromBeyond","hexamod:FastForward+1","hexamod:PhantomCloak+1","hexamod:DynamicBlow","expansioncontent:ManipulateTime"],"relics":["hexamod:SpiritBrand","Kunai","Strawberry","downfall:Hecktoplasm","White Beast Statue","Whetstone","downfall:HeartBlessingGreen","downfall:HeartBlessingRed","downfall:HeartBlessingBlue","Mummified Hand","Sozu","Shuriken"],"acts_visited":["Exordium","TheCity","TheBeyond","TheEnding"],"potions_floor_usage":[36,46,50],"damage_taken":[{"damage":0.0,"enemies":"2 Louse","floor":2.0,"turns":2.0},{"damage":4.0,"enemies":"Small Slimes","floor":3.0,"turns":4.0},{"damage":4.0,"enemies":"downfall:FleeingMerchant","floor":6.0,"turns":4.0},{"damage":7.0,"enemies":"3 Sentries","floor":9.0,"turns":9.0},{"damage":0.0,"enemies":"downfall:FleeingMerchant","floor":11.0,"turns":4.0},{"damage":0.0,"enemies":"Jaw Worm","floor":14.0,"turns":2.0},{"damage":0.0,"enemies":"2 Fungi Beasts","floor":15.0,"turns":3.0},{"damage":0.0,"enemies":"downfall:Watcher","floor":16.0,"turns":8.0},{"damage":2.0,"enemies":"Chosen","floor":19.0,"turns":4.0},{"damage":1.0,"enemies":"Shelled Parasite and Fungi","floor":21.0,"turns":6.0},{"damage":4.0,"enemies":"Centurion and Healer","floor":23.0,"turns":8.0},{"damage":6.0,"enemies":"downfall:FleeingMerchant","floor":25.0,"turns":4.0},{"damage":44.0,"enemies":"Slavers","floor":26.0,"turns":10.0},{"damage":6.0,"enemies":"Cultist and Chosen","floor":27.0,"turns":7.0},{"damage":14.0,"enemies":"Snake Plant","floor":28.0,"turns":6.0},{"damage":6.0,"enemies":"Gremlin Leader","floor":31.0,"turns":8.0},{"damage":4.0,"enemies":"Shelled Parasite and Fungi","floor":32.0,"turns":5.0},{"damage":0.0,"enemies":"downfall:Defect","floor":33.0,"turns":9.0},{"damage":0,"enemies":"3 Shapes","floor":36,"turns":4},{"damage":0,"enemies":"3 Darklings","floor":38,"turns":9},{"damage":4,"enemies":"downfall:FleeingMerchant","floor":39,"turns":4},{"damage":12,"enemies":"downfall:FleeingMerchant","floor":43,"turns":4},{"damage":20,"enemies":"downfall:FleeingMerchant","floor":45,"turns":3},{"damage":6,"enemies":"Writhing Mass","floor":46,"turns":6},{"damage":13,"enemies":"Spire Growth","floor":47,"turns":6},{"damage":19,"enemies":"Sphere and 2 Shapes","floor":49,"turns":6},{"damage":24,"enemies":"downfall:Ironclad","floor":50,"turns":12},{"damage":127,"enemies":"downfall:CharBossMerchant","floor":52,"turns":8}],"seed_played":"6051883155963913311","potions_obtained":[{"floor":2.0,"key":"Dexterity Potion"},{"floor":9.0,"key":"Ancient Potion"},{"floor":14.0,"key":"SneckoOil"},{"floor":26.0,"key":"AttackPotion"},{"floor":27.0,"key":"Swift Potion"},{"floor":31.0,"key":"Swift Potion"},{"floor":32.0,"key":"Strength Potion"},{"floor":33.0,"key":"DistilledChaos"}],"is_trial":false,"path_per_floor":["R","M","M","?","?","$","T","R","E","R","$","?","R","M","M","B",null,"R","M","?","M","T","M","T","$","E","M","M","?","R","E","M","B",null,"R","M","?","M","$","R","T","?","$","R","$","M","M","?","M","B",null,"E"],"character_chosen":"THE_SPIRIT","items_purchased":["hexamod:GhostOfSpirePast","hexamod:DynamicBlow"],"campfire_rested":1,"item_purchase_floors":[25,45],"current_hp_per_floor":[70,70,66,66,66,62,62,62,62,62,62,67,67,67,67,67,82,82,80,73,79,79,82,82,82,45,46,39,39,76,77,80,87,92,92,92,92,92,92,92,92,92,87,87,74,75,69,69,57,40,92,0,0,0],"gold":16,"neow_bonus":"RANDOM_COLORLESS","is_daily":false,"chose_seed":false,"campfire_upgraded":7,"win_rate":0.0,"timestamp":1610434790,"path_taken":["R","M","M","?","?","$","T","R","E","R","$","?","R","?","M","BOSS","R","M","?","M","?","M","T","$","E","M","?","?","R","E","M","BOSS","R","M","?","M","$","R","T","?","$","R","$","?","M","?","M","BOSS","E"],"items_purchased_type":["Card","Card"],"build_version":"2020-12-22","purchased_purges":1,"victory":false,"max_hp_per_floor":[70,70,70,70,70,70,70,70,77,77,77,82,82,82,82,82,82,82,82,82,82,82,82,82,82,82,82,82,82,92,92,92,92,92,92,92,92,92,92,92,92,92,92,92,92,92,92,92,92,92,92,92,92,92],"card_choices":[{"not_picked":["expansioncontent:Chronoboost","expansioncontent:Torchfire"],"picked":"Finesse","floor":0.0},{"not_picked":["hexamod:ShieldOfDarkness","hexamod:RecurringNightmare","hexamod:Firestarter"],"picked":"SKIP","floor":2.0},{"not_picked":["hexamod:BacktrackSmack","hexamod:FastForward"],"picked":"hexamod:CatchUp","floor":3.0},{"not_picked":["hexamod:SoulSteal","hexamod:ShieldOfDarkness"],"picked":"hexamod:ThermalTransfer","floor":6.0},{"not_picked":["hexamod:BacktrackSmack","hexamod:InspiringFlames"],"picked":"hexamod:HeatMetal","floor":9.0},{"not_picked":["hexamod:GhostLash","hexamod:Firestarter"],"picked":"hexamod:AdvancingGuard","floor":11.0},{"not_picked":["hexamod:ThermalTransfer","hexamod:Haunt","hexamod:HeatCrush"],"picked":"SKIP","floor":14.0},{"not_picked":["hexamod:InspiringFlames","hexamod:ShieldOfDarkness","hexamod:UnleashSpirits"],"picked":"SKIP","floor":15.0},{"not_picked":["hexamod:VolcanoVisage","hexamod:FifthSeal"],"picked":"hexamod:TimeOfNeed","floor":16.0},{"not_picked":["hexamod:SpectersWail+1","hexamod:NightmareStrike","hexamod:GhostShield"],"picked":"SKIP","floor":19.0},{"not_picked":["hexamod:FastForward","hexamod:ThermalTransfer","hexamod:RainOfEmbers"],"picked":"SKIP","floor":21.0},{"not_picked":["hexamod:UnleashSpirits","hexamod:ShieldOfDarkness","hexamod:BacktrackSmack"],"picked":"SKIP","floor":23.0},{"not_picked":["hexamod:Haunt","hexamod:AdvancingGuard","hexamod:NightmareGuise+1"],"picked":"SKIP","floor":25.0},{"not_picked":["hexamod:BacktrackSmack","hexamod:HeatMetal","hexamod:HauntingEcho+1"],"picked":"SKIP","floor":26.0},{"not_picked":["hexamod:SpectersWail","hexamod:ExtraCrispy"],"picked":"hexamod:PhantomCloak+1","floor":27.0},{"not_picked":["hexamod:BacktrackSmack","hexamod:GhostShield"],"picked":"hexamod:TimeWarp","floor":28.0},{"not_picked":["hexamod:SkipABeat","hexamod:NightmareStrike"],"picked":"hexamod:FlamesFromBeyond","floor":31.0},{"not_picked":["hexamod:SpectersWail+1","hexamod:EmpoweredFlame+1","hexamod:FastForward"],"picked":"SKIP","floor":32.0},{"not_picked":["hexamod:InspiringFlames","hexamod:SwordOfDarkness+1"],"picked":"hexamod:FastForward+1","floor":36},{"not_picked":["hexamod:HauntingEcho","hexamod:Hexaguard","hexamod:GhostShield+1"],"picked":"SKIP","floor":38},{"not_picked":["hexamod:GhostOfSpirePast+1","hexamod:RetreatToShadows","hexamod:ThirdSeal"],"picked":"SKIP","floor":39},{"not_picked":["hexamod:FourthSeal","hexamod:ShieldOfDarkness+1","hexamod:Hexaguard"],"picked":"SKIP","floor":43},{"not_picked":["hexamod:GhostflameInferno","hexamod:AdvancingGuard"],"picked":"hexamod:PhantomCloak+1","floor":45},{"not_picked":["hexamod:GhostLash","hexamod:Firestarter+1","hexamod:SwordOfDarkness"],"picked":"SKIP","floor":46},{"not_picked":["hexamod:GhostShield","hexamod:FastForward+1","hexamod:InspiringFlames+1"],"picked":"SKIP","floor":47},{"not_picked":["expansioncontent:DecasProtection","expansioncontent:BronzeBeam"],"picked":"expansioncontent:ManipulateTime","floor":48},{"not_picked":["hexamod:ShieldOfDarkness+1","hexamod:SpectersWail","hexamod:SwordOfDarkness"],"picked":"SKIP","floor":49}],"player_experience":36136,"relics_obtained":[{"floor":7.0,"key":"Kunai"},{"floor":9.0,"key":"Strawberry"},{"floor":22.0,"key":"White Beast Statue"},{"floor":26.0,"key":"Whetstone"},{"floor":31.0,"key":"Mummified Hand"},{"floor":41,"key":"Shuriken"}],"event_choices":[{"damage_healed":0.0,"max_hp_gain":5.0,"max_hp_loss":0.0,"gold_gain":0.0,"event_name":"Big Fish","player_choice":"Donut","floor":12.0,"gold_loss":0.0,"damage_taken":0.0},{"damage_healed":0.0,"max_hp_gain":0.0,"max_hp_loss":0.0,"gold_gain":0.0,"event_name":"Vampires","player_choice":"Ignored","floor":29.0,"gold_loss":0.0,"damage_taken":0.0},{"damage_healed":0,"gold_gain":0,"player_choice":"Forge","damage_taken":0,"max_hp_gain":0,"max_hp_loss":0,"event_name":"Accursed Blacksmith","floor":42,"gold_loss":0,"cards_upgraded":["hexamod:Sear"]}],"is_beta":false,"boss_relics":[{"not_picked":["Busted Crown","SlaversCollar"],"picked":"downfall:Hecktoplasm"},{"not_picked":["Velvet Choker","Astrolabe"],"picked":"Sozu"}],"items_purged_floors":[6],"is_endless":false,"potions_floor_spawned":[2,9,14,16,21,23,25,26,27,28,31,32,33,36,38,39,43,45,46,47,49],"killed_by":"downfall:CharBossMerchant","ascension_level":1}}