{"host":"0vlubjftylzdr3ny","time":1610477053,"event":{"mods":["Always Whale","BaseMod","GifTheSpireLib","Minty Spire (QoL Compilation)","Relic Filter","StSLib","Stuff the Spire"],"gold_per_floor":[119,44,56,56,71,71,105,105,129,167,93,124,148,167,167,295,295,319,344,344,367,103,103,103],"floor_reached":23,"playtime":1072,"items_purged":["Defend_B","Strike_B"],"score":222,"play_id":"bbfd3d96-9d04-4d19-898a-bb3f8d54fced","local_time":"20210112194413","is_ascension_mode":true,"campfire_choices":[{"data":"Sunder","floor":6,"key":"SMITH"},{"floor":15,"key":"REST"}],"circlet_count":0,"master_deck":["Strike_B+1","Strike_B+1","Defend_B","Defend_B","Defend_B","Zap","Dualcast","Sunder+1","StuffTheSpire:Rend","Go for the Eyes","Beam Cell","Scrape","Cold Snap","Leap","Echo Form","All For One","Self Repair+1","Gash","Finesse"],"relics":["Cracked Core","Golden Idol","Boot","Whetstone","StuffTheSpire:SapphireSignet","Cursed Key","Nloth\u0027s Gift","Membership Card"],"acts_visited":["Exordium","TheCity"],"potions_floor_usage":[10,12,14,16,21],"damage_taken":[{"damage":5,"enemies":"2 Louse","floor":1,"turns":2},{"damage":3,"enemies":"Jaw Worm","floor":3,"turns":3},{"damage":0,"enemies":"Cultist","floor":5,"turns":2},{"damage":20,"enemies":"Gremlin Nob","floor":7,"turns":4},{"damage":9,"enemies":"3 Sentries","floor":10,"turns":4},{"damage":8,"enemies":"Lagavulin","floor":12,"turns":4},{"damage":5,"enemies":"Looter","floor":13,"turns":2},{"damage":0,"enemies":"Exordium Thugs","floor":14,"turns":2},{"damage":25,"enemies":"Hexaghost","floor":16,"turns":9},{"damage":15,"enemies":"Spheric Guardian","floor":18,"turns":4},{"damage":3,"enemies":"Shell Parasite","floor":19,"turns":5},{"damage":4,"enemies":"3 Cultists","floor":21,"turns":3},{"damage":69,"enemies":"Gremlin Leader","floor":23,"turns":6}],"seed_played":"1502498094884527493","potions_obtained":[{"floor":1,"key":"SkillPotion"},{"floor":10,"key":"DuplicationPotion"},{"floor":12,"key":"FearPotion"},{"floor":13,"key":"DistilledChaos"},{"floor":18,"key":"DistilledChaos"},{"floor":21,"key":"GamblersBrew"}],"is_trial":false,"path_per_floor":["M","$","M","?","M","R","E","?","T","E","$","E","M","M","R","B",null,"M","M","?","M","$","E"],"character_chosen":"DEFECT","items_purchased":["Scrape","Membership Card","Gash","Finesse"],"campfire_rested":1,"item_purchase_floors":[11,22,22,22],"current_hp_per_floor":[70,70,67,49,49,49,29,34,34,25,25,17,12,12,36,11,80,65,62,62,58,58,0,0],"gold":103,"neow_bonus":"TRANSFORM_CARD","is_daily":false,"chose_seed":false,"campfire_upgraded":1,"win_rate":0.0,"timestamp":1610477053,"path_taken":["M","$","M","?","M","R","E","?","T","E","$","E","M","M","R","BOSS","M","M","?","?","$","E"],"items_purchased_type":["Card","Relic","Card","Card"],"build_version":"2020-12-22","purchased_purges":2,"victory":false,"max_hp_per_floor":[75,75,75,75,75,75,75,80,80,80,80,80,80,80,80,80,80,80,80,80,80,80,80,80],"card_choices":[{"not_picked":["Fusion","StuffTheSpire:Rend","Chaos"],"picked":"SKIP","floor":1},{"not_picked":["Fusion","Chaos"],"picked":"StuffTheSpire:Rend","floor":1},{"not_picked":["StuffTheSpire:Plugnplay","Redo"],"picked":"Go for the Eyes","floor":3},{"not_picked":["Storm","Undo","Lockon"],"picked":"SKIP","floor":5},{"not_picked":["Meteor Strike","Recycle","Rebound"],"picked":"SKIP","floor":7},{"not_picked":["Redo","Ball Lightning"],"picked":"Beam Cell","floor":10},{"not_picked":["Capacitor","Fusion"],"picked":"Cold Snap","floor":12},{"not_picked":["Redo","Stack"],"picked":"Leap","floor":13},{"not_picked":["Consume","Steam Power"],"picked":"Echo Form","floor":14},{"not_picked":["Rainbow","StuffTheSpire:LaunchingStrike"],"picked":"All For One","floor":16},{"not_picked":["Go for the Eyes","Doom and Gloom","Lockon"],"picked":"SKIP","floor":18},{"not_picked":["Hologram","Go for the Eyes+1","StuffTheSpire:Plugnplay"],"picked":"SKIP","floor":19},{"not_picked":["StuffTheSpire:LoadUp","StuffTheSpire:Synthwave"],"picked":"Self Repair+1","floor":21}],"player_experience":828012,"relics_obtained":[{"floor":7,"key":"Boot"},{"floor":9,"key":"Whetstone"},{"floor":10,"key":"Darkstone Periapt"},{"floor":12,"key":"StuffTheSpire:SapphireSignet"}],"event_choices":[{"damage_healed":0,"gold_gain":0,"player_choice":"Take Damage","damage_taken":18,"relics_obtained":["Golden Idol"],"max_hp_gain":0,"max_hp_loss":0,"event_name":"Golden Idol","floor":4,"gold_loss":0},{"damage_healed":0,"gold_gain":0,"player_choice":"Donut","damage_taken":0,"max_hp_gain":5,"max_hp_loss":0,"event_name":"Big Fish","floor":8,"gold_loss":0},{"damage_healed":0,"gold_gain":0,"player_choice":"Traded Relic","damage_taken":0,"relics_obtained":["Nloth\u0027s Gift"],"max_hp_gain":0,"max_hp_loss":0,"event_name":"N\u0027loth","floor":20,"relics_lost":["Darkstone Periapt"],"gold_loss":0}],"is_beta":false,"boss_relics":[{"not_picked":["Empty Cage","Astrolabe"],"picked":"Cursed Key"}],"items_purged_floors":[2,22],"is_endless":false,"potions_floor_spawned":[1,10,12,13,18,21],"killed_by":"Gremlin Leader","ascension_level":1}}