{"host":"fkig9nrckec4xsh0","time":1610428368,"event":{"mods":["BaseMod","Colored Map","Minty Spire (QoL Compilation)","Quick Restart","Replay The Spire","StSLib"],"gold_per_floor":[113,130,130,130,143,143,175,29,53,81,5,19,35,35,35,35,35],"floor_reached":16,"playtime":531,"items_purged":[],"score":127,"play_id":"fb7ec1a0-8625-45be-b7ad-bf3170acf2e2","local_time":"20210112001248","is_ascension_mode":true,"campfire_choices":[{"data":"Dash","floor":6,"key":"SMITH"},{"floor":15,"key":"REST"}],"circlet_count":0,"master_deck":["Strike_G","Strike_G","Strike_G","Defend_G","Defend_G","Defend_G","Defend_G","Defend_G","Survivor","Neutralize","Deadly Poison","Dash+1","Dodge and Roll","Unload+1","Dagger Throw","ReplayTheSpireMod:Scrap Shanks+1","Poisoned Stab","Slice"],"relics":["Ring of the Snake","NeowsBlessing","Gremlin Food","Sling","Anchor","Frozen Egg 2"],"acts_visited":["Exordium"],"potions_floor_usage":[13,16,16,16],"damage_taken":[{"damage":0,"enemies":"Cultist","floor":1,"turns":1},{"damage":0,"enemies":"Small Slimes","floor":2,"turns":1},{"damage":0,"enemies":"Jaw Worm","floor":5,"turns":1},{"damage":44,"enemies":"Gremlin Nob","floor":7,"turns":6},{"damage":25,"enemies":"Lagavulin","floor":10,"turns":8},{"damage":5,"enemies":"Exordium Wildlife","floor":12,"turns":3},{"damage":0,"enemies":"Exordium Thugs","floor":13,"turns":5},{"damage":31,"enemies":"Fading Forest","floor":16,"turns":8}],"seed_played":"1155722090668389524","potions_obtained":[{"floor":7,"key":"Poison Potion"},{"floor":10,"key":"Reflective Coating"},{"floor":12,"key":"Flashbang"},{"floor":13,"key":"CunningPotion"}],"is_trial":false,"path_per_floor":["M","M","?","?","M","R","E","$","T","E","$","M","M","?","R","B"],"character_chosen":"THE_SILENT","items_purchased":["Sling","ReplayTheSpireMod:Scrap Shanks+1"],"campfire_rested":1,"item_purchase_floors":[8,11],"current_hp_per_floor":[70,70,75,75,75,75,31,31,31,6,6,1,1,1,23,0,0],"gold":35,"neow_bonus":"THREE_ENEMY_KILL","is_daily":false,"chose_seed":false,"campfire_upgraded":1,"win_rate":0.0,"timestamp":1610428368,"path_taken":["M","?","?","?","M","R","E","$","T","E","?","M","?","?","R","BOSS"],"items_purchased_type":["Relic","Card"],"build_version":"2020-12-22","purchased_purges":0,"victory":false,"max_hp_per_floor":[70,70,75,75,75,75,75,75,75,75,75,75,75,75,75,75,75],"card_choices":[{"not_picked":["Dagger Spray","Quick Slash"],"picked":"Deadly Poison","floor":1},{"not_picked":["Blade Dance","All Out Attack"],"picked":"Dash","floor":2},{"not_picked":["Underhanded Strike","Flechettes"],"picked":"Dodge and Roll","floor":5},{"not_picked":["Dagger Spray","Quick Slash"],"picked":"Unload","floor":7},{"not_picked":["Distraction","Acrobatics"],"picked":"Dagger Throw","floor":10},{"not_picked":["Fluid Movement+1","Outmaneuver"],"picked":"Poisoned Stab","floor":12},{"not_picked":["Dagger Spray","PiercingWail"],"picked":"Slice","floor":13}],"player_experience":288589,"relics_obtained":[{"floor":7,"key":"Gremlin Food"},{"floor":9,"key":"Anchor"},{"floor":10,"key":"Frozen Egg 2"}],"event_choices":[{"damage_healed":0,"gold_gain":0,"player_choice":"Donut","damage_taken":0,"max_hp_gain":5,"max_hp_loss":0,"event_name":"Big Fish","floor":3,"gold_loss":0},{"cards_removed":["Strike_G"],"damage_healed":0,"gold_gain":0,"player_choice":"Forget","damage_taken":0,"max_hp_gain":0,"max_hp_loss":0,"event_name":"Living Wall","floor":4,"gold_loss":0},{"cards_removed":["Strike_G"],"damage_healed":0,"gold_gain":0,"player_choice":"Purged","damage_taken":0,"max_hp_gain":0,"max_hp_loss":0,"event_name":"Purifier","floor":14,"gold_loss":0}],"is_beta":false,"boss_relics":[],"items_purged_floors":[],"is_endless":false,"potions_floor_spawned":[7,10,12,13],"killed_by":"Fading Forest","ascension_level":3}}