{"host":"appz8zkad29u9482","time":1610481196,"event":{"mods":["2.2 Compatiblity","Act Like it!","Aspiration","BaseMod","Beaked The Cultist","Better Altar","Better Match","Better Note","Better Skull","Better Third Choice","BetterRewards","CapriCore","Conspire","Disable Question Mark Monsters","Energized Spire","Gensokyo","GifTheSpireLib","Gold Saver","Halation","Hermit","Hubris","Infinite Spire","Jedi Mod","Marisa????????","Minty Spire (QoL Compilation)","Permanent Neow","Reimu??????","Replay The Spire","Somnambulant","Spicy Shops","StSLib","Strawberry Spire","Stuff the Spire","The Administrix","The Animator","The Cursed","The Hierophant","The Immortal","yUi"],"gold_per_floor":[703,112,62,62,22,163,163,180,180],"floor_reached":8,"language":"ENG","playtime":351,"items_purged":[],"score":55,"play_id":"45f0787d-400d-40c9-8cbf-fac2a60536ae","local_time":"20210112095316","is_ascension_mode":true,"campfire_choices":[{"floor":7,"key":"REST"}],"circlet_count":0,"master_deck":["hierophant:Strike_Hierophant","hierophant:Strike_Hierophant","hierophant:Strike_Hierophant","hierophant:Strike_Hierophant","hierophant:Punish","hierophant:Defend_Hierophant","hierophant:Defend_Hierophant","hierophant:Defend_Hierophant","hierophant:Defend_Hierophant","hierophant:ChurchCoffers","hierophant:Repentance","hierophant:Determination","conspire:SpireCoStock","hierophant:Kindle"],"relics":["hierophant:PropheticMaskRelic","Tiny Chest","StuffTheSpire:TintedRock","halation:IllGainedPizza","PaintedHorse:ReiMu","hubris:OldNail"],"acts_visited":["Exordium"],"potions_floor_usage":[],"damage_taken":[{"damage":0,"enemies":"2 Louse","floor":1,"turns":1},{"damage":47,"enemies":"3 Sentries","floor":6,"turns":11},{"damage":36,"enemies":"Lagavulin","floor":8,"turns":3}],"seed_played":"1779023877555785790","potions_obtained":[],"is_trial":false,"path_per_floor":["M","$","?","$","?","E","R","E"],"character_chosen":"HIEROPHANT","items_purchased":["hierophant:Determination","Tiny Chest","StuffTheSpire:TintedRock","halation:IllGainedPizza"],"campfire_rested":1,"item_purchase_floors":[2,2,2,2],"current_hp_per_floor":[54,54,54,54,54,12,34,0,0],"gold":180,"neow_bonus":"TWO_FIFTY_GOLD","is_daily":false,"chose_seed":false,"campfire_upgraded":0,"win_rate":0.0,"timestamp":1610481196,"path_taken":["M","$","?","?","?","E","R","E"],"items_purchased_type":["Card","Relic","Relic","Relic"],"build_version":"2020-12-22","purchased_purges":0,"victory":false,"max_hp_per_floor":[75,75,75,75,75,75,75,75,75],"card_choices":[{"not_picked":["hierophant:OrnateBuckler","hierophant:ArchangelShield"],"picked":"hierophant:Repentance","floor":1},{"not_picked":["hierophant:Remorse","hierophant:Zeal"],"picked":"hierophant:Kindle","floor":6}],"player_experience":544147,"relics_obtained":[{"floor":6,"key":"hubris:OldNail"}],"event_choices":[{"damage_healed":0,"gold_gain":0,"player_choice":"Invest 1","damage_taken":0,"max_hp_gain":0,"max_hp_loss":0,"event_name":"conspire:Investor","floor":3,"gold_loss":0},{"damage_healed":0,"gold_gain":0,"player_choice":"Donate","damage_taken":0,"relics_obtained":["PaintedHorse:ReiMu"],"max_hp_gain":0,"max_hp_loss":0,"event_name":"yidonshenshe","floor":5,"gold_loss":40}],"is_beta":false,"boss_relics":[],"items_purged_floors":[],"is_endless":false,"potions_floor_spawned":[],"killed_by":"Lagavulin","ascension_level":1}}