{"host":"pf47v7h0307523iy","time":1610474508,"event":{"mods":["BaseMod","Minty Spire (QoL Compilation)"],"gold_per_floor":[118,193,193,216,216,251,251,289,315,334,304,304,143,186,186,186,186],"floor_reached":16,"playtime":581,"items_purged":["Strike_R"],"score":282,"play_id":"b3477e95-2a2e-4246-8da0-a2385fc666f7","local_time":"20210112200148","is_ascension_mode":true,"campfire_choices":[{"data":"Cleave","floor":7,"key":"SMITH"},{"data":"Bash","floor":12,"key":"SMITH"},{"data":"Pummel","floor":15,"key":"SMITH"}],"circlet_count":0,"master_deck":["AscendersBane","Strike_R","Strike_R+1","Strike_R","Strike_R","Defend_R","Defend_R","Defend_R","Defend_R+1","Bash+1","Pummel+1","Cleave+1","Corruption","Ghostly Armor","Dropkick"],"relics":["Burning Blood","NeowsBlessing","Golden Idol","Nunchaku","Kunai","Boot","PreservedInsect"],"acts_visited":["Exordium"],"potions_floor_usage":[16,16,16],"damage_taken":[{"damage":0,"enemies":"Small Slimes","floor":1,"turns":1},{"damage":0,"enemies":"2 Louse","floor":4,"turns":1},{"damage":0,"enemies":"Gremlin Nob","floor":6,"turns":1},{"damage":32,"enemies":"Lagavulin","floor":8,"turns":7},{"damage":7,"enemies":"Jaw Worm","floor":10,"turns":3},{"damage":22,"enemies":"3 Sentries","floor":14,"turns":8},{"damage":40,"enemies":"The Guardian","floor":16,"turns":8}],"seed_played":"-7716856889451717395","potions_obtained":[{"floor":6,"key":"FairyPotion"},{"floor":8,"key":"Energy Potion"},{"floor":11,"key":"EntropicBrew"}],"is_trial":false,"path_per_floor":["M","?","?","M","?","E","R","E","T","M","?","R","$","E","R","B"],"character_chosen":"IRONCLAD","items_purchased":["Dropkick"],"campfire_rested":0,"item_purchase_floors":[13],"current_hp_per_floor":[74,63,63,68,48,54,54,28,28,27,27,27,27,11,11,0,0],"gold":186,"neow_bonus":"THREE_ENEMY_KILL","is_daily":false,"chose_seed":false,"campfire_upgraded":3,"win_rate":0.0,"timestamp":1610474508,"path_taken":["M","?","?","M","?","E","R","E","T","?","?","R","$","E","R","BOSS"],"items_purchased_type":["Card"],"build_version":"2020-12-22","purchased_purges":1,"victory":false,"max_hp_per_floor":[75,75,68,68,68,68,68,68,68,68,68,68,68,68,68,68,68],"card_choices":[{"not_picked":["Clothesline","Spot Weakness"],"picked":"Pummel","floor":1},{"not_picked":["Reckless Charge","Dark Embrace","Warcry"],"picked":"SKIP","floor":4},{"not_picked":["Power Through","Second Wind"],"picked":"Cleave","floor":6},{"not_picked":["Fire Breathing","Clothesline"],"picked":"Corruption","floor":8},{"not_picked":["Cleave","Clothesline"],"picked":"Ghostly Armor","floor":10},{"not_picked":["Rupture","Rampage","Clash"],"picked":"SKIP","floor":14}],"player_experience":1619242,"relics_obtained":[{"floor":6,"key":"Nunchaku"},{"floor":8,"key":"Kunai"},{"floor":9,"key":"Boot"},{"floor":14,"key":"PreservedInsect"}],"event_choices":[{"damage_healed":0,"gold_gain":75,"player_choice":"Gather Gold","damage_taken":11,"max_hp_gain":0,"max_hp_loss":0,"event_name":"World of Goop","floor":2,"gold_loss":0},{"damage_healed":0,"gold_gain":0,"player_choice":"Lose Max HP","damage_taken":0,"relics_obtained":["Golden Idol"],"max_hp_gain":0,"max_hp_loss":7,"event_name":"Golden Idol","floor":3,"gold_loss":0},{"damage_healed":0,"gold_gain":0,"player_choice":"Entered Light","damage_taken":20,"max_hp_gain":0,"max_hp_loss":0,"event_name":"Shining Light","floor":5,"gold_loss":0,"cards_upgraded":["Defend_R","Strike_R"]},{"damage_healed":0,"gold_gain":0,"player_choice":"Bought 2 Potions","damage_taken":0,"max_hp_gain":0,"max_hp_loss":0,"event_name":"The Woman in Blue","floor":11,"gold_loss":0}],"is_beta":false,"boss_relics":[],"items_purged_floors":[13],"is_endless":false,"potions_floor_spawned":[6,8,14],"killed_by":"The Guardian","ascension_level":20}}