{"host":"2n2g1vowfllvjtvi","time":1610440627,"event":{"mods":["AchievementEnabler","BaseMod","Custom Start","GifTheSpireLib","Keyboard Shortcuts","Minty Spire (QoL Compilation)","Quick Restart","Rare Cards Sparkle","StSLib","SuperFastMode"],"gold_per_floor":[112,62,62,62,80,124,199,199,199,212,226,226,245,278,278,409,409,425,73,73,73,87,87,123,123,148,192,192,226,151,186,186,316,316,330,280,296,319,269,313,313,313,337,337,361,396,396,421,421,421,421],"floor_reached":50,"playtime":1135,"items_purged":["Strike_R","Strike_R","Defend_R"],"score":666,"play_id":"8142a7f0-1c3d-4d7f-a817-42bb3b58b8d0","local_time":"20210112173707","is_ascension_mode":true,"campfire_choices":[{"data":"Rupture","floor":12.0,"key":"SMITH"},{"data":"Armaments","floor":15.0,"key":"SMITH"},{"data":"Bloodletting","floor":23.0,"key":"SMITH"},{"data":"Evolve","floor":25.0,"key":"SMITH"},{"floor":32.0,"key":"REST"},{"floor":41,"key":"REST"},{"data":"Offering","floor":44,"key":"SMITH"},{"floor":49,"key":"REST"}],"circlet_count":0,"master_deck":["Defend_R+1","Defend_R","Defend_R+1","Bash","Bloodletting+1","Rupture+1","Carnage","Flame Barrier","Armaments+1","Immolate","Evolve+1","Reckless Charge+1","Brutality","Offering+1","Power Through+1","Dark Embrace+1"],"relics":["Burning Blood","NeowsBlessing","Golden Idol","Smiling Mask","White Beast Statue","Juzu Bracelet","Runic Pyramid","Incense Burner","Prayer Wheel","Vajra","Red Skull","MutagenicStrength","InkBottle","Bird Faced Urn","Sozu","Self Forming Clay","Toy Ornithopter"],"acts_visited":["Exordium","TheCity","TheBeyond"],"potions_floor_usage":[40],"damage_taken":[{"damage":0.0,"enemies":"2 Louse","floor":1.0,"turns":1.0},{"damage":0.0,"enemies":"Small Slimes","floor":5.0,"turns":1.0},{"damage":0.0,"enemies":"Gremlin Nob","floor":6.0,"turns":2.0},{"damage":0.0,"enemies":"Cultist","floor":10.0,"turns":3.0},{"damage":12.0,"enemies":"Exordium Wildlife","floor":11.0,"turns":4.0},{"damage":3.0,"enemies":"Looter","floor":13.0,"turns":3.0},{"damage":29.0,"enemies":"Lagavulin","floor":14.0,"turns":7.0},{"damage":34.0,"enemies":"Hexaghost","floor":16.0,"turns":11.0},{"damage":3.0,"enemies":"Spheric Guardian","floor":18.0,"turns":3.0},{"damage":3.0,"enemies":"2 Thieves","floor":22.0,"turns":4.0},{"damage":6.0,"enemies":"Gremlin Leader","floor":24.0,"turns":4.0},{"damage":14.0,"enemies":"Book of Stabbing","floor":27.0,"turns":5.0},{"damage":8.0,"enemies":"Gremlin Leader","floor":29.0,"turns":6.0},{"damage":16.0,"enemies":"Book of Stabbing","floor":31.0,"turns":4.0},{"damage":30.0,"enemies":"Automaton","floor":33.0,"turns":9.0},{"damage":14.0,"enemies":"3 Darklings","floor":35.0,"turns":4.0},{"damage":3.0,"enemies":"3 Shapes","floor":37.0,"turns":2.0},{"damage":13,"enemies":"Sphere and 2 Shapes","floor":38,"turns":3},{"damage":48,"enemies":"Reptomancer","floor":40,"turns":6},{"damage":27,"enemies":"Maw","floor":45,"turns":5},{"damage":14,"enemies":"Nemesis","floor":46,"turns":3},{"damage":13,"enemies":"Jaw Worm Horde","floor":48,"turns":5},{"damage":83,"enemies":"Awakened One","floor":50,"turns":10}],"seed_played":"5367898586786447930","potions_obtained":[{"floor":6.0,"key":"SteroidPotion"},{"floor":10.0,"key":"LiquidMemories"},{"floor":11.0,"key":"PowerPotion"},{"floor":13.0,"key":"Regen Potion"},{"floor":16.0,"key":"Weak Potion"},{"floor":18.0,"key":"Strength Potion"},{"floor":27.0,"key":"Block Potion"},{"floor":29.0,"key":"Weak Potion"},{"floor":33.0,"key":"EntropicBrew"}],"is_trial":false,"path_per_floor":["M","?","?","?","M","E","?","?","T","M","M","R","M","E","R","B",null,"M","$","?","?","M","R","E","R","T","E","?","E","?","E","R","B",null,"M","$","M","M","$","E","R","?","T","R","M","E","?","M","R","B"],"character_chosen":"IRONCLAD","items_purchased":["Incense Burner"],"campfire_rested":3,"item_purchase_floors":[19],"current_hp_per_floor":[80,80,60,65,71,77,66,49,49,55,49,49,52,29,29,16,85,85,85,85,85,85,85,85,85,85,77,77,75,75,65,85,63,85,77,77,80,79,79,43,68,68,68,68,53,51,51,50,74,0,0],"gold":421,"neow_bonus":"THREE_ENEMY_KILL","is_daily":false,"chose_seed":false,"campfire_upgraded":5,"win_rate":0.0,"timestamp":1610440627,"path_taken":["M","?","?","?","M","E","?","?","T","M","M","R","M","E","R","BOSS","M","$","?","?","M","R","E","R","T","E","?","E","?","E","R","BOSS","M","$","M","M","$","E","R","?","T","R","M","E","?","M","R","BOSS"],"items_purchased_type":["Relic"],"build_version":"2020-12-22","purchased_purges":3,"victory":false,"max_hp_per_floor":[80,80,80,85,85,85,85,85,85,85,85,85,85,85,85,85,85,85,85,85,85,85,85,85,85,85,85,85,85,85,85,85,85,85,85,85,85,85,85,85,85,85,85,85,85,85,81,81,81,81,81],"card_choices":[{"not_picked":["Shrug It Off","True Grit"],"picked":"Bloodletting","floor":1.0},{"not_picked":["Shrug It Off","Wild Strike"],"picked":"Rupture","floor":5.0},{"not_picked":["True Grit","Battle Trance"],"picked":"Carnage","floor":6.0},{"not_picked":["Wild Strike","Cleave","Body Slam"],"picked":"SKIP","floor":10.0},{"not_picked":["Twin Strike","Metallicize"],"picked":"Flame Barrier","floor":11.0},{"not_picked":["Havoc","Juggernaut"],"picked":"Armaments","floor":13.0},{"not_picked":["Perfected Strike","Infernal Blade","Thunderclap"],"picked":"SKIP","floor":14.0},{"not_picked":["Fiend Fire","Barricade"],"picked":"Immolate","floor":16.0},{"not_picked":["Iron Wave","Pommel Strike","Spot Weakness"],"picked":"SKIP","floor":18.0},{"not_picked":["Metallicize","Intimidate","Clothesline+1"],"picked":"SKIP","floor":22.0},{"not_picked":["Wild Strike","Anger"],"picked":"Evolve","floor":24.0},{"not_picked":["Warcry","Thunderclap"],"picked":"Reckless Charge+1","floor":27.0},{"not_picked":["Warcry","Combust+1","Sentinel"],"picked":"SKIP","floor":29.0},{"not_picked":["Iron Wave","Clothesline","Warcry+1"],"picked":"SKIP","floor":31.0},{"not_picked":["Double Tap","Demon Form"],"picked":"Brutality","floor":33.0},{"not_picked":["Armaments+1","Clash+1","Ghostly Armor+1"],"picked":"SKIP","floor":35.0},{"not_picked":["True Grit+1","Anger","Body Slam+1"],"picked":"SKIP","floor":35.0},{"not_picked":["Pommel Strike+1","Armaments+1","Headbutt"],"picked":"SKIP","floor":37},{"not_picked":["Dual Wield+1","Havoc","Body Slam"],"picked":"SKIP","floor":37},{"not_picked":["Perfected Strike+1","Headbutt+1","Cleave"],"picked":"SKIP","floor":38},{"not_picked":["Thunderclap+1","Pommel Strike+1","Searing Blow"],"picked":"SKIP","floor":38},{"not_picked":["Body Slam","Burning Pact"],"picked":"Offering","floor":40},{"not_picked":["Twin Strike","Heavy Blade","Iron Wave+1"],"picked":"SKIP","floor":45},{"not_picked":["Clothesline+1","Reckless Charge+1","Body Slam"],"picked":"SKIP","floor":45},{"not_picked":["Iron Wave","Flame Barrier"],"picked":"Power Through+1","floor":46},{"not_picked":["Power Through","Searing Blow"],"picked":"Dark Embrace+1","floor":48},{"not_picked":["Armaments","Twin Strike+1","Iron Wave+1"],"picked":"SKIP","floor":48}],"player_experience":216691,"relics_obtained":[{"floor":6.0,"key":"Smiling Mask"},{"floor":9.0,"key":"White Beast Statue"},{"floor":14.0,"key":"Juzu Bracelet"},{"floor":24.0,"key":"Prayer Wheel"},{"floor":26.0,"key":"Vajra"},{"floor":27.0,"key":"Red Skull"},{"floor":29.0,"key":"InkBottle"},{"floor":31.0,"key":"Bird Faced Urn"},{"floor":40,"key":"Self Forming Clay"},{"floor":46,"key":"Toy Ornithopter"}],"event_choices":[{"cards_removed":["Strike_R"],"damage_healed":0.0,"max_hp_gain":0.0,"max_hp_loss":0.0,"gold_gain":0.0,"event_name":"The Cleric","player_choice":"Card Removal","floor":2.0,"gold_loss":50.0,"damage_taken":0.0},{"damage_healed":0.0,"max_hp_gain":0.0,"max_hp_loss":0.0,"gold_gain":0.0,"event_name":"Golden Idol","player_choice":"Take Damage","floor":3.0,"gold_loss":0.0,"damage_taken":20.0,"relics_obtained":["Golden Idol"]},{"damage_healed":0.0,"max_hp_gain":5.0,"max_hp_loss":0.0,"gold_gain":0.0,"event_name":"Big Fish","player_choice":"Donut","floor":4.0,"gold_loss":0.0,"damage_taken":0.0},{"damage_healed":0.0,"max_hp_gain":0.0,"max_hp_loss":0.0,"gold_gain":75.0,"event_name":"World of Goop","player_choice":"Gather Gold","floor":7.0,"gold_loss":0.0,"damage_taken":11.0},{"damage_healed":0.0,"max_hp_gain":0.0,"max_hp_loss":0.0,"gold_gain":0.0,"event_name":"Shining Light","player_choice":"Entered Light","floor":8.0,"gold_loss":0.0,"damage_taken":17.0,"cards_upgraded":["Defend_R","Defend_R"]},{"damage_healed":0.0,"max_hp_gain":0.0,"max_hp_loss":0.0,"gold_gain":0.0,"event_name":"N\u0027loth","player_choice":"Ignored","floor":20.0,"gold_loss":0.0,"damage_taken":0.0},{"cards_removed":["Strike_R"],"damage_healed":0.0,"max_hp_gain":0.0,"max_hp_loss":0.0,"gold_gain":0.0,"event_name":"Back to Basics","player_choice":"Elegance","floor":21.0,"gold_loss":0.0,"damage_taken":0.0},{"damage_healed":0.0,"max_hp_gain":0.0,"max_hp_loss":0.0,"gold_gain":0.0,"event_name":"Drug Dealer","player_choice":"Inject Mutagens","floor":28.0,"gold_loss":0.0,"damage_taken":0.0,"relics_obtained":["MutagenicStrength"]},{"cards_removed":["Strike_R"],"damage_healed":0.0,"max_hp_gain":0.0,"max_hp_loss":0.0,"gold_gain":0.0,"event_name":"Beggar","player_choice":"Gave Gold","floor":30.0,"gold_loss":75.0,"damage_taken":0.0},{"damage_healed":0,"gold_gain":0,"player_choice":"Ignored","damage_taken":0,"max_hp_gain":0,"max_hp_loss":0,"event_name":"SecretPortal","floor":42,"gold_loss":0},{"damage_healed":0,"gold_gain":0,"player_choice":"Max HP","damage_taken":0,"max_hp_gain":0,"max_hp_loss":4,"event_name":"Winding Halls","floor":47,"gold_loss":0}],"is_beta":false,"boss_relics":[{"not_picked":["SacredBark","Empty Cage"],"picked":"Runic Pyramid"},{"not_picked":["Snecko Eye","Mark of Pain"],"picked":"Sozu"}],"items_purged_floors":[19,36,39],"is_endless":false,"potions_floor_spawned":[6,10,11,13,14,16,18,22,24,27,29,31,33,35,37,38,40,45,46,48],"killed_by":"Awakened One","ascension_level":1}}