{"host":"wha9hktbkslqvblg","time":1610461226,"event":{"mods":["BaseMod","Colored Map","Minty Spire (QoL Compilation)","Relic Stats","SuperFastMode","everything is the same but u backflip on backflip"],"gold_per_floor":[14,14,14,38,59,59,83,117,117,117,167,181,77,102,102,102,102],"floor_reached":16,"playtime":325,"items_purged":["Defend_P"],"score":204,"play_id":"6cdfa5c6-ac3c-4c2f-b8ac-1cbfb033abfc","local_time":"20210112232026","is_ascension_mode":true,"campfire_choices":[{"data":"Eruption","floor":6,"key":"SMITH"},{"floor":10,"key":"REST"},{"floor":15,"key":"REST"}],"circlet_count":0,"master_deck":["AscendersBane","Strike_P","Strike_P","Strike_P","Strike_P","Defend_P","Defend_P","Defend_P","Eruption+1","Vigilance","DeusExMachina","WheelKick","TalkToTheHand"],"relics":["PureWater","Golden Idol","Shuriken","Smiling Mask","Kunai"],"acts_visited":["Exordium"],"potions_floor_usage":[7,14,14],"damage_taken":[{"damage":6,"enemies":"Small Slimes","floor":1,"turns":3},{"damage":14,"enemies":"2 Louse","floor":4,"turns":2},{"damage":0,"enemies":"Cultist","floor":5,"turns":4},{"damage":0,"enemies":"Lots of Slimes","floor":7,"turns":2},{"damage":12,"enemies":"3 Sentries","floor":8,"turns":6},{"damage":5,"enemies":"Blue Slaver","floor":12,"turns":4},{"damage":19,"enemies":"Exordium Wildlife","floor":14,"turns":3},{"damage":3,"enemies":"Hexaghost","floor":16,"turns":5}],"seed_played":"-5467130576933217714","potions_obtained":[{"floor":4,"key":"Swift Potion"},{"floor":8,"key":"Explosive Potion"}],"is_trial":false,"path_per_floor":["M","?","?","M","M","R","M","E","T","R","?","M","$","M","R","B"],"character_chosen":"WATCHER","items_purchased":["PowerPotion"],"campfire_rested":2,"item_purchase_floors":[13],"current_hp_per_floor":[55,55,44,30,30,30,30,18,18,36,30,25,25,6,24,21,21],"gold":102,"neow_bonus":"THREE_RARE_CARDS","is_daily":false,"chose_seed":false,"campfire_upgraded":1,"win_rate":0.0,"timestamp":1610461226,"path_taken":["M","?","?","M","M","R","M","E","T","R","?","M","$","M","R","BOSS"],"items_purchased_type":["Potion"],"build_version":"2020-12-22","purchased_purges":1,"victory":false,"max_hp_per_floor":[68,62,62,62,62,62,62,62,62,62,62,62,62,62,62,62,62],"relic_stats":{"counters":[8,29],"Golden Idol":29,"Shuriken":[7],"Kunai":[2],"Smiling Mask":25,"obtain_stats":[{"Golden Idol":2,"Shuriken":3,"Kunai":9,"PureWater":0,"Smiling Mask":8},{"Golden Idol":1,"Shuriken":1,"Kunai":5,"PureWater":0,"Smiling Mask":5},{"Golden Idol":3,"Shuriken":3,"Kunai":17,"PureWater":0,"Smiling Mask":17}]},"card_choices":[{"not_picked":["MasterReality","DevaForm"],"picked":"DeusExMachina","floor":0},{"not_picked":["Consecrate","CutThroughFate","Prostrate"],"picked":"SKIP","floor":1},{"not_picked":["PathToVictory","SashWhip","JustLucky"],"picked":"SKIP","floor":4},{"not_picked":["InnerPeace","BowlingBash"],"picked":"WheelKick","floor":5},{"not_picked":["Brilliance","Perseverance","JustLucky"],"picked":"SKIP","floor":7},{"not_picked":["Conclude","BowlingBash"],"picked":"TalkToTheHand","floor":8},{"not_picked":["WheelKick","ThirdEye","ClearTheMind"],"picked":"SKIP","floor":12},{"not_picked":["Worship","PathToVictory","Halt"],"picked":"SKIP","floor":14}],"player_experience":961308,"relics_obtained":[{"floor":8,"key":"Smiling Mask"},{"floor":9,"key":"Kunai"}],"event_choices":[{"damage_healed":0,"gold_gain":0,"player_choice":"Lose Max HP","damage_taken":0,"relics_obtained":["Golden Idol"],"max_hp_gain":0,"max_hp_loss":6,"event_name":"Golden Idol","floor":2,"gold_loss":0},{"damage_healed":0,"gold_gain":0,"player_choice":"Success","damage_taken":11,"relics_obtained":["Shuriken"],"max_hp_gain":0,"max_hp_loss":0,"event_name":"Scrap Ooze","floor":3,"gold_loss":0},{"damage_healed":0,"gold_gain":50,"player_choice":"Touch","damage_taken":6,"max_hp_gain":0,"max_hp_loss":0,"event_name":"FaceTrader","floor":11,"gold_loss":0}],"is_beta":false,"boss_relics":[],"items_purged_floors":[13],"is_endless":false,"potions_floor_spawned":[4,8],"killed_by":"Hexaghost","ascension_level":20}}