{"host":"p08oqmr389b4tgxi","time":1610432319,"event":{"mods":["Act Like it!","BaseMod","CapriCore","Colored Powertips","Gensokyo","Hallownest","Luminous","Minty Spire (QoL Compilation)","Quick Restart","Relic Stats","StSLib","The Immortal","UnlockEverythingMod","Yakumo Yukari mod","¡¾ÒÅÎï¿¨ÅÆ¡¿REMEMod"],"gold_per_floor":[134,147,147,147,5,5,39,49,75,88,0,27,27,55,55,158,158,375,375,295,513,532,532,53,53,53,53,272,740,758,976,976,1076,1076],"floor_reached":33,"playtime":4439,"items_purged":["AT_purpleEX","AT_purpleEX"],"score":588,"play_id":"7da11853-cd6e-4a18-b02a-ff8b23be63c6","local_time":"20210112141839","is_ascension_mode":true,"campfire_choices":[{"data":"Yakumo_Ran_purple","floor":6.0,"key":"SMITH"},{"data":"PositiveMatter_Antimatter_Universe_purple","floor":13.0,"key":"SMITH"},{"data":"PositiveMatter_Antimatter_Universe_purple","floor":15.0,"key":"SMITH"},{"data":"REME_TheoryOfElimination","floor":23.0,"key":"SMITH"},{"data":"MonsterNeedle_purple","floor":25.0,"key":"SMITH"},{"data":"WingOfChimera_purple","floor":27.0,"key":"SMITH"},{"data":"Mirror_FourBoundary_purple","floor":32.0,"key":"SMITH"}],"circlet_count":0,"master_deck":["AT_purpleEX","AT_purpleEX","Defend_purpleEX","Defend_purpleEX","Defend_purpleEX","Defend_purpleEX","Observe_purple_1","Observe_purple_2","Yakumo_Ran_purple+1","PositiveMatter_Antimatter_Universe_purple+1","REME_TheoryOfElimination+1","PositiveMatter_Antimatter_Universe_purple+1","WingOfChimera_purple+1","DimensionStaggered_purple","Mirror_FourBoundary_purple+1","Hallownest:curseDreamersLament","Hallownest:skillCityofTearsMap","Writhe","MonsterNeedle_purple+1","Writhe","Boundary_ObjectiveBoundary_purple+1","Clumsy"],"relics":["Boundary_crack","Memoryfragments_purpleEX","REME_ComplimentaryCards","Hallownest:DreamNailRelic","Strawberry","Potion Belt","Boot","Gambling Chip","REME_DemonsWealth","Thread and Needle","Ornamental Fan"],"acts_visited":["Exordium","Hallownest:Greenpath"],"potions_floor_usage":[],"damage_taken":[{"damage":0.0,"enemies":"Hallownest:2_Baldur","floor":1.0,"turns":1.0},{"damage":0.0,"enemies":"Hallownest:2_MossCreeps","floor":2.0,"turns":1.0},{"damage":19.0,"enemies":"Hallownest:eliteVengeflyKing","floor":7.0,"turns":1.0},{"damage":11.0,"enemies":"Hallownest:2_Tiktiks_and_1_Crawlid","floor":8.0,"turns":4.0},{"damage":28.0,"enemies":"Hallownest:MossCreep_and_Mosskin","floor":10.0,"turns":7.0},{"damage":5.0,"enemies":"Hallownest:eliteMossKnight","floor":12.0,"turns":34.0},{"damage":5.0,"enemies":"Hallownest:eliteCrystalGuardian","floor":14.0,"turns":8.0},{"damage":8.0,"enemies":"Hallownest:BossBrokenVessel","floor":16.0,"turns":13.0},{"damage":0.0,"enemies":"Hallownest:Guard_and_Sentry","floor":18.0,"turns":5.0},{"damage":0.0,"enemies":"Hallownest:3_Youths","floor":21.0,"turns":5.0},{"damage":2.0,"enemies":"Hallownest:2_Husk_Sentries","floor":22.0,"turns":6.0},{"damage":1.0,"enemies":"Hallownest:monsterShrumalOgre","floor":28.0,"turns":7.0},{"damage":26.0,"enemies":"Hallownest:2_Flukemon","floor":30.0,"turns":9.0},{"damage":1.0,"enemies":"Hallownest:2_Husk_Sentries","floor":31.0,"turns":11.0},{"damage":24,"enemies":"Hallownest:BossSoulMaster","floor":33,"turns":39}],"seed_played":"6846434728553438247","potions_obtained":[{"floor":2.0,"key":"LiquidMemories"},{"floor":7.0,"key":"BlessingOfTheForge"},{"floor":12.0,"key":"Weak Potion"},{"floor":28.0,"key":"Block Potion"}],"is_trial":false,"path_per_floor":["M","M","?","?","$","R","E","M","T","M","?","E","R","E","R","B",null,"M","?","?","M","M","R","$","R","T","R","M","?","M","M","R","B"],"character_chosen":"Youkari","items_purchased":["WingOfChimera_purple","MonsterNeedle_purple","Thread and Needle"],"campfire_rested":0,"item_purchase_floors":[5,24,24],"current_hp_per_floor":[63,63,63,63,63,63,51,41,41,15,15,15,15,10,10,4,59,60,60,60,61,63,63,63,63,63,63,63,63,38,37,37,18,18],"gold":1076,"neow_bonus":"THREE_ENEMY_KILL","is_daily":false,"chose_seed":false,"campfire_upgraded":7,"win_rate":0.0,"timestamp":1610432319,"path_taken":["M","M","?","?","$","R","E","?","T","?","?","E","R","E","R","BOSS","M","?","?","?","M","R","$","R","T","R","M","?","M","M","R","BOSS"],"items_purchased_type":["Card","Card","Relic"],"build_version":"2020-12-22","purchased_purges":2,"victory":false,"max_hp_per_floor":[70,70,70,70,70,70,77,77,77,77,77,77,77,77,77,77,77,77,77,77,77,77,77,77,77,77,77,77,77,77,77,77,77,77],"relic_stats":{"counters":[15,151],"Ornamental Fan":[4],"Gambling Chip":[37],"Boot":[70],"obtain_stats":[{"Potion Belt":11,"REME_DemonsWealth":17,"NeowsBlessing":0,"Ornamental Fan":26,"Strawberry":7,"Gambling Chip":14,"Thread and Needle":24,"Hallownest:DreamNailRelic":4,"Boundary_crack":0,"Boot":12,"Memoryfragments_purpleEX":0,"REME_ComplimentaryCards":0},{"Potion Belt":5,"REME_DemonsWealth":8,"NeowsBlessing":0,"Ornamental Fan":11,"Strawberry":3,"Gambling Chip":7,"Thread and Needle":11,"Hallownest:DreamNailRelic":2,"Boundary_crack":0,"Boot":6,"Memoryfragments_purpleEX":0,"REME_ComplimentaryCards":0},{"Potion Belt":14,"REME_DemonsWealth":69,"NeowsBlessing":0,"Ornamental Fan":85,"Strawberry":3,"Gambling Chip":56,"Thread and Needle":85,"Hallownest:DreamNailRelic":2,"Boundary_crack":0,"Boot":48,"Memoryfragments_purpleEX":0,"REME_ComplimentaryCards":0}]},"card_choices":[{"not_picked":["Mirror_Drifter_purple","Shallow_ocean_purpleEX"],"picked":"PositiveMatter_Antimatter_Universe_purple","floor":1.0},{"not_picked":["Worldmountain_purple","Shallow_ocean_purpleEX","MeetDecomposer_purple"],"picked":"SKIP","floor":2.0},{"not_picked":["PanicButton","Purity"],"picked":"REME_TheoryOfElimination","floor":3.0},{"not_picked":["ButterflyHabitatTemple_purple","Shallow_ocean_purpleEX"],"picked":"PositiveMatter_Antimatter_Universe_purple","floor":3.0},{"not_picked":["Price_of_realm_purpleEX","Umbrella_purple"],"picked":"DimensionStaggered_purple","floor":7.0},{"not_picked":["Anti_communist_purple","Boundary_DynamicStaticEquilibrium_purple","RuptureOfTimeAndSpace_purple"],"picked":"SKIP","floor":8.0},{"not_picked":["PurpleNeedle_purple","Mirror_WaveAndshot_purple"],"picked":"Mirror_FourBoundary_purple","floor":10.0},{"not_picked":["OmniscientAndOmnipotent_Monster_purple","ExistenceContinue_purple","Worldmountain_purple"],"picked":"SKIP","floor":12.0},{"not_picked":["WatchEChange_purple","ExistenceContinue_purple","ExternalForce_HighSpeedFlying_purple"],"picked":"SKIP","floor":14.0},{"not_picked":["Boundary_DynamicStaticEquilibrium_purple+1","MetroBOOM_purple","SfantasyHide_purple"],"picked":"Hallownest:curseDreamersLament","floor":18.0},{"not_picked":["Boundary_of_Extermination_purpleEX","DimensionStaggered_purple+1","AdvanceAttack_purple"],"picked":"Writhe","floor":21.0},{"not_picked":["Umbrella_purple","AdvanceAttack_purple","RuleDissolution_purple","Normality"],"picked":"SKIP","floor":22.0},{"not_picked":["Umbrella_purple","StretchesForeverDream_purple","Mirror_FormAndEmptin_purple+1"],"picked":"Writhe","floor":28.0},{"not_picked":["AdvanceAttack_purple","WangLiang_OokamiKakushi_purple","Pain"],"picked":"Boundary_ObjectiveBoundary_purple+1","floor":30.0},{"not_picked":["RuleDissolution_purple","PurpleNeedle_purple+1","Bait_HighSpeedFlying_purple"],"picked":"Clumsy","floor":31.0}],"player_experience":45179,"relics_obtained":[{"floor":7.0,"key":"Strawberry"},{"floor":12.0,"key":"Boot"},{"floor":14.0,"key":"Gambling Chip"},{"floor":26.0,"key":"Ornamental Fan"}],"event_choices":[],"is_beta":false,"boss_relics":[{"not_picked":["Sozu","REME_LowDesire"],"picked":"REME_DemonsWealth"}],"items_purged_floors":[5,24],"is_endless":false,"potions_floor_spawned":[2,7,12,28],"killed_by":"Hallownest:BossSoulMaster","ascension_level":6}}