{"host":"i7jfea87xc8lz16p","time":1610490387,"event":{"mods":["AchievementEnabler","BaseMod","Colored Powertips","Minty Spire (QoL Compilation)","Relic Stats"],"gold_per_floor":[118,118,193,4,23,51,51,66,66,66,76,103,13,28,28,102,102,121,136,136,51,101,101,101,101],"floor_reached":24,"language":"ENG","playtime":786,"items_purged":[],"score":458,"play_id":"a63cb2d5-ac81-4f49-8da3-41dae06229f2","local_time":"20210112232627","is_ascension_mode":true,"campfire_choices":[{"data":"Combust","floor":7,"key":"SMITH"},{"data":"Clothesline","floor":10,"key":"SMITH"},{"floor":15,"key":"REST"},{"floor":23,"key":"REST"}],"circlet_count":0,"master_deck":["AscendersBane","Strike_R","Strike_R","Strike_R","Strike_R","Strike_R+1","Defend_R","Defend_R","Defend_R+1","Defend_R+1","Bash+1","Clothesline+1","Pommel Strike","Combust+1","Carnage","Rupture","Reaper","Reaper","Offering+1","Warcry+1","J.A.X.+1"],"relics":["Burning Blood","NeowsBlessing","Membership Card","Toxic Egg 2","Whetstone","Ancient Tea Set","Fusion Hammer","Orichalcum"],"acts_visited":["Exordium","TheCity"],"potions_floor_usage":[12,18],"damage_taken":[{"damage":0,"enemies":"Small Slimes","floor":1,"turns":1},{"damage":0,"enemies":"Jaw Worm","floor":5,"turns":1},{"damage":0,"enemies":"Lagavulin","floor":6,"turns":1},{"damage":8,"enemies":"2 Louse","floor":8,"turns":3},{"damage":11,"enemies":"Looter","floor":11,"turns":2},{"damage":8,"enemies":"Gremlin Nob","floor":12,"turns":3},{"damage":13,"enemies":"2 Fungi Beasts","floor":14,"turns":4},{"damage":57,"enemies":"Slime Boss","floor":16,"turns":9},{"damage":38,"enemies":"2 Thieves","floor":18,"turns":4},{"damage":31,"enemies":"Spheric Guardian","floor":19,"turns":4},{"damage":69,"enemies":"Book of Stabbing","floor":24,"turns":4}],"seed_played":"-8689564179334305464","potions_obtained":[{"floor":5,"key":"SteroidPotion"},{"floor":11,"key":"SteroidPotion"},{"floor":19,"key":"EssenceOfSteel"}],"is_trial":false,"path_per_floor":["M","?","?","$","M","E","R","M","T","R","M","E","$","M","R","B",null,"M","M","?","?","?","R","E"],"character_chosen":"IRONCLAD","items_purchased":["Membership Card","Pommel Strike","Reaper"],"campfire_rested":2,"item_purchase_floors":[4,4,13],"current_hp_per_floor":[74,51,40,40,46,52,52,50,50,50,45,43,43,36,58,26,63,45,25,25,25,25,47,0,0],"gold":101,"neow_bonus":"THREE_ENEMY_KILL","is_daily":false,"chose_seed":false,"campfire_upgraded":2,"win_rate":0.0,"timestamp":1610490387,"path_taken":["M","?","?","?","M","E","R","M","T","R","M","E","$","M","R","BOSS","M","M","?","?","?","R","E"],"items_purchased_type":["Relic","Card","Card"],"build_version":"2020-12-22","purchased_purges":0,"victory":false,"max_hp_per_floor":[75,75,75,75,75,75,75,75,75,75,75,75,75,75,75,75,75,75,75,75,75,75,75,75,75],"relic_stats":{"counters":[11,36],"Whetstone":["Strike_R","Bash"],"Orichalcum":[18],"obtain_stats":[{"NeowsBlessing":0,"Fusion Hammer":17,"Membership Card":4,"Whetstone":9,"Toxic Egg 2":6,"Orichalcum":21,"Ancient Tea Set":12,"Burning Blood":0},{"NeowsBlessing":0,"Fusion Hammer":8,"Membership Card":1,"Whetstone":4,"Toxic Egg 2":3,"Orichalcum":10,"Ancient Tea Set":6,"Burning Blood":0},{"NeowsBlessing":0,"Fusion Hammer":24,"Membership Card":1,"Whetstone":6,"Toxic Egg 2":3,"Orichalcum":32,"Ancient Tea Set":11,"Burning Blood":0}],"Burning Blood":60},"card_choices":[{"not_picked":["Sword Boomerang","Disarm"],"picked":"Clothesline","floor":1},{"not_picked":["Sword Boomerang","Flex","Clothesline"],"picked":"SKIP","floor":5},{"not_picked":["Flex+1","Dark Embrace"],"picked":"Combust","floor":6},{"not_picked":["Sword Boomerang","Wild Strike"],"picked":"Carnage","floor":8},{"not_picked":["Rampage","Twin Strike"],"picked":"Rupture","floor":11},{"not_picked":["Flex+1","Pommel Strike","Perfected Strike"],"picked":"SKIP","floor":12},{"not_picked":["Armaments+1","Iron Wave"],"picked":"Reaper","floor":14},{"not_picked":["Bludgeon","Berserk"],"picked":"Offering+1","floor":16},{"not_picked":["Flex+1","Cleave"],"picked":"Warcry+1","floor":18},{"not_picked":["Clash","Warcry+1","Dropkick"],"picked":"SKIP","floor":19}],"player_experience":1769292,"relics_obtained":[{"floor":6,"key":"Toxic Egg 2"},{"floor":9,"key":"Whetstone"},{"floor":12,"key":"Ancient Tea Set"}],"event_choices":[{"damage_healed":0,"gold_gain":0,"player_choice":"Entered Light","damage_taken":23,"max_hp_gain":0,"max_hp_loss":0,"event_name":"Shining Light","floor":2,"gold_loss":0,"cards_upgraded":["Defend_R","Defend_R"]},{"damage_healed":0,"gold_gain":75,"player_choice":"Gather Gold","damage_taken":11,"max_hp_gain":0,"max_hp_loss":0,"event_name":"World of Goop","floor":3,"gold_loss":0},{"damage_healed":0,"gold_gain":0,"player_choice":"Obtain J.A.X.","damage_taken":0,"max_hp_gain":0,"max_hp_loss":0,"event_name":"Drug Dealer","floor":20,"gold_loss":0,"cards_obtained":["J.A.X."]},{"damage_healed":0,"gold_gain":0,"player_choice":"Obtained Relic","damage_taken":0,"relics_obtained":["Orichalcum"],"max_hp_gain":0,"max_hp_loss":0,"event_name":"Addict","floor":21,"gold_loss":85},{"damage_healed":0,"gold_gain":50,"player_choice":"Stole From Cult","damage_taken":0,"max_hp_gain":0,"max_hp_loss":0,"event_name":"Nest","floor":22,"gold_loss":0}],"is_beta":false,"boss_relics":[{"not_picked":["Astrolabe","Mark of Pain"],"picked":"Fusion Hammer"}],"items_purged_floors":[],"is_endless":false,"potions_floor_spawned":[5,11,19],"killed_by":"Book of Stabbing","ascension_level":20}}