{"host":"tnsigirk6wurdark","time":1610482617,"event":{"mods":["BaseMod","Colored Map","Colored Powertips","Highlight Path","Minty Spire (QoL Compilation)","Quick Restart","Relic Sorter","StSLib","Synergy Search"],"gold_per_floor":[115,133,5,21,39,64,64,214,237,265,265,5,5,22,22,94,94,106,122,134,49,49,84,84,99,99,116,134,134,14,48,48,48,48],"floor_reached":33,"playtime":1702,"items_purged":["Strike_G"],"score":545,"play_id":"b15380da-07f9-4204-8102-720f83904812","local_time":"20210112201657","is_ascension_mode":true,"campfire_choices":[{"data":"Bandage Up","floor":7.0,"key":"SMITH"},{"data":"Deadly Poison","floor":11.0,"key":"SMITH"},{"data":"Apotheosis","floor":15.0,"key":"SMITH"},{"data":"Venomology","floor":24,"key":"SMITH"},{"data":"Acrobatics","floor":29,"key":"SMITH"},{"data":"Dash","floor":32,"key":"SMITH"}],"circlet_count":0,"master_deck":["AscendersBane","Strike_G","Strike_G","Strike_G","Strike_G","Defend_G","Defend_G","Defend_G","Defend_G","Defend_G","Survivor","Neutralize","Poisoned Stab","PiercingWail","Bandage Up+1","Bane","Deadly Poison+1","Slice","Doubt","Slice","Apotheosis+1","Backflip","Slice","Choke","Venomology+1","PiercingWail","Dash+1","PiercingWail","Purity","Madness","Impatience","Dodge and Roll","Poisoned Stab","Writhe","Finisher","Acrobatics+1","Backflip","Endless Agony"],"relics":["Coffee Dripper","Cursed Key","Calipers","Oddly Smooth Stone","TungstenRod","Ancient Tea Set","Strawberry","Boot","Anchor","Centennial Puzzle"],"acts_visited":["Exordium","TheCity"],"potions_floor_usage":[19,19,20,23,23,25,25,27,27,28,31,31,33,33],"damage_taken":[{"damage":0.0,"enemies":"2 Louse","floor":1.0,"turns":4.0},{"damage":5.0,"enemies":"Jaw Worm","floor":2.0,"turns":4.0},{"damage":0.0,"enemies":"Cultist","floor":4.0,"turns":4.0},{"damage":0.0,"enemies":"2 Fungi Beasts","floor":5.0,"turns":3.0},{"damage":20.0,"enemies":"3 Sentries","floor":6.0,"turns":12.0},{"damage":24.0,"enemies":"Lagavulin","floor":10.0,"turns":7.0},{"damage":2.0,"enemies":"3 Louse","floor":14.0,"turns":4.0},{"damage":11.0,"enemies":"The Guardian","floor":16.0,"turns":10.0},{"damage":0.0,"enemies":"Spheric Guardian","floor":18.0,"turns":3.0},{"damage":17,"enemies":"2 Thieves","floor":19,"turns":5},{"damage":3,"enemies":"Chosen and Byrds","floor":20,"turns":4},{"damage":3,"enemies":"Slavers","floor":23,"turns":7},{"damage":0,"enemies":"Centurion and Healer","floor":25,"turns":7},{"damage":17,"enemies":"Snecko","floor":27,"turns":5},{"damage":5,"enemies":"Snake Plant","floor":28,"turns":4},{"damage":8,"enemies":"Book of Stabbing","floor":31,"turns":6},{"damage":37,"enemies":"Automaton","floor":33,"turns":6}],"seed_played":"4328784563435512879","potions_obtained":[{"floor":1.0,"key":"Explosive Potion"},{"floor":5.0,"key":"Block Potion"},{"floor":14.0,"key":"SteroidPotion"},{"floor":16.0,"key":"SkillPotion"},{"floor":19,"key":"Explosive Potion"},{"floor":25,"key":"SkillPotion"},{"floor":28,"key":"GamblersBrew"},{"floor":31,"key":"GamblersBrew"}],"is_trial":false,"path_per_floor":["M","M","$","M","M","E","R","?","T","E","R","$","?","M","R","B",null,"M","M","M","?","?","E","R","M","T","M","M","R","$","E","R","B"],"character_chosen":"THE_SILENT","items_purchased":["Bandage Up","Cloak And Dagger","Apotheosis","Backflip","Slice","Backflip"],"campfire_rested":0,"item_purchase_floors":[3,3,12,12,12,30],"current_hp_per_floor":[59,54,54,58,62,46,46,46,53,35,35,35,35,39,39,34,63,69,58,55,55,28,31,31,37,37,26,21,21,21,19,19,0,0],"gold":48,"neow_bonus":"BOSS_RELIC","is_daily":false,"chose_seed":false,"campfire_upgraded":6,"win_rate":0.0,"timestamp":1610482617,"path_taken":["M","M","$","M","M","E","R","?","T","E","R","$","?","M","R","BOSS","M","M","?","?","?","E","R","M","T","M","M","R","$","E","R","BOSS"],"items_purchased_type":["Card","Card","Card","Card","Card","Card"],"build_version":"2020-12-22","purchased_purges":1,"victory":false,"max_hp_per_floor":[66,66,66,66,66,66,66,66,73,73,73,73,73,73,73,73,73,73,73,73,73,73,73,73,73,73,73,73,73,73,73,73,73,73],"card_choices":[{"not_picked":["Setup","Prepared"],"picked":"Poisoned Stab","floor":1.0},{"not_picked":["Flying Knee","Choke"],"picked":"PiercingWail","floor":2.0},{"not_picked":["Finisher","Underhanded Strike"],"picked":"Bane","floor":4.0},{"not_picked":["Wraith Form v2","Reflex"],"picked":"Deadly Poison","floor":5.0},{"not_picked":["Expertise","Reflex"],"picked":"Slice","floor":6.0},{"not_picked":["Eviscerate","Flying Knee"],"picked":"Slice","floor":10.0},{"not_picked":["Slice","Sucker Punch"],"picked":"Choke","floor":14.0},{"not_picked":["Glass Knife","Adrenaline"],"picked":"Venomology","floor":16.0},{"not_picked":["Concentrate","Backstab"],"picked":"PiercingWail","floor":18.0},{"not_picked":["Cloak And Dagger","Dagger Spray"],"picked":"Dash","floor":19},{"not_picked":["Terror","Sucker Punch"],"picked":"PiercingWail","floor":20},{"not_picked":["Cloak And Dagger","Flying Knee"],"picked":"Dodge and Roll","floor":23},{"not_picked":["Cloak And Dagger","Well Laid Plans"],"picked":"Poisoned Stab","floor":25},{"not_picked":["Backstab","Terror"],"picked":"Finisher","floor":27},{"not_picked":["Flechettes+1","All Out Attack"],"picked":"Acrobatics","floor":28},{"not_picked":["Tactician","Slice"],"picked":"Endless Agony","floor":31}],"player_experience":690291,"relics_obtained":[{"floor":6.0,"key":"Ancient Tea Set"},{"floor":9.0,"key":"Strawberry"},{"floor":10.0,"key":"Boot"},{"floor":23,"key":"Calipers"},{"floor":26,"key":"TungstenRod"},{"floor":31,"key":"Centennial Puzzle"}],"event_choices":[{"damage_healed":0.0,"max_hp_gain":0.0,"max_hp_loss":0.0,"gold_gain":150.0,"event_name":"Liars Game","player_choice":"AGREE","floor":8.0,"gold_loss":0.0,"damage_taken":0.0,"cards_obtained":["Doubt"]},{"cards_removed":["Cloak And Dagger"],"damage_healed":0.0,"max_hp_gain":0.0,"max_hp_loss":0.0,"gold_gain":0.0,"event_name":"WeMeetAgain","player_choice":"Gave Card","floor":13.0,"gold_loss":0.0,"damage_taken":0.0,"relics_obtained":["Anchor"]},{"damage_healed":0,"gold_gain":0,"player_choice":"Obtained Relic","damage_taken":0,"relics_obtained":["Oddly Smooth Stone"],"max_hp_gain":0,"max_hp_loss":0,"event_name":"Addict","floor":21,"gold_loss":85},{"damage_healed":0,"gold_gain":0,"player_choice":"CARD CARD CARD ","damage_taken":27,"max_hp_gain":0,"max_hp_loss":0,"event_name":"Knowing Skull","floor":22,"potions_obtained":[],"gold_loss":0,"cards_obtained":["Purity","Madness","Impatience"]}],"is_beta":false,"boss_relics":[{"not_picked":["Black Star","Sozu"],"picked":"Cursed Key"}],"items_purged_floors":[30],"is_endless":false,"potions_floor_spawned":[1,5,14,16,19,25,28,31],"killed_by":"Automaton","ascension_level":15}}