{"host":"1a3cjta80tad0aqj","time":1610474619,"event":{"mods":["2.2 Compatiblity","AchievementEnabler","BaseMod","Colored Map","DeckTracker","KOR Keyword Fix","Keyboard Shortcuts","Minty Spire (QoL Compilation)","Permanent Neow","Quick Restart","Random Character Button","StSLib","SuperFastMode","everything is the same but u backflip on backflip"],"gold_per_floor":[115,115,129,17,36,36,55,55,55,67,67,82,82,97,97,227,227,240,240,240,240,259,259,284,304,304,304,320,9,27,45,45,45,45],"floor_reached":33,"playtime":1938,"items_purged":["Strike_B"],"score":243,"play_id":"4e4172a2-cbc6-4c4d-937a-e70042ed7bec","local_time":"20210113030339","is_ascension_mode":false,"campfire_choices":[{"floor":6.0,"key":"REST"},{"data":"Sunder","floor":8.0,"key":"SMITH"},{"data":"Dualcast","floor":11.0,"key":"SMITH"},{"floor":15.0,"key":"REST"},{"floor":23.0,"key":"REST"},{"floor":27.0,"key":"REST"},{"floor":32,"key":"REST"}],"circlet_count":0,"master_deck":["Strike_B","Strike_B","Strike_B","Defend_B","Defend_B","Zap","Dualcast+1","Meteor Strike","Turbo","Coolheaded","Sunder+1","Melter","Conserve Battery","Creative AI+1","Fusion+1","Recycle","Reboot","Leap","Loop+1","Hologram","Force Field","Hologram","Seek","Turbo","Steam+1"],"relics":["Cracked Core","Frozen Egg 2","Golden Idol","Fusion Hammer","Enchiridion","White Beast Statue","Ancient Tea Set"],"acts_visited":["Exordium","TheCity"],"potions_floor_usage":[31],"damage_taken":[{"damage":2.0,"enemies":"Small Slimes","floor":1.0,"turns":3.0},{"damage":2.0,"enemies":"2 Louse","floor":3.0,"turns":2.0},{"damage":6.0,"enemies":"Jaw Worm","floor":5.0,"turns":4.0},{"damage":9.0,"enemies":"3 Louse","floor":7.0,"turns":3.0},{"damage":0.0,"enemies":"Exordium Thugs","floor":10.0,"turns":3.0},{"damage":0.0,"enemies":"2 Fungi Beasts","floor":12.0,"turns":2.0},{"damage":4.0,"enemies":"3 Louse","floor":14.0,"turns":4.0},{"damage":49.0,"enemies":"Hexaghost","floor":16.0,"turns":10.0},{"damage":13.0,"enemies":"Chosen","floor":18.0,"turns":5.0},{"damage":0.0,"enemies":"Spheric Guardian","floor":22.0,"turns":1.0},{"damage":25.0,"enemies":"Shelled Parasite and Fungi","floor":24.0,"turns":8.0},{"damage":21.0,"enemies":"Centurion and Healer","floor":25.0,"turns":5.0},{"damage":37.0,"enemies":"Cultist and Chosen","floor":28.0,"turns":6.0},{"damage":0.0,"enemies":"Snecko","floor":30.0,"turns":2.0},{"damage":8,"enemies":"Centurion and Healer","floor":31,"turns":8},{"damage":2,"enemies":"Champ","floor":33,"turns":6}],"seed_played":"4632666283653634791","potions_obtained":[{"floor":3.0,"key":"SteroidPotion"},{"floor":14.0,"key":"SkillPotion"},{"floor":16.0,"key":"PotionOfCapacity"},{"floor":25.0,"key":"Dexterity Potion"},{"floor":28.0,"key":"Fruit Juice"},{"floor":30.0,"key":"Block Potion"},{"floor":31,"key":"GamblersBrew"}],"is_trial":false,"path_per_floor":["M","?","M","$","M","R","M","R","T","M","R","M","?","M","R","B",null,"M","?","?","?","M","R","M","M","T","R","M","$","M","M","R","B"],"character_chosen":"DEFECT","items_purchased":["Sunder","Ancient Tea Set","Hologram","Seek"],"campfire_rested":5,"item_purchase_floors":[4,29,29,29],"current_hp_per_floor":[52,45,43,43,37,59,50,50,50,50,50,50,32,28,50,1,75,62,62,46,46,46,68,43,22,22,44,12,12,12,4,28,26,26],"gold":45,"neow_bonus":"THREE_RARE_CARDS","is_daily":false,"chose_seed":false,"campfire_upgraded":2,"win_rate":0.0,"timestamp":1610474619,"path_taken":["M","?","M","$","M","R","M","R","T","M","R","M","?","M","R","BOSS","M","?","?","?","M","R","M","M","T","R","M","$","M","M","R","BOSS"],"items_purchased_type":["Card","Relic","Card","Card"],"build_version":"2020-12-22","purchased_purges":1,"victory":false,"max_hp_per_floor":[75,75,75,75,75,75,75,75,75,75,75,75,75,75,75,75,75,75,75,75,75,75,75,75,75,75,75,80,80,80,80,80,80,80],"card_choices":[{"not_picked":["Core Surge","Biased Cognition"],"picked":"Meteor Strike","floor":0.0},{"not_picked":["Doom and Gloom","Streamline"],"picked":"Turbo","floor":1.0},{"not_picked":["Turbo","Consume"],"picked":"Coolheaded","floor":3.0},{"not_picked":["Stack","Compile Driver"],"picked":"Melter","floor":5.0},{"not_picked":["Static Discharge","Leap"],"picked":"Conserve Battery","floor":7.0},{"not_picked":["Compile Driver","Consume"],"picked":"Creative AI+1","floor":10.0},{"not_picked":["Turbo","Defragment+1"],"picked":"Fusion","floor":12.0},{"not_picked":["Conserve Battery","Streamline"],"picked":"Recycle","floor":14.0},{"not_picked":["All For One","Biased Cognition+1"],"picked":"Reboot","floor":16.0},{"not_picked":["Go for the Eyes+1","Conserve Battery"],"picked":"Leap","floor":18.0},{"not_picked":["Compile Driver","Undo"],"picked":"Loop+1","floor":22.0},{"not_picked":["Conserve Battery","Blizzard"],"picked":"Hologram","floor":24.0},{"not_picked":["Gash","Core Surge","Streamline+1"],"picked":"SKIP","floor":25.0},{"not_picked":["Compile Driver","Turbo"],"picked":"Force Field","floor":28.0},{"not_picked":["Fusion","Barrage"],"picked":"Turbo","floor":30.0},{"not_picked":["Thunder Strike","Turbo"],"picked":"Steam+1","floor":31}],"player_experience":335871,"relics_obtained":[{"floor":9.0,"key":"Frozen Egg 2"},{"floor":20.0,"key":"Enchiridion"},{"floor":26.0,"key":"White Beast Statue"}],"event_choices":[{"cards_removed":["Defend_B"],"damage_healed":0.0,"max_hp_gain":0.0,"max_hp_loss":0.0,"gold_gain":0.0,"event_name":"Golden Wing","player_choice":"Card Removal","floor":2.0,"gold_loss":0.0,"damage_taken":7.0},{"damage_healed":0.0,"max_hp_gain":0.0,"max_hp_loss":0.0,"gold_gain":0.0,"event_name":"Golden Idol","player_choice":"Take Damage","floor":13.0,"gold_loss":0.0,"damage_taken":18.0,"relics_obtained":["Golden Idol"]},{"cards_removed":["Defend_B"],"damage_healed":0.0,"max_hp_gain":0.0,"max_hp_loss":0.0,"gold_gain":0.0,"event_name":"Back to Basics","player_choice":"Elegance","floor":19.0,"gold_loss":0.0,"damage_taken":0.0},{"damage_healed":0.0,"max_hp_gain":0.0,"max_hp_loss":0.0,"gold_gain":0.0,"event_name":"Cursed Tome","player_choice":"Obtained Book","floor":20.0,"gold_loss":0.0,"damage_taken":16.0},{"damage_healed":0.0,"max_hp_gain":0.0,"max_hp_loss":0.0,"gold_gain":0.0,"event_name":"Accursed Blacksmith","player_choice":"Forge","floor":21.0,"gold_loss":0.0,"damage_taken":0.0,"cards_upgraded":["Fusion"]}],"is_beta":false,"boss_relics":[{"not_picked":["Runic Pyramid","FrozenCore"],"picked":"Fusion Hammer"}],"items_purged_floors":[4],"is_endless":false,"potions_floor_spawned":[3,14,16,25,28,30,31],"killed_by":"Champ","ascension_level":0}}