{"host":"j0pfm12paoskip8g","time":1610452828,"event":{"mods":["AchievementEnabler","BaseMod","Colored Map","Hermit","Marisa????????","Minty Spire (QoL Compilation)","Rare Cards Sparkle","StSLib","SuperFastMode","The Animator","The Bug Knight","The Cursed","The Necromancer","The Runesmith","The Servant 0.9.4"],"gold_per_floor":[125,140,140,153,153,153,167,167,167],"floor_reached":8,"playtime":350,"items_purged":[],"score":48,"play_id":"d427586a-b460-42fc-bf70-d6042a7ef99c","local_time":"20210112130028","is_ascension_mode":false,"campfire_choices":[{"data":"animator:Vanir","floor":6,"key":"SMITH"}],"circlet_count":0,"master_deck":["animator:Strike_Konosuba","animator:Defend_Konosuba","animator:Strike","animator:Strike","animator:Defend","animator:Defend","animator:Defend","animator:Kazuma","animator:Aqua","animator:Vanir+1"],"relics":["animator:LivingPicture","animator:TheMissingPiece","NeowsBlessing"],"acts_visited":["Exordium"],"potions_floor_usage":[7],"damage_taken":[{"damage":0,"enemies":"Small Slimes","floor":1,"turns":1},{"damage":0,"enemies":"Cultist","floor":2,"turns":1},{"damage":0,"enemies":"Jaw Worm","floor":4,"turns":1},{"damage":15,"enemies":"Exordium Thugs","floor":7,"turns":9},{"damage":79,"enemies":"Gremlin Nob","floor":8,"turns":6}],"seed_played":"6079838079663174878","potions_obtained":[{"floor":2,"key":"Energy Potion"}],"is_trial":false,"path_per_floor":["M","M","?","M","?","R","M","E"],"character_chosen":"THE_ANIMATOR","items_purchased":[],"campfire_rested":0,"item_purchase_floors":[],"current_hp_per_floor":[66,66,71,71,64,64,51,0,0],"gold":167,"neow_bonus":"THREE_ENEMY_KILL","is_daily":false,"chose_seed":false,"campfire_upgraded":1,"win_rate":0.0,"timestamp":1610452828,"path_taken":["M","M","?","M","?","R","M","E"],"items_purchased_type":[],"build_version":"2020-12-22","purchased_purges":0,"victory":false,"max_hp_per_floor":[66,66,71,71,71,71,71,71,71],"card_choices":[{"not_picked":["animator:PandorasActor","animator:Spearman"],"picked":"animator:Vanir","floor":1},{"not_picked":["animator:LizardPriest","animator:SwordMaiden","animator:Azekura"],"picked":"SKIP","floor":2},{"not_picked":["animator:Entoma","animator:DwarfShaman","animator:Add"],"picked":"SKIP","floor":4}],"player_experience":24183,"relics_obtained":[],"event_choices":[{"damage_healed":0,"gold_gain":0,"player_choice":"Donut","damage_taken":0,"max_hp_gain":5,"max_hp_loss":0,"event_name":"Big Fish","floor":3,"gold_loss":0},{"cards_removed":["animator:Strike"],"damage_healed":0,"gold_gain":0,"player_choice":"Card Removal","damage_taken":7,"max_hp_gain":0,"max_hp_loss":0,"event_name":"Golden Wing","floor":5,"gold_loss":0}],"is_beta":false,"boss_relics":[],"items_purged_floors":[],"is_endless":false,"potions_floor_spawned":[2],"killed_by":"Gremlin Nob","ascension_level":0}}