{"host":"1zjc08c6hob33401","time":1610466578,"event":{"mods":["AchievementEnabler","Act Like it!","Aspiration","BaseMod","Downfall","Energized Spire","Evolution","GifTheSpireLib","Hubris","Infinite Spire","Jedi Mod","Minty Spire (QoL Compilation)","Pale of the Ancients","Quick Restart","Replay The Spire","Retaliation","Shop Mod","StSLib","Stuff the Spire","The Blue Laboratory","Wandering Minibosses","vexMod"],"gold_per_floor":[116,116,132,57,77,105,105,136,136,136,149,149,159,89,89,194,194,209,220,71,88,49,49,49,49,49,49,64,90,125,145,145,249,249,263,273,79,79,79],"floor_reached":38,"playtime":4121,"items_purged":["Defend_B","Defend_B","Defend_B"],"score":836,"play_id":"4804f098-6e3e-4a30-b12b-5df56ff02c9d","local_time":"20210112174938","is_ascension_mode":true,"campfire_choices":[{"data":"Auto Shields","floor":7.0,"key":"SMITH"},{"data":"ReplayRNGCard","floor":10.0,"key":"SMITH"},{"data":"Self Repair","floor":15.0,"key":"SMITH"},{"data":"Storm","floor":24.0,"key":"SMITH"},{"data":"Hello World","floor":27.0,"key":"SMITH"},{"data":"Heatsinks","floor":32.0,"key":"SMITH"}],"circlet_count":0,"master_deck":["Cold Snap","Cold Snap","Cold Snap","Cold Snap","Zap+1","Dualcast","Barrage","Go for the Eyes","Barrage","Auto Shields+1","ReplayRNGCard+1","Coolheaded","Storm+1","Self Repair+1","Echo Form","Beam Cell+1","Cold Snap","Hello World+1","Hello World","Conserve Battery+1","FIFO Queue+1","Tempest+1","Chaos+1","Heatsinks+1","Mirror Shield","Glacier+1","Recycle+1","Heatsinks"],"relics":["FrozenCore","EVO:Axolotl","infinitespire:Lucky Rock","infinitespire:WardingShard","vexMod:MemoryStick","Inserter","Replay:Rubber Ducky","ReplayTheSpireMod:TigerMarble","Tiny Chest","wanderingMiniBosses:OtherGremlinHorn"],"acts_visited":["Exordium","TheCity","TheBeyond"],"potions_floor_usage":[38],"damage_taken":[{"damage":6.0,"enemies":"Small Slimes","floor":1.0,"turns":3.0},{"damage":0.0,"enemies":"2 Louse","floor":3.0,"turns":2.0},{"damage":0.0,"enemies":"Cultist","floor":5.0,"turns":3.0},{"damage":2.0,"enemies":"Lagavulin","floor":6.0,"turns":4.0},{"damage":1.0,"enemies":"Replay:BlueRogue","floor":8.0,"turns":5.0},{"damage":0.0,"enemies":"Exordium Thugs","floor":11.0,"turns":3.0},{"damage":0.0,"enemies":"2 Fungi Beasts","floor":13.0,"turns":2.0},{"damage":20.0,"enemies":"Hexaghost","floor":16.0,"turns":8.0},{"damage":20.0,"enemies":"Shell Parasite","floor":18.0,"turns":5.0},{"damage":18.0,"enemies":"Spheric Guardian","floor":19.0,"turns":7.0},{"damage":20.0,"enemies":"Centurion and Healer","floor":21.0,"turns":5.0},{"damage":8.0,"enemies":"Snake Plant","floor":28.0,"turns":4.0},{"damage":0.0,"enemies":"Nightmare","floor":30.0,"turns":6.0},{"damage":22.0,"enemies":"Snecko","floor":31.0,"turns":5.0},{"damage":4.0,"enemies":"Pondfish","floor":33.0,"turns":4.0},{"damage":27.0,"enemies":"3 Shapes","floor":35.0,"turns":4.0},{"damage":0.0,"enemies":"Orb Walker","floor":36.0,"turns":3.0},{"damage":50,"enemies":"3 Darklings","floor":38,"turns":2}],"seed_played":"-696049306281229168","potions_obtained":[{"floor":3.0,"key":"blueLaboratory:BiasPotion"},{"floor":6.0,"key":"jedi:StrikingPotion"},{"floor":11.0,"key":"jedi:StrikingPotion"},{"floor":16.0,"key":"blueLaboratory:HeartbeatPotion"},{"floor":21.0,"key":"FearPotion"},{"floor":31.0,"key":"LifebloodPotion"},{"floor":33.0,"key":"FearPotion"}],"is_trial":false,"path_per_floor":["M","?","M","$","M","E","R","E","T","R","M","?","M","$","R","B",null,"M","M","$","M","$","?","R","$","T","R","M","T","NM","M","R","B",null,"M","M","$","M"],"character_chosen":"DEFECT","items_purchased":["Self Repair","Hello World","FIFO Queue","Heatsinks"],"campfire_rested":0,"item_purchase_floors":[14,20,22,37],"current_hp_per_floor":[62,69,69,69,69,67,67,66,66,66,66,66,66,66,66,56,70,70,72,72,62,62,62,62,62,62,62,64,64,74,62,62,68,73,46,46,46,0,0],"gold":79,"neow_bonus":"UPGRADE_CARD","is_daily":false,"chose_seed":false,"campfire_upgraded":6,"win_rate":0.0,"timestamp":1610466578,"path_taken":["M","?","M","$","M","E","R","E","T","R","M","?","M","$","R","BOSS","M","M","$","M","?","?","R","?","T","R","M","?","NM","M","R","BOSS","M","M","$","M"],"items_purchased_type":["Card","Card","Card","Card"],"build_version":"2020-12-22","purchased_purges":3,"victory":false,"max_hp_per_floor":[75,75,75,75,75,75,75,75,75,75,75,75,75,75,75,75,75,75,75,75,75,75,75,75,75,75,75,75,75,75,75,75,75,75,75,75,75,75,75],"card_choices":[{"not_picked":["Beam Cell","Sweeping Beam"],"picked":"Barrage","floor":1.0},{"not_picked":["BasicCrystalCard","Hologram"],"picked":"Go for the Eyes","floor":3.0},{"not_picked":["Redo","Melter"],"picked":"Barrage","floor":5.0},{"not_picked":["Consume","Rebound"],"picked":"Auto Shields","floor":6.0},{"not_picked":["StuffTheSpire:LoadUp","Leap"],"picked":"ReplayRNGCard","floor":8.0},{"not_picked":["aspiration:Polymerization","jedi:BurstLightning"],"picked":"Coolheaded","floor":11.0},{"not_picked":["ReplayTheSpireMod:Repulse","BasicCrystalCard"],"picked":"Storm","floor":13.0},{"not_picked":["StuffTheSpire:Purify","Machine Learning"],"picked":"Echo Form","floor":16.0},{"not_picked":["Conserve Battery","jedi:blockon"],"picked":"Beam Cell+1","floor":18.0},{"not_picked":["Rebound","jedi:spotbugs"],"picked":"Cold Snap","floor":19.0},{"not_picked":["Hologram","jedi:BurstLightning"],"picked":"Conserve Battery+1","floor":21.0},{"not_picked":["jedi:BurstLightning","StuffTheSpire:Plugnplay"],"picked":"Tempest+1","floor":28.0},{"not_picked":["Panic Button","jedi:overflow"],"picked":"Chaos+1","floor":30.0},{"not_picked":["Melter","Redo+1"],"picked":"Heatsinks","floor":31.0},{"not_picked":["jedi:bruteforce","jedi:BurstDark"],"picked":"Mirror Shield","floor":33.0},{"not_picked":["Gash","jedi:BurstLightning"],"picked":"Glacier+1","floor":35.0},{"not_picked":["jedi:blockon","FTL+1"],"picked":"Recycle+1","floor":36.0}],"player_experience":553355,"relics_obtained":[{"floor":6.0,"key":"infinitespire:Lucky Rock"},{"floor":8.0,"key":"infinitespire:WardingShard"},{"floor":9.0,"key":"vexMod:MemoryStick"},{"floor":26.0,"key":"Replay:Rubber Ducky"},{"floor":29.0,"key":"ReplayTheSpireMod:TigerMarble"},{"floor":30.0,"key":"Tiny Chest"},{"floor":31.0,"key":"wanderingMiniBosses:OtherGremlinHorn"}],"event_choices":[{"cards_removed":["Defend_B"],"damage_healed":0.0,"max_hp_gain":0.0,"max_hp_loss":0.0,"gold_gain":0.0,"event_name":"Wheel of Change","player_choice":"Card Removal","floor":12.0,"gold_loss":0.0,"damage_taken":0.0}],"is_beta":false,"boss_relics":[{"not_picked":["energizedSpire:EnergizedDie","vexMod:ImprovementManual"],"picked":"Inserter"},{"not_picked":["expansioncontent:StudyCardRelic","Snecko Eye"],"picked":"FrozenCore"}],"items_purged_floors":[4,20,37],"is_endless":false,"potions_floor_spawned":[3,6,11,16,21,31,33],"killed_by":"3 Darklings","ascension_level":8}}