{"host":"czyrp3agadxx2eka","time":1610473797,"event":{"mods":["Bard","BaseMod","Beaked The Cultist","BetterRewards","Colored Map","Downfall","Hermit","Hubris","Infinite Spire","Marisa????????","Minty Spire (QoL Compilation)","Replay The Spire","Shop Mod","StSLib","The Construct","The Cursed","The Elementalist","The Runesmith","TheBandit"],"gold_per_floor":[115,115,129,129,129,129,129,129],"floor_reached":7,"playtime":197,"items_purged":[],"score":39,"play_id":"1d6e45fa-2044-4be2-bbd3-ff83ef8f32b3","local_time":"20210112154957","is_ascension_mode":false,"campfire_choices":[{"data":"construct:DefenseMode","floor":6.0,"key":"SMITH"}],"circlet_count":0,"master_deck":["construct:Strike_Gold","construct:Strike_Gold","construct:Strike_Gold","construct:Strike_Gold","construct:Strike_Gold","construct:Defend_Gold","construct:Defend_Gold","construct:Defend_Gold","construct:Defend_Gold","construct:Defend_Gold","construct:AttackMode+1","construct:DefenseMode+1","construct:Accumulate","construct:CripplingShot"],"relics":["sneckomod:SneckoSoul","infinitespire:Cubic Diamond"],"acts_visited":["Exordium"],"potions_floor_usage":[],"damage_taken":[{"damage":9.0,"enemies":"Small Slimes","floor":1.0,"turns":3.0},{"damage":3.0,"enemies":"Jaw Worm","floor":3.0,"turns":3.0},{"damage":0,"enemies":"3 Sentries","floor":7,"turns":1}],"seed_played":"7122479577591689712","potions_obtained":[{"floor":1.0,"key":"sneckomod:MuddlingPotion"},{"floor":3.0,"key":"infinitespire:BlackPotion"}],"is_trial":false,"path_per_floor":["M","?","M","?","?","R","E"],"character_chosen":"THE_CONSTRUCT_MOD","items_purchased":[],"campfire_rested":0,"item_purchase_floors":[],"current_hp_per_floor":[76,76,73,73,78,78,78,78],"gold":129,"neow_bonus":"RANDOM_EVENT","is_daily":false,"chose_seed":false,"campfire_upgraded":1,"win_rate":0.0,"timestamp":1610473797,"path_taken":["M","?","M","?","?","R","E"],"items_purchased_type":[],"build_version":"2020-12-22","purchased_purges":0,"victory":false,"max_hp_per_floor":[85,85,85,85,90,90,90,90],"card_choices":[{"not_picked":["construct:PointDefense","construct:MetalShell"],"picked":"construct:Accumulate","floor":1.0},{"not_picked":["construct:Backfire","construct:QuickAttack"],"picked":"construct:CripplingShot","floor":3.0}],"player_experience":48690,"relics_obtained":[],"event_choices":[{"damage_healed":0.0,"max_hp_gain":0.0,"max_hp_loss":0.0,"gold_gain":0.0,"event_name":"Liars Game","player_choice":"Ignored","floor":4.0,"gold_loss":0.0,"damage_taken":0.0},{"damage_healed":0.0,"max_hp_gain":5.0,"max_hp_loss":0.0,"gold_gain":0.0,"event_name":"Big Fish","player_choice":"Donut","floor":5.0,"gold_loss":0.0,"damage_taken":0.0}],"is_beta":false,"boss_relics":[],"items_purged_floors":[],"is_endless":false,"potions_floor_spawned":[1,3],"killed_by":"3 Sentries","ascension_level":0}}