{"host":"5waj3nq586zfb9qv","time":1610469419,"event":{"mods":["BaseMod","Better Vampires","Colored Map","Colored Powertips","GifTheSpireLib","Highlight Path","Minty Spire (QoL Compilation)","Quick Restart","Shop Mod","StSLib","SuperFastMode","Waifu the Spire"],"gold_per_floor":[119,16,35,35,35,60,60,93,116,130,147,147,32,59,59,161,211,221,235,255,255,275,308,308,341,341,88,88,106,138,156,156,256,256,271,271,25,41,41,41,74,74,74,74,101,101,118,48,48,48],"floor_reached":51,"playtime":3013,"items_purged":["Strike_G","Strike_G"],"score":1042,"play_id":"0e9f14a2-f883-4f54-a62b-a4a31699c545","local_time":"20210113003659","is_ascension_mode":true,"campfire_choices":[{"data":"Blade Dance","floor":7.0,"key":"SMITH"},{"floor":15.0,"key":"REST"},{"floor":24.0,"key":"REST"},{"floor":28.0,"key":"REST"},{"floor":32.0,"key":"REST"},{"data":"Calculated Gamble","floor":40.0,"key":"SMITH"},{"data":"Tactician","floor":44.0,"key":"SMITH"},{"data":"Calculated Gamble","floor":46,"key":"SMITH"},{"data":"Accuracy","floor":49,"key":"SMITH"}],"circlet_count":0,"master_deck":["Defend_G+1","Defend_G","Defend_G","Survivor+1","Neutralize","Flying Knee","Blade Dance+1","Backflip","Prepared","Envenom","Choke","Neutralize","Discovery+1","Infinite Blades","Blade Dance","Finisher","Reflex","Corpse Explosion","Tactician+1","Acrobatics","Calculated Gamble+1","Distraction","Expertise","Cloak And Dagger","Blade Dance+1","Outmaneuver+1","Blur","Tools of the Trade","Reflex+1","Blade Dance+1","Calculated Gamble+1","Parasite","Cloak And Dagger","Accuracy+1"],"relics":["Ring of the Snake","NeowsBlessing","Strawberry","Matryoshka","Nunchaku","Happy Flower","TungstenRod","Tiny House","Ancient Tea Set","Regal Pillow","War Paint","Gremlin Horn","Molten Egg 2","Art of War","Tough Bandages","Empty Cage","Letter Opener","MealTicket","Juzu Bracelet","White Beast Statue"],"acts_visited":["Exordium","TheCity","TheBeyond"],"potions_floor_usage":[45,50],"damage_taken":[{"damage":0.0,"enemies":"2 Louse","floor":1.0,"turns":1.0},{"damage":0.0,"enemies":"Cultist","floor":3.0,"turns":1.0},{"damage":0.0,"enemies":"Lagavulin","floor":6.0,"turns":1.0},{"damage":30.0,"enemies":"3 Sentries","floor":8.0,"turns":9.0},{"damage":2.0,"enemies":"Jaw Worm","floor":10.0,"turns":3.0},{"damage":0.0,"enemies":"Red Slaver","floor":11.0,"turns":1.0},{"damage":16.0,"enemies":"Gremlin Nob","floor":14.0,"turns":4.0},{"damage":21.0,"enemies":"The Guardian","floor":16.0,"turns":8.0},{"damage":6.0,"enemies":"Chosen","floor":18.0,"turns":4.0},{"damage":0.0,"enemies":"Shell Parasite","floor":19.0,"turns":3.0},{"damage":22.0,"enemies":"Snake Plant","floor":20.0,"turns":4.0},{"damage":13.0,"enemies":"Shelled Parasite and Fungi","floor":22.0,"turns":5.0},{"damage":39.0,"enemies":"Gremlin Leader","floor":23.0,"turns":7.0},{"damage":27.0,"enemies":"Book of Stabbing","floor":25.0,"turns":4.0},{"damage":13.0,"enemies":"Sentry and Sphere","floor":29.0,"turns":5.0},{"damage":20.0,"enemies":"Gremlin Leader","floor":30.0,"turns":7.0},{"damage":0.0,"enemies":"3 Cultists","floor":31.0,"turns":2.0},{"damage":64.0,"enemies":"Automaton","floor":33.0,"turns":8.0},{"damage":3.0,"enemies":"3 Darklings","floor":35.0,"turns":5.0},{"damage":2.0,"enemies":"3 Shapes","floor":38.0,"turns":2.0},{"damage":29.0,"enemies":"Giant Head","floor":41.0,"turns":7.0},{"damage":1,"enemies":"Reptomancer","floor":45,"turns":4},{"damage":9,"enemies":"Writhing Mass","floor":47,"turns":5},{"damage":29,"enemies":"Awakened One","floor":50,"turns":9}],"seed_played":"-1797323904348665363","potions_obtained":[{"floor":3.0,"key":"Explosive Potion"},{"floor":11.0,"key":"DistilledChaos"},{"floor":17.0,"key":"Fruit Juice"},{"floor":19.0,"key":"Energy Potion"},{"floor":20.0,"key":"Regen Potion"},{"floor":22.0,"key":"SmokeBomb"},{"floor":33.0,"key":"SpeedPotion"},{"floor":35.0,"key":"GamblersBrew"},{"floor":47,"key":"FearPotion"}],"is_trial":false,"path_per_floor":["M","$","M","?","$","E","R","E","T","M","M","?","$","E","R","B",null,"M","M","M","?","M","E","R","E","T","$","R","M","E","M","R","B",null,"M","?","$","M","$","R","E","?","T","R","E","R","M","$","R","B",null],"character_chosen":"THE_SILENT","items_purchased":["Blade Dance","Backflip","Reflex","Art of War","Letter Opener","Accuracy"],"campfire_rested":4,"item_purchase_floors":[2,2,13,27,37,48],"current_hp_per_floor":[70,70,70,70,70,77,77,47,47,45,45,38,38,22,45,24,82,76,81,59,59,46,7,48,21,21,21,62,49,29,29,70,6,87,84,84,84,82,82,82,53,53,53,53,52,52,43,58,58,29],"gold":48,"neow_bonus":"THREE_ENEMY_KILL","is_daily":false,"chose_seed":false,"campfire_upgraded":5,"win_rate":0.0,"timestamp":1610469419,"path_taken":["M","$","M","?","$","E","R","E","T","M","?","?","$","E","R","BOSS","M","M","M","?","?","E","R","E","T","$","R","M","E","M","R","BOSS","M","?","$","?","?","R","E","?","T","R","E","R","M","$","R","BOSS"],"items_purchased_type":["Card","Card","Card","Relic","Relic","Card"],"build_version":"2020-12-22","purchased_purges":2,"victory":true,"max_hp_per_floor":[70,70,70,70,70,77,77,77,77,77,77,77,77,77,77,77,82,82,87,87,87,87,87,87,87,87,87,87,87,87,87,87,87,87,87,87,87,87,87,87,87,87,87,87,87,87,87,87,87,87],"card_choices":[{"not_picked":["Bane","Well Laid Plans"],"picked":"Flying Knee","floor":1.0},{"not_picked":["Outmaneuver","Endless Agony"],"picked":"Prepared","floor":3.0},{"not_picked":["Deflect","Choke","Predator"],"picked":"SKIP","floor":6.0},{"not_picked":["Poisoned Stab","Backstab"],"picked":"Infinite Blades","floor":8.0},{"not_picked":["Eviscerate","Deadly Poison"],"picked":"Blade Dance","floor":10.0},{"not_picked":["Deadly Poison","Leg Sweep"],"picked":"Finisher","floor":11.0},{"not_picked":["Skewer","Choke","Deadly Poison"],"picked":"SKIP","floor":14.0},{"not_picked":["Tools of the Trade","A Thousand Cuts"],"picked":"Corpse Explosion","floor":16.0},{"not_picked":["Backflip","Eviscerate"],"picked":"Tactician","floor":17.0},{"not_picked":["Bane","Blade Dance"],"picked":"Acrobatics","floor":18.0},{"not_picked":["Riddle With Holes","Noxious Fumes"],"picked":"Calculated Gamble","floor":19.0},{"not_picked":["Slice+1","Heel Hook"],"picked":"Distraction","floor":20.0},{"not_picked":["Caltrops","Bane","Catalyst"],"picked":"SKIP","floor":22.0},{"not_picked":["Caltrops","Dodge and Roll+1"],"picked":"Expertise","floor":23.0},{"not_picked":["Predator","Setup"],"picked":"Cloak And Dagger","floor":25.0},{"not_picked":["Outmaneuver","Underhanded Strike+1"],"picked":"Blade Dance+1","floor":29.0},{"not_picked":["Sucker Punch+1","Die Die Die+1"],"picked":"Outmaneuver+1","floor":30.0},{"not_picked":["Riddle With Holes+1","Prepared"],"picked":"Blur","floor":31.0},{"not_picked":["Corpse Explosion","Grand Finale+1"],"picked":"Tools of the Trade","floor":33.0},{"not_picked":["Footwork","Deflect"],"picked":"Reflex+1","floor":35.0},{"not_picked":["PiercingWail+1","Prepared+1"],"picked":"Blade Dance+1","floor":38.0},{"not_picked":["Caltrops","Underhanded Strike+1","Outmaneuver"],"picked":"SKIP","floor":41.0},{"not_picked":["Dodge and Roll","Quick Slash+1"],"picked":"Calculated Gamble","floor":45},{"not_picked":["Prepared","Eviscerate+1"],"picked":"Cloak And Dagger","floor":47}],"player_experience":38402,"relics_obtained":[{"floor":6.0,"key":"Strawberry"},{"floor":8.0,"key":"Matryoshka"},{"floor":9.0,"key":"Nunchaku"},{"floor":9.0,"key":"Happy Flower"},{"floor":14.0,"key":"TungstenRod"},{"floor":23.0,"key":"Regal Pillow"},{"floor":25.0,"key":"War Paint"},{"floor":26.0,"key":"Gremlin Horn"},{"floor":26.0,"key":"Molten Egg 2"},{"floor":30.0,"key":"Tough Bandages"},{"floor":41.0,"key":"MealTicket"},{"floor":43.0,"key":"Juzu Bracelet"},{"floor":45,"key":"White Beast Statue"}],"event_choices":[{"damage_healed":0.0,"max_hp_gain":0.0,"max_hp_loss":0.0,"gold_gain":0.0,"event_name":"Match and Keep!","player_choice":"4 cards matched","floor":4.0,"gold_loss":0.0,"damage_taken":0.0,"cards_obtained":["Envenom","Choke","Neutralize","Discovery"]},{"cards_removed":["Strike_G"],"damage_healed":0.0,"max_hp_gain":0.0,"max_hp_loss":0.0,"gold_gain":0.0,"event_name":"Golden Wing","player_choice":"Card Removal","floor":12.0,"gold_loss":0.0,"damage_taken":7.0},{"damage_healed":0.0,"max_hp_gain":0.0,"max_hp_loss":0.0,"gold_gain":0.0,"event_name":"WeMeetAgain","player_choice":"Gave Potion","floor":21.0,"gold_loss":0.0,"damage_taken":0.0,"relics_obtained":["Ancient Tea Set"]},{"cards_removed":["Defend_G"],"damage_healed":0.0,"max_hp_gain":0.0,"max_hp_loss":0.0,"gold_gain":0.0,"event_name":"Purifier","player_choice":"Purged","floor":36.0,"gold_loss":0.0,"damage_taken":0.0},{"cards_removed":["Defend_G"],"damage_healed":0.0,"max_hp_gain":0.0,"max_hp_loss":0.0,"gold_gain":0.0,"event_name":"Bonfire Elementals","player_choice":"Offered Basic","floor":42.0,"gold_loss":0.0,"damage_taken":0.0}],"is_beta":false,"boss_relics":[{"not_picked":["Busted Crown","Sozu"],"picked":"Tiny House"},{"not_picked":["Snecko Eye","Velvet Choker"],"picked":"Empty Cage"}],"items_purged_floors":[13,27],"is_endless":false,"potions_floor_spawned":[3,11,19,20,22,33,35,47],"ascension_level":4}}