{"host":"i0avyit1s6jb1siw","time":1610480770,"event":{"mods":["BaseMod","DeckTracker","Dota2Spire","Highlight Path","Minty Spire (QoL Compilation)","Quick Restart","StSLib","SuperFastMode"],"gold_per_floor":[111,6,20,20,39,39,64,20,74,74,39,39,39,71,71,148,148,165,165,165,184,184,184,31,60,86,100,115,115,30,80,80,80,80],"floor_reached":33,"language":"ENG","playtime":752,"items_purged":["Strike_G","Decay"],"score":538,"play_id":"3f56078c-9809-4df3-b9ab-2166de15bd05","local_time":"20210112204610","is_ascension_mode":true,"campfire_choices":[{"data":"Predator","floor":6,"key":"SMITH"},{"data":"Malaise","floor":15,"key":"SMITH"},{"floor":23,"key":"REST"},{"floor":29,"key":"REST"},{"floor":32,"key":"REST"}],"circlet_count":0,"master_deck":["AscendersBane","Strike_G","Strike_G","Strike_G","Strike_G","Defend_G","Defend_G","Defend_G","Defend_G","Defend_G","Survivor","Neutralize","Cloak And Dagger","Predator+1","Backstab","Malaise+1","Corpse Explosion","After Image","Accuracy","Accuracy","Cloak And Dagger","Deflect","PiercingWail+1","Infinite Blades"],"relics":["SacredBark","Dota2Spire:EchoSabre","PreservedInsect","Dota2Spire:EtherealBlade","Boot","SlaversCollar","Ornamental Fan","Juzu Bracelet"],"acts_visited":["Exordium","TheCity"],"potions_floor_usage":[16,21],"damage_taken":[{"damage":1,"enemies":"Jaw Worm","floor":1,"turns":8},{"damage":1,"enemies":"2 Louse","floor":3,"turns":4},{"damage":4,"enemies":"Small Slimes","floor":5,"turns":3},{"damage":19,"enemies":"3 Sentries","floor":7,"turns":7},{"damage":13,"enemies":"Gremlin Nob","floor":14,"turns":4},{"damage":8,"enemies":"The Guardian","floor":16,"turns":10},{"damage":25,"enemies":"Shell Parasite","floor":18,"turns":8},{"damage":7,"enemies":"Chosen","floor":21,"turns":6},{"damage":18,"enemies":"Book of Stabbing","floor":25,"turns":7},{"damage":18,"enemies":"Shelled Parasite and Fungi","floor":27,"turns":10},{"damage":0,"enemies":"Centurion and Healer","floor":28,"turns":8},{"damage":44,"enemies":"Champ","floor":33,"turns":15}],"seed_played":"-7515148641834240063","potions_obtained":[{"floor":5,"key":"Poison Potion"},{"floor":7,"key":"Dexterity Potion"},{"floor":18,"key":"FearPotion"},{"floor":25,"key":"SmokeBomb"}],"is_trial":false,"path_per_floor":["M","$","M","?","M","R","E","?","T","?","?","$","T","E","R","B",null,"M","?","?","M","?","R","$","E","T","M","M","R","$","?","R","B"],"character_chosen":"THE_SILENT","items_purchased":["Cloak And Dagger","Cloak And Dagger","Infinite Blades"],"campfire_rested":3,"item_purchase_floors":[2,24,30],"current_hp_per_floor":[58,58,57,39,35,35,16,16,16,16,32,32,32,19,19,11,52,27,27,27,20,20,39,39,21,21,3,3,22,22,16,35,0,0],"gold":80,"neow_bonus":"BOSS_RELIC","is_daily":false,"chose_seed":false,"campfire_upgraded":2,"win_rate":0.0,"timestamp":1610480770,"path_taken":["M","$","M","?","M","R","E","?","T","?","?","$","?","E","R","BOSS","M","?","?","M","?","R","$","E","T","M","M","R","$","?","R","BOSS"],"items_purchased_type":["Card","Card","Card"],"build_version":"2020-12-22","purchased_purges":2,"victory":false,"max_hp_per_floor":[66,66,66,66,66,66,66,66,66,66,66,66,66,66,66,66,66,66,66,66,66,66,66,66,66,66,66,66,66,66,66,66,66,66],"card_choices":[{"not_picked":["Prepared","Dodge and Roll","Bane"],"picked":"SKIP","floor":1},{"not_picked":["Flying Knee","Dagger Throw"],"picked":"Predator","floor":3},{"not_picked":["Slice","Riddle With Holes"],"picked":"Backstab","floor":5},{"not_picked":["Underhanded Strike","Dash"],"picked":"Malaise","floor":7},{"not_picked":["Blade Dance","Catalyst"],"picked":"Corpse Explosion","floor":14},{"not_picked":["A Thousand Cuts","Unload"],"picked":"After Image","floor":16},{"not_picked":["Deadly Poison","Underhanded Strike+1"],"picked":"Accuracy","floor":18},{"not_picked":["Dodge and Roll","Choke"],"picked":"Accuracy","floor":21},{"not_picked":["Sucker Punch","Catalyst"],"picked":"Deflect","floor":25},{"not_picked":["Slice","Setup"],"picked":"PiercingWail+1","floor":27},{"not_picked":["Bouncing Flask","Acrobatics","Expertise"],"picked":"SKIP","floor":28}],"player_experience":2219952,"relics_obtained":[{"floor":9,"key":"PreservedInsect"},{"floor":13,"key":"Dota2Spire:EtherealBlade"},{"floor":14,"key":"Boot"},{"floor":25,"key":"Ornamental Fan"},{"floor":26,"key":"Juzu Bracelet"}],"event_choices":[{"damage_healed":0,"gold_gain":0,"player_choice":"Success","damage_taken":18,"relics_obtained":["Dota2Spire:EchoSabre"],"max_hp_gain":0,"max_hp_loss":0,"event_name":"Scrap Ooze","floor":4,"gold_loss":0},{"damage_healed":0,"gold_gain":0,"player_choice":"Left Gold","damage_taken":0,"max_hp_gain":0,"max_hp_loss":0,"event_name":"World of Goop","floor":8,"gold_loss":44},{"damage_healed":0,"gold_gain":0,"player_choice":"Ignored","damage_taken":0,"max_hp_gain":0,"max_hp_loss":0,"event_name":"Shining Light","floor":10,"gold_loss":0},{"damage_healed":16,"gold_gain":0,"player_choice":"Healed","damage_taken":0,"max_hp_gain":0,"max_hp_loss":0,"event_name":"The Cleric","floor":11,"gold_loss":35},{"damage_healed":0,"gold_gain":0,"player_choice":"Ignored","damage_taken":0,"max_hp_gain":0,"max_hp_loss":0,"event_name":"Cursed Tome","floor":19,"gold_loss":0},{"damage_healed":0,"gold_gain":0,"player_choice":"Smashed Altar","damage_taken":0,"max_hp_gain":0,"max_hp_loss":0,"event_name":"Forgotten Altar","floor":20,"gold_loss":0,"cards_obtained":["Decay"]},{"damage_healed":0,"gold_gain":0,"player_choice":"Ignored","damage_taken":0,"max_hp_gain":0,"max_hp_loss":0,"event_name":"Vampires","floor":22,"gold_loss":0},{"damage_healed":0,"gold_gain":50,"player_choice":"Touch","damage_taken":6,"max_hp_gain":0,"max_hp_loss":0,"event_name":"FaceTrader","floor":31,"gold_loss":0}],"is_beta":false,"boss_relics":[{"not_picked":["Velvet Choker","Runic Dome"],"picked":"SlaversCollar"}],"items_purged_floors":[2,24],"is_endless":false,"potions_floor_spawned":[5,7,18,25],"killed_by":"Champ","ascension_level":20}}