{"host":"fxh4234sf5pb3xr6","time":1610428989,"event":{"mods":["AchievementEnabler","BaseMod","Colored Map","Colored Powertips","Minty Spire (QoL Compilation)","Rare Cards Sparkle","StSLib"],"gold_per_floor":[13,13,13,40,63,102,124,124,148,184,213,230,260,283,283,389,389,417,417,417,89,109,135,135,158,158,73,83,83,93,105,105,204,204,224,237,296,296,641,641,661,661,710,736,736,736,0,29,29,29],"floor_reached":51,"playtime":2090,"items_purged":["Strike_R+1"],"score":984,"play_id":"01c1a85c-962e-4a4e-b867-37d4ee9f326b","local_time":"20210112002309","is_ascension_mode":true,"campfire_choices":[{"data":"Pommel Strike","floor":8,"key":"SMITH"},{"floor":15,"key":"REST"},{"floor":24,"key":"REST"},{"floor":29,"key":"REST"},{"floor":32,"key":"REST"},{"floor":40,"key":"REST"},{"floor":42,"key":"REST"},{"floor":45,"key":"REST"},{"floor":49,"key":"REST"}],"circlet_count":0,"master_deck":["Strike_R+1","Strike_R+1","Strike_R+1","Strike_R+1","Defend_R+1","Defend_R+1","Bash","Fire Breathing","Cleave","Perfected Strike+1","Iron Wave","Sword Boomerang","Pommel Strike+1","Sword Boomerang","Rampage","Demon Form","Pummel+1","Shrug It Off+1","Heavy Blade+1","Inflame","Heavy Blade+1"],"relics":["Burning Blood","CeramicFish","Red Skull","Akabeko","Singing Bowl","Odd Mushroom","Fusion Hammer","Nloth\u0027s Gift","Shuriken","Ice Cream","Potion Belt","Gremlin Horn","Gambling Chip","Busted Crown","Lizard Tail","Old Coin","Vajra","Red Mask"],"acts_visited":["Exordium","TheCity","TheBeyond"],"potions_floor_usage":[16,16,18,18,23,23,33,44,50,50,50,50],"damage_taken":[{"damage":7,"enemies":"Jaw Worm","floor":1,"turns":3},{"damage":1,"enemies":"Cultist","floor":4,"turns":3},{"damage":3,"enemies":"2 Louse","floor":5,"turns":2},{"damage":27,"enemies":"Gremlin Nob","floor":6,"turns":4},{"damage":9,"enemies":"Red Slaver","floor":7,"turns":2},{"damage":25,"enemies":"Lagavulin","floor":10,"turns":5},{"damage":12,"enemies":"Exordium Wildlife","floor":11,"turns":2},{"damage":0,"enemies":"3 Louse","floor":12,"turns":1},{"damage":0,"enemies":"Gremlin Nob","floor":13,"turns":2},{"damage":13,"enemies":"The Mushroom Lair","floor":14,"turns":2},{"damage":43,"enemies":"Hexaghost","floor":16,"turns":8},{"damage":6,"enemies":"2 Thieves","floor":18,"turns":3},{"damage":0,"enemies":"3 Byrds","floor":22,"turns":3},{"damage":19,"enemies":"Book of Stabbing","floor":23,"turns":5},{"damage":15,"enemies":"Snecko","floor":28,"turns":4},{"damage":18,"enemies":"Centurion and Healer","floor":30,"turns":3},{"damage":8,"enemies":"Chosen and Byrds","floor":31,"turns":4},{"damage":64,"enemies":"Collector","floor":33,"turns":7},{"damage":14,"enemies":"3 Darklings","floor":35,"turns":4},{"damage":26,"enemies":"3 Shapes","floor":36,"turns":3},{"damage":5,"enemies":"Mind Bloom Boss Battle","floor":37,"turns":5},{"damage":51,"enemies":"2 Orb Walkers","floor":39,"turns":4},{"damage":18,"enemies":"Maw","floor":41,"turns":5},{"damage":10,"enemies":"Spire Growth","floor":44,"turns":2},{"damage":4,"enemies":"Transient","floor":48,"turns":5},{"damage":72,"enemies":"Awakened One","floor":50,"turns":5}],"seed_played":"3215011041108243794","potions_obtained":[{"floor":10,"key":"Dexterity Potion"},{"floor":11,"key":"EntropicBrew"},{"floor":12,"key":"FearPotion"},{"floor":13,"key":"PowerPotion"},{"floor":18,"key":"BlessingOfTheForge"},{"floor":28,"key":"BlessingOfTheForge"},{"floor":30,"key":"Block Potion"},{"floor":33,"key":"Energy Potion"},{"floor":35,"key":"SteroidPotion"},{"floor":36,"key":"Strength Potion"},{"floor":48,"key":"SteroidPotion"}],"is_trial":false,"path_per_floor":["M","?","?","M","M","E","M","R","T","E","M","M","E","?","R","B",null,"M","?","?","$","M","E","R","T","T","?","M","R","M","M","R","B",null,"M","M","?","?","?","R","M","R","T","M","R","?","?","M","R","B",null],"character_chosen":"IRONCLAD","items_purchased":["Shuriken"],"campfire_rested":8,"item_purchase_floors":[21],"current_hp_per_floor":[79,79,79,80,80,59,56,56,56,37,31,37,45,40,65,28,70,70,70,70,70,78,67,88,88,88,88,81,90,80,80,94,38,82,74,56,57,57,14,42,32,61,61,57,86,86,86,88,97,31],"gold":29,"neow_bonus":"TRANSFORM_TWO_CARDS","is_daily":false,"chose_seed":false,"campfire_upgraded":1,"win_rate":0.0,"timestamp":1610428989,"path_taken":["M","?","?","M","?","E","M","R","T","E","M","M","E","?","R","BOSS","M","?","?","$","?","E","R","?","T","?","M","R","M","M","R","BOSS","M","M","?","?","?","R","?","R","T","M","R","?","?","M","R","BOSS"],"items_purchased_type":["Relic"],"build_version":"2020-12-22","purchased_purges":1,"victory":true,"max_hp_per_floor":[80,80,80,80,80,80,80,80,80,80,80,80,82,84,84,84,84,84,84,84,84,86,88,88,88,88,88,90,90,92,94,94,96,96,96,98,98,93,95,95,97,97,97,97,97,97,97,97,97,97],"card_choices":[{"not_picked":["Anger","Shrug It Off"],"picked":"Perfected Strike","floor":1},{"not_picked":["Searing Blow","Impervious"],"picked":"Iron Wave","floor":4},{"not_picked":["Anger","Body Slam"],"picked":"Sword Boomerang","floor":5},{"not_picked":["Searing Blow","Intimidate"],"picked":"Pommel Strike","floor":6},{"not_picked":["Pommel Strike","Searing Blow"],"picked":"Sword Boomerang","floor":7},{"not_picked":["Shockwave","Disarm"],"picked":"Rampage","floor":10},{"not_picked":["Rupture","Anger"],"picked":"Shrug It Off","floor":11},{"not_picked":["Clothesline","Dark Embrace","Flex"],"picked":"SKIP","floor":12},{"not_picked":["True Grit","Anger","Bloodletting"],"picked":"Singing Bowl","floor":13},{"not_picked":["Sever Soul","Dropkick","Headbutt"],"picked":"Singing Bowl","floor":14},{"not_picked":["Limit Break","Exhume"],"picked":"Demon Form","floor":16},{"not_picked":["Anger","Seeing Red"],"picked":"Pummel+1","floor":18},{"not_picked":["Sentinel","Clash+1","Fire Breathing"],"picked":"Singing Bowl","floor":22},{"not_picked":["Flame Barrier+1","Pommel Strike","Anger+1"],"picked":"Singing Bowl","floor":23},{"not_picked":["Havoc","Twin Strike","Dual Wield"],"picked":"Singing Bowl","floor":28},{"not_picked":["Sever Soul","Havoc+1","Sentinel"],"picked":"Singing Bowl","floor":30},{"not_picked":["Fire Breathing+1","Rupture","Clothesline"],"picked":"Singing Bowl","floor":31},{"not_picked":["Immolate","Bludgeon","Offering"],"picked":"Singing Bowl","floor":33},{"not_picked":[],"picked":"Shrug It Off+1","floor":35},{"not_picked":["Havoc+1"],"picked":"Singing Bowl","floor":36},{"not_picked":[],"picked":"Heavy Blade+1","floor":37},{"not_picked":["Barricade"],"picked":"Singing Bowl","floor":39},{"not_picked":["Havoc"],"picked":"Singing Bowl","floor":41},{"not_picked":[],"picked":"Inflame","floor":44},{"not_picked":[],"picked":"Heavy Blade+1","floor":48}],"player_experience":347032,"relics_obtained":[{"floor":3,"key":"CeramicFish"},{"floor":6,"key":"Red Skull"},{"floor":9,"key":"Akabeko"},{"floor":10,"key":"Du-Vu Doll"},{"floor":13,"key":"Singing Bowl"},{"floor":14,"key":"Odd Mushroom"},{"floor":23,"key":"Ice Cream"},{"floor":25,"key":"Potion Belt"},{"floor":26,"key":"Gremlin Horn"},{"floor":37,"key":"Lizard Tail"},{"floor":39,"key":"Old Coin"},{"floor":43,"key":"Vajra"}],"event_choices":[{"damage_healed":0,"gold_gain":0,"player_choice":"Grow","damage_taken":0,"max_hp_gain":0,"max_hp_loss":0,"event_name":"Living Wall","floor":2,"gold_loss":0,"cards_upgraded":["Perfected Strike"]},{"damage_healed":0,"gold_gain":0,"player_choice":"Relic","damage_taken":0,"max_hp_gain":0,"max_hp_loss":0,"event_name":"Wheel of Change","floor":3,"gold_loss":0},{"damage_healed":0,"gold_gain":0,"player_choice":"Fought Mushrooms","damage_taken":0,"max_hp_gain":0,"max_hp_loss":0,"event_name":"Mushrooms","floor":14,"gold_loss":0},{"damage_healed":0,"gold_gain":0,"player_choice":"Simplicity","damage_taken":0,"max_hp_gain":0,"max_hp_loss":0,"event_name":"Back to Basics","floor":19,"gold_loss":0,"cards_upgraded":["Strike_R","Strike_R","Strike_R","Strike_R","Strike_R","Defend_R","Defend_R"]},{"damage_healed":0,"gold_gain":0,"player_choice":"Traded Relic","damage_taken":0,"relics_obtained":["Nloth\u0027s Gift"],"max_hp_gain":0,"max_hp_loss":0,"event_name":"N\u0027loth","floor":20,"relics_lost":["Du-Vu Doll"],"gold_loss":0},{"damage_healed":0,"gold_gain":0,"player_choice":"Obtained Relic","damage_taken":0,"relics_obtained":["Gambling Chip"],"max_hp_gain":0,"max_hp_loss":0,"event_name":"Addict","floor":27,"gold_loss":85},{"damage_healed":0,"gold_gain":0,"player_choice":"Fight","damage_taken":0,"max_hp_gain":0,"max_hp_loss":0,"event_name":"MindBloom","floor":37,"gold_loss":0},{"damage_healed":0,"gold_gain":0,"player_choice":"Max HP","damage_taken":0,"max_hp_gain":0,"max_hp_loss":5,"event_name":"Winding Halls","floor":38,"gold_loss":0},{"damage_healed":0,"gold_gain":0,"player_choice":"Fight","damage_taken":0,"max_hp_gain":0,"max_hp_loss":0,"event_name":"Mysterious Sphere","floor":39,"gold_loss":0},{"cards_removed":["Shrug It Off"],"damage_healed":0,"gold_gain":0,"player_choice":"Removed Skill","damage_taken":0,"max_hp_gain":0,"max_hp_loss":0,"event_name":"Falling","floor":46,"gold_loss":0},{"damage_healed":0,"gold_gain":0,"player_choice":"Paid","damage_taken":0,"relics_obtained":["Red Mask"],"max_hp_gain":0,"max_hp_loss":0,"event_name":"Tomb of Lord Red Mask","floor":47,"gold_loss":736}],"is_beta":false,"boss_relics":[{"not_picked":["Runic Dome","Philosopher\u0027s Stone"],"picked":"Fusion Hammer"},{"not_picked":["SacredBark","Mark of Pain"],"picked":"Busted Crown"}],"items_purged_floors":[21],"is_endless":false,"potions_floor_spawned":[10,11,12,13,14,18,28,30,33,35,36,37,48],"ascension_level":5}}