{"host":"s8k08j4eybfen9r6","time":1610449508,"event":{"mods":["Aspiration","BaseMod","Better Altar","Better Match","Better Note","Better Sensory Stone","Better Skull","Better Third Choice","BetterRewards","Downfall","Duelist Mod","Hubris","Minty Spire (QoL Compilation)","MostiFishMod","Rare Cards Sparkle","Shop Mod","Spicy Shops","StSLib","The Animator"],"gold_per_floor":[109,109,127,5,17,17,52,52,99,142,142,156,189,209,209,313,313,326,251,251,68,83,118,137,137,164,206,206,225,243,275,275,375,375,385,397,407,423,439,469,469,501,501,501,536,546,546,571,571,571,571,571,696,696,696],"floor_reached":54,"playtime":3716,"items_purged":["animator:Strike","animator:Strike"],"score":1375,"play_id":"548ec992-b927-4ea5-89b2-b52a7a119fb2","local_time":"20210112210508","is_ascension_mode":true,"campfire_choices":[{"floor":6,"key":"RECALL"},{"data":"animator:Raven","floor":8,"key":"SMITH"},{"data":"animator:Saitama","floor":15,"key":"SMITH"},{"data":"animator:Entoma+5","floor":28,"key":"SMITH"},{"data":"animator:Entoma+9","floor":32,"key":"SMITH"},{"data":"animator:Entoma+11","floor":41,"key":"SMITH"},{"data":"animator:Entoma+13","floor":44,"key":"SMITH"},{"data":"animator:Entoma+16","floor":49,"key":"SMITH"},{"data":"animator:Entoma+18","floor":52,"key":"SMITH"}],"circlet_count":0,"master_deck":["animator:Defend","animator:Defend","animator:Defend","animator:Kazuma","animator:Aqua","animator:Raven","animator:Melzalgald","animator:Elsword","animator:Gluttony","animator:KyokoSakura","animator:Entoma","animator:Saitama","animator:Lu","animator:Eve","animator:Urushihara","animator:GoblinSlayer","animator:Sonic","animator:Albedo","animator:Spearman","animator:Laby","animator:MamiTomoe","animator:YunYun+1","animator:Kazuma+1"],"relics":["animator:TheEruzaStone"],"acts_visited":["Exordium","TheCity","TheBeyond","TheEnding","EYB:TheUnnamedReign"],"potions_floor_usage":[],"damage_taken":[{"damage":6,"enemies":"Jaw Worm","floor":1,"turns":1},{"damage":6,"enemies":"2 Louse","floor":3,"turns":1},{"damage":6,"enemies":"Small Slimes","floor":5,"turns":1},{"damage":12,"enemies":"Gremlin Nob","floor":7,"turns":2},{"damage":18,"enemies":"3 Sentries","floor":10,"turns":3},{"damage":12,"enemies":"Exordium Thugs","floor":12,"turns":2},{"damage":12,"enemies":"Gremlin Nob","floor":13,"turns":2},{"damage":12,"enemies":"3 Louse","floor":14,"turns":2},{"damage":24,"enemies":"The Guardian","floor":16,"turns":4},{"damage":14,"enemies":"Chosen","floor":18,"turns":2},{"damage":0,"enemies":"2 Thieves","floor":22,"turns":2},{"damage":0,"enemies":"Gremlin Leader","floor":23,"turns":3},{"damage":0,"enemies":"Chosen and Byrds","floor":24,"turns":3},{"damage":0,"enemies":"Slavers","floor":27,"turns":3},{"damage":0,"enemies":"Centurion and Healer","floor":29,"turns":2},{"damage":0,"enemies":"Shelled Parasite and Fungi","floor":30,"turns":2},{"damage":0,"enemies":"Book of Stabbing","floor":31,"turns":3},{"damage":0,"enemies":"Automaton","floor":33,"turns":3},{"damage":0,"enemies":"3 Darklings","floor":35,"turns":2},{"damage":0,"enemies":"Orb Walker","floor":36,"turns":2},{"damage":0,"enemies":"Spire Growth","floor":37,"turns":3},{"damage":0,"enemies":"Transient","floor":38,"turns":5},{"damage":0,"enemies":"Sphere and 2 Shapes","floor":39,"turns":2},{"damage":0,"enemies":"Giant Head","floor":40,"turns":4},{"damage":0,"enemies":"Reptomancer","floor":42,"turns":4},{"damage":0,"enemies":"Nemesis","floor":45,"turns":3},{"damage":0,"enemies":"Jaw Worm Horde","floor":46,"turns":3},{"damage":0,"enemies":"Giant Head","floor":48,"turns":5},{"damage":0,"enemies":"Donu and Deca","floor":50,"turns":5},{"damage":100,"enemies":"animator:TRIPLE_SHAPES_WEAK","floor":54,"turns":6}],"seed_played":"-6745836992069349321","potions_obtained":[{"floor":1,"key":"Slimebound:ThreeZeroPotion"},{"floor":5,"key":"hexamod:EctoCoolerPotion"},{"floor":7,"key":"Strength Potion"},{"floor":24,"key":"Fire Potion"},{"floor":27,"key":"SneckoOil"},{"floor":29,"key":"PowerPotion"},{"floor":45,"key":"AttackPotion"}],"is_trial":false,"path_per_floor":["M","?","M","$","M","R","E","R","T","E","$","M","E","M","R","B",null,"M","?","?","$","M","E","M","?","T","E","R","M","M","E","R","B",null,"M","M","M","M","M","E","R","E","T","R","E","M","?","E","R","B",null,"R","??","M"],"character_chosen":"THE_ANIMATOR","items_purchased":["animator:Elsword+1","animator:Urushihara+1"],"campfire_rested":0,"item_purchase_floors":[4,21],"current_hp_per_floor":[66,66,66,66,66,66,66,66,66,66,66,66,66,68,68,70,70,70,70,1,1,1,1,1,1,1,1,1,1,1,1,1,1,1,1,1,1,1,1,1,1,1,1,1,1,1,1,1,1,1,1,1,98,0,0],"gold":696,"neow_bonus":"THREE_ENEMY_KILL","is_daily":false,"chose_seed":false,"campfire_upgraded":8,"win_rate":0.0,"timestamp":1610449508,"path_taken":["M","?","M","?","M","R","E","R","T","E","$","M","E","M","R","BOSS","M","?","?","$","M","E","M","?","T","E","R","M","?","E","R","BOSS","M","M","M","M","M","E","R","E","T","R","E","M","?","E","R","BOSS","R","??","M"],"items_purchased_type":["Card","Card"],"build_version":"2020-12-22","purchased_purges":2,"victory":false,"max_hp_per_floor":[66,66,66,66,66,66,66,66,66,66,66,66,66,68,68,70,70,70,70,1,1,1,1,1,1,1,1,1,1,1,1,1,1,1,1,1,1,1,1,1,1,1,1,1,1,1,1,1,1,1,1,1,98,98,98],"card_choices":[{"not_picked":["animator:Shalltear","animator:YuiTsuruno"],"picked":"animator:Raven","floor":1},{"not_picked":["animator:Shalltear+1","animator:WinryRockbell","animator:LeleiLaLalena","animator:Bozes+1"],"picked":"animator:Melzalgald+1","floor":3},{"not_picked":["animator:LizardPriest","animator:Verdia","animator:Geryuganshoop","animator:Elsword+1"],"picked":"animator:Gluttony","floor":5},{"not_picked":["animator:Mitsurugi+1","animator:HighElfArcher+1","animator:Bozes+1","animator:Witch"],"picked":"animator:KyokoSakura+1","floor":10},{"not_picked":["animator:MamiTomoe+1","animator:RoryMercury+1","animator:CowGirl","animator:OrikoMikuni"],"picked":"animator:Entoma+1","floor":12},{"not_picked":["animator:RoryMercury+1","animator:YaoHaDucy+1","animator:Scar+1","animator:Sebas"],"picked":"animator:Saitama","floor":13},{"not_picked":["animator:Raven+1","animator:Elsword+1","animator:Ara+1","animator:Add"],"picked":"animator:Lu+1","floor":14},{"not_picked":["animator:Saitama","animator:Kyubey","animator:HomuraAkemi","animator:SwordMaiden"],"picked":"animator:Eve","floor":16},{"not_picked":["animator:YuiTsuruno+1","animator:Tyuule","animator:YaoHaDucy+1","animator:Souei","animator:Priestess+1"],"picked":"SKIP","floor":18},{"not_picked":["animator:Scar+1","animator:YuiTsuruno+1","animator:YaoHaDucy+1","animator:Evileye+1","animator:Rena+1"],"picked":"SKIP","floor":22},{"not_picked":["animator:Kazuma","animator:Sloth+1","animator:NarberalGamma+1","animator:MamiTomoe+1","animator:TukaLunaMarceau"],"picked":"SKIP","floor":23},{"not_picked":["animator:YachiyoNanami","animator:Cocytus+1","animator:Sebas","animator:NagisaMomoe"],"picked":"animator:GoblinSlayer+1","floor":27},{"not_picked":["animator:Bozes+1","animator:Benimaru+1","animator:YunYun+1","animator:Cocytus+1","animator:Chung+1"],"picked":"SKIP","floor":29},{"not_picked":["animator:Souei+1","animator:LeleiLaLalena","animator:Evileye","animator:HighElfArcher+1"],"picked":"animator:Sonic","floor":30},{"not_picked":["animator:Ainz","animator:Kyubey","animator:Shizu+1","animator:ItamiYouji+1"],"picked":"animator:Albedo+1","floor":33},{"not_picked":["animator:MumenRider+1","animator:CowGirl","animator:ElricEdward+1","animator:Kuribayashi+1","animator:Elsword+1"],"picked":"SKIP","floor":35},{"not_picked":["animator:Sebas","animator:Sloth+1","animator:YaoHaDucy+1","animator:Hakurou+1","animator:Cocytus+1"],"picked":"SKIP","floor":36},{"not_picked":["animator:RoyMustang+1","animator:Millim+1","animator:Sonic","animator:MumenRider+1","animator:Tatsumaki"],"picked":"SKIP","floor":37},{"not_picked":["animator:MaesHughes","animator:Millim+1","animator:YachiyoNanami","animator:MamiTomoe+1","animator:Aisha+1"],"picked":"SKIP","floor":39},{"not_picked":["animator:Eris","animator:Melzalgald+1","animator:Ain+1","animator:Kazuma+1"],"picked":"animator:Spearman+1","floor":40},{"not_picked":["animator:MumenRider+1","animator:Chris+1","animator:SilverFang","animator:Ain+1","animator:LizardPriest+1"],"picked":"SKIP","floor":42},{"not_picked":["animator:Aisha+1","animator:Ara+1","animator:Rena","animator:Raven+1"],"picked":"animator:Laby","floor":45},{"not_picked":["animator:Ain+1","animator:Spearman+1","animator:SilverFang","animator:Scar+1"],"picked":"animator:MamiTomoe+1","floor":46},{"not_picked":["animator:MumenRider+1","animator:Shion+1","animator:SuzuneAmano+1","animator:IrohaTamaki+1","animator:Ara+1"],"picked":"SKIP","floor":48}],"player_experience":414629,"relics_obtained":[{"floor":1,"key":"SynthV:TestCard"},{"floor":7,"key":"ImprovedEquipment"},{"floor":10,"key":"aspiration:Lifesprig"},{"floor":13,"key":"Centennial Puzzle"},{"floor":23,"key":"Potion Belt"},{"floor":26,"key":"Omamori"},{"floor":27,"key":"Shuriken"},{"floor":31,"key":"Regal Pillow"},{"floor":40,"key":"Charon\u0027s Ashes"},{"floor":42,"key":"animator:OldCoffin"},{"floor":43,"key":"Unceasing Top"},{"floor":45,"key":"MealTicket"},{"floor":48,"key":"Whetstone"},{"floor":53,"key":"animator:TheEruzaStone"}],"event_choices":[{"cards_removed":["animator:Strike"],"damage_healed":0,"gold_gain":0,"player_choice":"Gave Gold","damage_taken":0,"max_hp_gain":0,"max_hp_loss":0,"event_name":"Beggar","floor":19,"gold_loss":75},{"cards_removed":["Injury"],"damage_healed":0,"gold_gain":0,"player_choice":"Removed Curses","damage_taken":0,"max_hp_gain":0,"max_hp_loss":0,"event_name":"Fountain of Cleansing","floor":25,"gold_loss":0}],"is_beta":false,"boss_relics":[{"not_picked":["TakeMeEscape","hubris:VirtuousBlindfold"],"picked":"Coffee Dripper"},{"not_picked":["hubris:TerracottaHorce","aspiration:SecretTechniqueScroll"],"picked":"animator:HolyGrailRelic"}],"items_purged_floors":[4,21],"is_endless":false,"potions_floor_spawned":[1,5,7,10,14,24,27,29,31,36,37,45,46,48],"killed_by":"animator:TRIPLE_SHAPES_WEAK","ascension_level":1}}