{"host":"m1168lp3vv5pgdep","time":1610469289,"event":{"mods":["Act Like it!","Arknights The Spire","Aspiration","BaseMod","Beaked The Cultist","Better Altar","Better Match","Better Sensory Stone","Better Skull","Better Third Choice","Block Reminder","CCEM","CatGirl Mod","Curses Come First","Elementarium","Gensokyo","Hallownest","Hubris","Menagerie","Minty Spire (QoL Compilation)","Pale of the Ancients","Permanent Neow","Quick Restart","Railgun Mod","Remilia??????","Shade Mod","Small Relic Pack","Spicy Shops","StSLib","The Bug Knight","The Death Knight","The Forsaken","The Marked","Waifu the Spire","Wandering Minibosses","????"],"gold_per_floor":[118,67,67,67,106,106,135,135,135,135,150,176,196,51,51,154,154,64,64],"floor_reached":18,"playtime":2407,"items_purged":["DeathKnight:Strike_DeathKnight"],"score":168,"play_id":"d69214d2-863c-4047-b094-e79b2360a54d","local_time":"20210112163449","is_ascension_mode":false,"campfire_choices":[{"floor":6,"key":"REST"},{"floor":8,"key":"RECALL"},{"data":"1","floor":10,"key":"LIFT"},{"data":"2","floor":15,"key":"LIFT"}],"circlet_count":0,"master_deck":["DeathKnight:Strike_DeathKnight","DeathKnight:Strike_DeathKnight","DeathKnight:Strike_DeathKnight","DeathKnight:Defend_DeathKnight","DeathKnight:Defend_DeathKnight","DeathKnight:Defend_DeathKnight","DeathKnight:Defend_DeathKnight","DeathKnight:Defend_DeathKnight","DeathKnight:RuneTap","DeathKnight:RuneStrike","DeathKnight:GargoyleSkin","DeathKnight:IceboundArmor","DeathKnight:DancingRuneblade","DeathKnight:DarkSuccor","DeathKnight:FrosPresence","DeathKnight:HornOfWinter","DeathKnight:IcyTouch"],"relics":["DeathKnight:BrokenRuneblade","hubris:FunFungus","relicPack:DSword","Girya","Singing Bowl","aspiration:Lifesprig","relicPack:ShieldShield"],"acts_visited":["Hallownest:Greenpath","TheCity"],"potions_floor_usage":[5,12],"damage_taken":[{"damage":5,"enemies":"Hallownest:2_MossCreeps","floor":1,"turns":8},{"damage":2,"enemies":"Hallownest:monsterHuskGuard","floor":5,"turns":4},{"damage":3,"enemies":"Hallownest:eliteVengeflyKing","floor":7,"turns":10},{"damage":0,"enemies":"Hallownest:monsterHuskWarrior","floor":11,"turns":4},{"damage":9,"enemies":"Hallownest:eliteMossKnight","floor":12,"turns":8},{"damage":7,"enemies":"Hallownest:Guard_and_Warrior","floor":13,"turns":7},{"damage":15,"enemies":"Hallownest:BossHornet","floor":16,"turns":10},{"damage":24,"enemies":"2 Thieves","floor":18,"turns":4}],"seed_played":"8795244402042363637","potions_obtained":[{"floor":1,"key":"ColorlessPotion"},{"floor":7,"key":"SneckoOil"},{"floor":13,"key":"SteroidPotion"},{"floor":16,"key":"DeathKnight:PlagueVial"}],"is_trial":false,"path_per_floor":["M","$","?","?","M","R","E","R","T","R","M","E","M","$","R","B",null,"M"],"character_chosen":"DEATH_KNIGHT","items_purchased":["DeathKnight:IceboundArmor","DeathKnight:IcyTouch"],"campfire_rested":1,"item_purchase_floors":[2,14],"current_hp_per_floor":[65,65,65,30,28,48,45,45,45,45,47,40,35,35,35,22,74,51,51],"gold":64,"neow_bonus":"ONE_RARE_RELIC","is_daily":false,"chose_seed":false,"campfire_upgraded":0,"win_rate":0.0,"timestamp":1610469289,"path_taken":["M","$","?","?","M","R","E","R","T","R","M","E","M","$","R","BOSS","M"],"items_purchased_type":["Card","Card"],"build_version":"2020-12-22","purchased_purges":1,"victory":false,"max_hp_per_floor":[68,68,68,68,68,68,68,68,68,68,70,70,72,72,72,74,74,74,74],"card_choices":[{"not_picked":["DeathKnight:DreadStrike","DeathKnight:HartStrike"],"picked":"DeathKnight:GargoyleSkin","floor":1},{"not_picked":["DeathKnight:HartStrike","DeathKnight:ChainsOfIce"],"picked":"DeathKnight:DarkSuccor","floor":5},{"not_picked":["DeathKnight:RaiseAlly","DeathKnight:UnholyFrenzy"],"picked":"DeathKnight:FrosPresence","floor":7},{"not_picked":["DeathKnight:RunicDetonation","DeathKnight:Ossuary","DeathKnight:Pestilence"],"picked":"Singing Bowl","floor":11},{"not_picked":["DeathKnight:Marrowrend","DeathKnight:Pestilence"],"picked":"DeathKnight:HornOfWinter","floor":12},{"not_picked":["DeathKnight:BoneShield","DeathKnight:FoulBulwark","DeathKnight:Hysteria"],"picked":"Singing Bowl","floor":13},{"not_picked":["DeathKnight:MarkOfBlood","DeathKnight:Outbreak","DeathKnight:ReapingStrike"],"picked":"Singing Bowl","floor":16}],"player_experience":172338,"relics_obtained":[{"floor":7,"key":"Girya"},{"floor":9,"key":"Singing Bowl"},{"floor":12,"key":"aspiration:Lifesprig"}],"event_choices":[],"is_beta":false,"boss_relics":[{"not_picked":["Sozu","hubris:Stopwatch"],"picked":"relicPack:ShieldShield"}],"items_purged_floors":[14],"is_endless":false,"potions_floor_spawned":[1,7,13,16],"killed_by":"2 Thieves","ascension_level":0}}