{"host":"kos1s9q8ffr8fqos","time":1610441409,"event":{"mods":["BaseMod","Bestiary","Better Altar","Better Match","Better Note","Better Sensory Stone","Better Skull","Better Third Choice","Better Vampires","Colored Map","Colored Powertips","Curses Come First","Downfall","Hermit","Infinite Spire","Minty Spire (QoL Compilation)","Quick Restart","Random Character Button","Relic Stats","Replay The Spire","StSLib","The Blue Laboratory","The Disciple"],"gold_per_floor":[99,119,27,27,38,38,38,38,51,77,69,94,115,153,173,283,283,208,231,231,252,252,285,285,307,69,69,92,92,92,108,118,118,118,118],"floor_reached":33,"playtime":2340,"items_purged":["hexamod:SixthSeal"],"score":396,"play_id":"7d661e0f-e033-4ba7-8e4a-c3bad4b28114","local_time":"20210112025009","is_ascension_mode":true,"campfire_choices":[{"data":"hexamod:Strike","floor":1.0,"key":"PURGE"},{"data":"Replay:SS_hec_2","floor":6.0,"key":"SMITH"},{"data":"Storm","floor":18.0,"key":"SMITH"},{"floor":27,"key":"REST"},{"floor":30,"key":"REST"}],"circlet_count":0,"master_deck":["hexamod:Strike+1","hexamod:Strike+1","hexamod:Strike+1","hexamod:Defend+1","hexamod:Defend+1","hexamod:Defend+1","hexamod:Sear","hexamod:Float+1","Replay:SS_hec_2+1","hexamod:SpectersWail+1","hexamod:AdvancingGuard","hexamod:GhostOfSpirePresent+1","Storm+1","hexamod:FirstSeal","hexamod:SecondSeal","hexamod:ApocalypticArmor+1","hexamod:StepThrough+1","hexamod:RadiantFlame","hexamod:FifthSeal","hexamod:HeatMetal","hexamod:SixthSeal","hexamod:HeatShield+1","hexamod:ThirdSeal","hexamod:FastForward+1","hexamod:GhostflameInferno+1","hexamod:NecessarySacrifice+1","hexamod:FourthSeal","hexamod:SearingWound+1","hexamod:ShieldOfDarkness"],"relics":["Ring of the Snake","infinitespire:Cubic Diamond","Letter Opener","White Beast Statue","Iron Hammer","SacredBark","downfall:HeartBlessingBlue","downfall:RedIOU","Eternal Feather","Replay:Wax Seal","Regal Pillow"],"acts_visited":["Exordium","TheCity"],"potions_floor_usage":[23,23,23,25,28,28,31,33,33,33],"damage_taken":[{"damage":0.0,"enemies":"Small Slimes","floor":2.0,"turns":4.0},{"damage":0.0,"enemies":"downfall:FleeingMerchant","floor":3.0,"turns":4.0},{"damage":5.0,"enemies":"2 Louse","floor":5.0,"turns":3.0},{"damage":0.0,"enemies":"Cultist","floor":9.0,"turns":5.0},{"damage":0.0,"enemies":"Lagavulin","floor":10.0,"turns":7.0},{"damage":0.0,"enemies":"3 Sentries","floor":12.0,"turns":8.0},{"damage":7.0,"enemies":"Red Slaver","floor":13.0,"turns":4.0},{"damage":10.0,"enemies":"Lagavulin","floor":14.0,"turns":6.0},{"damage":7.0,"enemies":"2 Fungi Beasts","floor":15.0,"turns":3.0},{"damage":37.0,"enemies":"downfall:Silent","floor":16.0,"turns":8.0},{"damage":0.0,"enemies":"Shell Parasite","floor":19.0,"turns":9.0},{"damage":15.0,"enemies":"Chosen","floor":21.0,"turns":8.0},{"damage":29,"enemies":"Slavers","floor":23,"turns":7},{"damage":20,"enemies":"Snecko","floor":25,"turns":9},{"damage":0,"enemies":"downfall:FleeingMerchant","floor":26,"turns":4},{"damage":47,"enemies":"3 Cultists","floor":28,"turns":6},{"damage":34,"enemies":"Snake Plant","floor":31,"turns":6},{"damage":9,"enemies":"Centurion and Healer","floor":32,"turns":8},{"damage":51,"enemies":"downfall:Watcher","floor":33,"turns":5}],"seed_played":"6711016418889457347","potions_obtained":[{"floor":9.0,"key":"blueLaboratory:StoneskinPotion"},{"floor":10.0,"key":"blueLaboratory:ImpenetrablePotion"},{"floor":12.0,"key":"blueLaboratory:BubblePotion"},{"floor":13.0,"key":"Adrenaline Potion"},{"floor":14.0,"key":"Weak Potion"},{"floor":15.0,"key":"Fire Potion"},{"floor":16.0,"key":"Languid Potion"},{"floor":19.0,"key":"ColorlessPotion"},{"floor":21.0,"key":"blueLaboratory:PhilterOfMotion"},{"floor":23,"key":"blueLaboratory:EmptyBottle"},{"floor":25,"key":"GamblersBrew"},{"floor":26,"key":"Fire Potion"},{"floor":28,"key":"DuplicationPotion"},{"floor":31,"key":"Flashbang"},{"floor":32,"key":"SkillPotion"},{"floor":32,"key":"blueLaboratory:HorrorPotion"}],"is_trial":false,"path_per_floor":["R_BF","M","$","?","M","R","T","?","M","E","?","E","M","E","M","B",null,"R","M","?","M","?","E","T","M","$","R","M","?","R","M","M","B"],"character_chosen":"THE_SPIRIT","items_purchased":["hexamod:GhostOfSpirePresent","Regal Pillow"],"campfire_rested":2,"item_purchase_floors":[3,26],"current_hp_per_floor":[70,70,70,70,65,65,65,53,53,53,53,60,60,57,50,20,70,80,80,80,65,57,28,28,8,8,62,22,7,62,35,33,0,0,0],"gold":118,"neow_bonus":"RANDOM_COLORLESS","is_daily":false,"chose_seed":false,"campfire_upgraded":2,"win_rate":0.0,"timestamp":1610441409,"path_taken":["R_BF","M","$","?","M","R","T","?","M","E","?","E","M","E","M","BOSS","R","M","?","M","?","E","T","?","?","R","M","?","R","M","M","BOSS"],"items_purchased_type":["Card","Relic"],"build_version":"2020-12-22","purchased_purges":1,"victory":false,"max_hp_per_floor":[70,70,70,70,70,70,70,70,70,70,70,70,70,70,70,70,70,80,80,80,80,80,80,80,80,80,80,80,85,85,85,85,85,85,85],"relic_stats":{"Regal Pillow":30,"counters":[19,114],"Eternal Feather":30,"Letter Opener":[64],"obtain_stats":[{"Regal Pillow":26,"SacredBark":17,"Eternal Feather":23,"infinitespire:Cubic Diamond":4,"Letter Opener":8,"White Beast Statue":10,"downfall:HeartBlessingBlue":18,"Simple Rune":12,"Iron Hammer":14,"downfall:RedIOU":20,"Replay:Wax Seal":24,"hexamod:SpiritBrand":0,"Ring of the Snake":4},{"Regal Pillow":15,"SacredBark":10,"Eternal Feather":13,"infinitespire:Cubic Diamond":2,"Letter Opener":3,"White Beast Statue":5,"downfall:HeartBlessingBlue":10,"Simple Rune":6,"Iron Hammer":8,"downfall:RedIOU":11,"Replay:Wax Seal":13,"hexamod:SpiritBrand":0,"Ring of the Snake":2},{"Regal Pillow":89,"SacredBark":52,"Eternal Feather":76,"infinitespire:Cubic Diamond":8,"Letter Opener":11,"White Beast Statue":23,"downfall:HeartBlessingBlue":52,"Simple Rune":31,"Iron Hammer":41,"downfall:RedIOU":61,"Replay:Wax Seal":76,"hexamod:SpiritBrand":0,"Ring of the Snake":8}],"Ring of the Snake":[34]},"card_choices":[{"not_picked":["expansioncontent:FaceSlap","Jack Of All Trades"],"picked":"Replay:SS_hec_2","floor":0.0},{"not_picked":["hexamod:ThermalTransfer","hexamod:ExtraCrispy"],"picked":"hexamod:SpectersWail","floor":2.0},{"not_picked":["hexamod:RainOfEmbers","hexamod:ShieldOfDarkness"],"picked":"hexamod:AdvancingGuard","floor":3.0},{"not_picked":["hexamod:AdvancingGuard","hexamod:GhostOfSpirePast","hexamod:Again"],"picked":"SKIP","floor":5.0},{"not_picked":["hexamod:FastForward","hexamod:GhostOfSpirePast","hexamod:HauntingEcho"],"picked":"SKIP","floor":9.0},{"not_picked":["hexamod:Hexaguard","hexamod:StepThrough"],"picked":"hexamod:FirstSeal","floor":10.0},{"not_picked":["hexamod:Hexaguard","hexamod:InspiringFlames","hexamod:FastForward"],"picked":"SKIP","floor":12.0},{"not_picked":["hexamod:FastForward","hexamod:ShieldOfDarkness"],"picked":"hexamod:ApocalypticArmor","floor":13.0},{"not_picked":["hexamod:Rewind","hexamod:InspiringFlames"],"picked":"hexamod:StepThrough","floor":14.0},{"not_picked":["hexamod:Firestarter","hexamod:BurningTouch"],"picked":"hexamod:RadiantFlame","floor":15.0},{"not_picked":["hexamod:UnleashSpirits","hexamod:ApocalypticArmor"],"picked":"hexamod:FifthSeal","floor":16.0},{"not_picked":["hexamod:FourthSeal","hexamod:ThirdSeal"],"picked":"hexamod:SixthSeal","floor":19.0},{"not_picked":["hexamod:Hexaguard+1","hexamod:SecondSeal"],"picked":"hexamod:HeatMetal","floor":19.0},{"not_picked":["hexamod:FirstSeal","hexamod:ThirdSeal"],"picked":"hexamod:SixthSeal","floor":21.0},{"not_picked":["hexamod:SpectersWail","hexamod:NightmareGuise","hexamod:HeatMetal"],"picked":"SKIP","floor":21.0},{"not_picked":["hexamod:ThermalTransfer","hexamod:SpectralAdrenaline"],"picked":"hexamod:HeatShield+1","floor":23},{"not_picked":["hexamod:SecondSeal","hexamod:FirstSeal"],"picked":"hexamod:ThirdSeal","floor":25},{"not_picked":["hexamod:PowerFromBeyond","hexamod:Hexaguard"],"picked":"hexamod:FastForward+1","floor":25},{"not_picked":["hexamod:Again+1","hexamod:ApocalypseNow"],"picked":"hexamod:GhostflameInferno","floor":26},{"not_picked":["hexamod:FifthSeal","hexamod:Hexaguard"],"picked":"hexamod:NecessarySacrifice+1","floor":26},{"not_picked":["hexamod:ThirdSeal","hexamod:FirstSeal"],"picked":"hexamod:FourthSeal","floor":26},{"not_picked":["hexamod:FourthSeal","hexamod:BurningTouch"],"picked":"hexamod:SearingWound","floor":28},{"not_picked":["hexamod:EtherealExpedition","hexamod:FastForward+1","hexamod:ShieldOfDarkness"],"picked":"SKIP","floor":28},{"not_picked":["hexamod:SecondSeal","hexamod:SixthSeal","hexamod:ThirdSeal"],"picked":"SKIP","floor":28},{"not_picked":["hexamod:Haunt+1","hexamod:BurningTouch"],"picked":"hexamod:ShieldOfDarkness","floor":31},{"not_picked":["hexamod:SecondSeal","hexamod:HauntingEcho","hexamod:RadiantFlame"],"picked":"SKIP","floor":32}],"player_experience":1294813,"relics_obtained":[{"floor":10.0,"key":"White Beast Statue"},{"floor":12.0,"key":"Simple Rune"},{"floor":14.0,"key":"Iron Hammer"},{"floor":23,"key":"Eternal Feather"},{"floor":24,"key":"Replay:Wax Seal"}],"event_choices":[],"is_beta":false,"boss_relics":[{"not_picked":["Replay:Bronze Core","ReplayTheSpireMod:SealedPack"],"picked":"SacredBark"}],"items_purged_floors":[26],"is_endless":false,"potions_floor_spawned":[9,10,12,13,14,15,16,19,21,23,25,26,28,31,32],"killed_by":"downfall:Watcher","ascension_level":2}}