{"host":"4hkuu26ltn0le3bk","time":1610483426,"event":{"mods":["Astrologer","BaseMod","BetterRewards","Clockwork Mod","Colored Map","Colored Powertips","Friendly Minions","Gremlin Mod","Hermit","Marisa????????","Minty Spire (QoL Compilation)","Quick Restart","StSLib","Td1madao Mod","The Bug Knight","The Construct","The Cursed","The Disciple","The Factory","The Hierophant","The Jungle","The Servant 0.9.4"],"gold_per_floor":[368,329,329,164,178,178,196,196,245,273,303,315,327,350,362,476,488,518,549,561,590,165,165,165],"floor_reached":23,"language":"ENG","playtime":1215,"items_purged":["astrologer:Strike","astrologer:Strike"],"score":191,"play_id":"f5d646cc-8ccf-4ad8-bd26-0539ab3f7b50","local_time":"20210112153026","is_ascension_mode":false,"campfire_choices":[{"data":"astrologer:CosmicExpanse","floor":6,"key":"SMITH"},{"floor":8,"key":"RECALL"},{"floor":12,"key":"REST"},{"data":"astrologer:Stardust","floor":15,"key":"SMITH"}],"circlet_count":0,"master_deck":["astrologer:Defend","astrologer:Defend","astrologer:Defend","astrologer:Defend","astrologer:NorthStar","astrologer:TheFool","astrologer:ShootingStar","astrologer:CosmicExpanse+1","astrologer:CosmicExpanse+1","astrologer:SolarFlare","astrologer:Conjunction","astrologer:Stardust+1","astrologer:TheWorld","astrologer:Stardust","astrologer:ShiningStar+1","astrologer:ShootingStar","astrologer:Stardust","Purity"],"relics":["astrologer:SkyMirror","MawBank","Empty Cage","HollowMod:StagPassRelic"],"acts_visited":["Exordium","TheCity"],"potions_floor_usage":[10,11,23],"damage_taken":[{"damage":0,"enemies":"2 Louse","floor":1,"turns":2},{"damage":1,"enemies":"Cultist","floor":5,"turns":4},{"damage":2,"enemies":"Small Slimes","floor":7,"turns":5},{"damage":42,"enemies":"3 Sentries","floor":10,"turns":11},{"damage":9,"enemies":"Exordium Wildlife","floor":11,"turns":5},{"damage":0,"enemies":"Looter","floor":14,"turns":4},{"damage":24,"enemies":"Slime Boss","floor":16,"turns":10},{"damage":14,"enemies":"Shell Parasite","floor":18,"turns":6},{"damage":10,"enemies":"3 Byrds","floor":19,"turns":5},{"damage":7,"enemies":"Cultist and Chosen","floor":21,"turns":8},{"damage":48,"enemies":"Gremlin Leader","floor":23,"turns":5}],"seed_played":"-8294131396165295094","potions_obtained":[{"floor":1,"key":"Fire Potion"},{"floor":11,"key":"Fruit Juice"},{"floor":14,"key":"SteroidPotion"}],"is_trial":false,"path_per_floor":["M","$","?","$","M","R","M","R","T","E","M","R","$","M","R","B",null,"M","M","?","M","$","E"],"character_chosen":"ASTROLOGER","items_purchased":["astrologer:CosmicExpanse","astrologer:CosmicExpanse","astrologer:SolarFlare","HollowMod:StagPassRelic","Purity"],"campfire_rested":1,"item_purchase_floors":[2,4,4,22,22],"current_hp_per_floor":[63,63,63,63,62,62,60,60,60,18,14,34,34,34,34,10,68,54,44,44,37,37,0,0],"gold":165,"neow_bonus":"TWO_FIFTY_GOLD","is_daily":false,"chose_seed":false,"campfire_upgraded":2,"win_rate":0.0,"timestamp":1610483426,"path_taken":["M","$","?","$","M","R","M","R","T","E","M","R","?","M","R","BOSS","M","M","?","M","$","E"],"items_purchased_type":["Card","Card","Card","Relic","Card"],"build_version":"2020-12-22","purchased_purges":2,"victory":false,"max_hp_per_floor":[63,63,63,63,63,63,63,63,63,63,68,68,68,68,68,68,68,68,68,68,68,68,68,68],"card_choices":[{"not_picked":["astrologer:Judgement","astrologer:Confirmation"],"picked":"astrologer:ShootingStar","floor":1},{"not_picked":["astrologer:StarOfCourage","astrologer:Eclipse"],"picked":"astrologer:Conjunction","floor":5},{"not_picked":["astrologer:TheLovers","astrologer:Still","astrologer:CometStrike"],"picked":"SKIP","floor":7},{"not_picked":["astrologer:Divination","astrologer:Still"],"picked":"astrologer:Stardust","floor":10},{"not_picked":["astrologer:Opposition","astrologer:TheHighPriestess","astrologer:Radiance"],"picked":"SKIP","floor":11},{"not_picked":["astrologer:Still","astrologer:Eclipse","astrologer:ReadTheStars"],"picked":"SKIP","floor":14},{"not_picked":["astrologer:TheChariot","astrologer:Fate"],"picked":"astrologer:TheWorld","floor":16},{"not_picked":["astrologer:Eclipse","astrologer:SpaceDust"],"picked":"astrologer:Stardust","floor":18},{"not_picked":["astrologer:Eclipse","astrologer:Confirmation"],"picked":"astrologer:ShiningStar+1","floor":19},{"not_picked":["astrologer:SolarFlare","astrologer:Radiance"],"picked":"astrologer:Stardust","floor":21}],"player_experience":168928,"relics_obtained":[{"floor":10,"key":"MawBank"}],"event_choices":[{"damage_healed":0,"gold_gain":0,"player_choice":"Upgraded","damage_taken":0,"max_hp_gain":0,"max_hp_loss":0,"event_name":"Upgrade Shrine","floor":3,"gold_loss":0,"cards_upgraded":["astrologer:CosmicExpanse"]},{"damage_healed":0,"gold_gain":0,"player_choice":"Copied","damage_taken":0,"max_hp_gain":0,"max_hp_loss":0,"event_name":"Duplicator","floor":20,"gold_loss":0,"cards_obtained":["astrologer:ShootingStar"]}],"is_beta":false,"boss_relics":[{"not_picked":["Fusion Hammer","Snecko Eye"],"picked":"Empty Cage"}],"items_purged_floors":[4,22],"is_endless":false,"potions_floor_spawned":[1,11,14],"killed_by":"Gremlin Leader","ascension_level":0}}