{"host":"s8k08j4eybfen9r6","time":1610444026,"event":{"mods":["Aspiration","BaseMod","Better Altar","Better Match","Better Note","Better Sensory Stone","Better Skull","Better Third Choice","BetterRewards","Downfall","Duelist Mod","Hubris","Minty Spire (QoL Compilation)","MostiFishMod","Rare Cards Sparkle","Shop Mod","Spicy Shops","StSLib","The Animator"],"gold_per_floor":[119,130,146,161,176,176,176],"floor_reached":6,"playtime":286,"items_purged":[],"score":42,"play_id":"af263132-2139-4baa-a484-c7113949ae8f","local_time":"20210112193346","is_ascension_mode":true,"campfire_choices":[],"circlet_count":0,"master_deck":["Strike_G","Strike_G","Strike_G","Strike_G","Strike_G","Defend_G","Defend_G","Defend_G","Defend_G","Defend_G","Survivor","Neutralize","Dagger Spray","Poisoned Stab","Catalyst","Backflip","Catalyst"],"relics":["Ring of the Snake","DaveBox","aspiration:HiddenCompartment","SynthV:TestCard"],"acts_visited":["Exordium"],"potions_floor_usage":[1,5],"damage_taken":[{"damage":1,"enemies":"Cultist","floor":1,"turns":4},{"damage":5,"enemies":"Small Slimes","floor":2,"turns":3},{"damage":0,"enemies":"Jaw Worm","floor":3,"turns":4},{"damage":8,"enemies":"2 Fungi Beasts","floor":4,"turns":4},{"damage":0,"enemies":"Gremlin Gang","floor":5,"turns":2},{"damage":58,"enemies":"Gremlin Nob","floor":6,"turns":6}],"seed_played":"-2529969232637274358","potions_obtained":[{"floor":1,"key":"Fruit Juice"},{"floor":3,"key":"BlessingOfTheForge"},{"floor":4,"key":"Explosive Potion"}],"is_trial":false,"path_per_floor":["M","M","M","M","M","E"],"character_chosen":"THE_SILENT","items_purchased":[],"campfire_rested":0,"item_purchase_floors":[],"current_hp_per_floor":[74,69,69,61,61,3,3],"gold":176,"neow_bonus":"RANDOM_COMMON_RELIC","is_daily":false,"chose_seed":false,"campfire_upgraded":0,"win_rate":0.0,"timestamp":1610444026,"path_taken":["M","M","M","M","M","E"],"items_purchased_type":[],"build_version":"2020-12-22","purchased_purges":0,"victory":false,"max_hp_per_floor":[75,75,75,75,75,75,75],"card_choices":[{"not_picked":["Escape Plan","Deflect"],"picked":"Dagger Spray","floor":1},{"not_picked":["Flying Knee","hubris:SlightOfHand","Dagger Throw","Finisher"],"picked":"Poisoned Stab","floor":2},{"not_picked":["Deflect","Riddle With Holes","Eviscerate","Dodge and Roll"],"picked":"Catalyst","floor":3},{"not_picked":["Outmaneuver","Predator","Acrobatics","Expertise"],"picked":"Backflip","floor":4},{"not_picked":["Acrobatics","Sucker Punch","Dagger Spray","MostiFishMod:PerfectParry"],"picked":"Catalyst","floor":5}],"player_experience":412646,"relics_obtained":[{"floor":1,"key":"SynthV:TestCard"}],"event_choices":[],"is_beta":false,"boss_relics":[],"items_purged_floors":[],"is_endless":false,"potions_floor_spawned":[1,3,4],"killed_by":"Gremlin Nob","ascension_level":1}}