{"host":"dn6kke80v5f7isus","time":1610434820,"event":{"mods":["AchievementEnabler","Act Like it!","BaseMod","Colored Powertips","Custom Start","Defuse TimeMaze Blight","Downfall","Duelist Mod","Gremlin Skip","Highlight Path","Hubris","Infinite Spire","Minty Spire (QoL Compilation)","Rare Cards Sparkle","Replay The Spire","StSLib","Uncapped"],"gold_per_floor":[99,111,128,303,316,241,264,269,269,269,298,126,142,142,157,252,252,177,188,233,245,245,256,304,316,334,361,375,300,51,68,87,185,185,185,202,219,219,219,230,276,289,314,170,183,200,200,200,200,200],"floor_reached":48,"playtime":1999,"items_purged":["champ:Strike","champ:Strike","champ:Defend"],"score":508,"play_id":"cc8e32a0-d7c0-45f8-a995-930250470b80","local_time":"20210112020020","is_ascension_mode":false,"campfire_choices":[{"floor":1.0,"key":"RECALL"},{"data":"champ:CrookedStrike","floor":6.0,"key":"SMITH"},{"data":"champ:CalledShot","floor":9,"key":"SMITH"},{"data":"champ:DancingMaster","floor":18,"key":"SMITH"},{"data":"champ:Improvising","floor":29,"key":"SMITH"},{"data":"champ:VampiricStrike","floor":35,"key":"SMITH"},{"data":"champ:VampiricStrike","floor":47,"key":"SMITH"}],"circlet_count":0,"master_deck":["champ:Strike+1","champ:Defend","champ:Defend+1","champ:Execute+1","champ:Taunt+1","champ:StrikeOfGenius+1","champ:FaceSlap+1","champ:CrookedStrike+1","champ:Encircle+1","champ:CalledShot+1","champ:VampiricStrike+1","champ:RecklessLeap","champ:BringItOn","champ:DancingMaster+1","champ:StanceDance+1","infinitespire:Collect","champ:Improvising+1","champ:FlashCut","champ:StanceDance","champ:StanceDance","Flash of Steel","champ:StanceDance","champ:VampiricStrike+1","champ:StrikeOfGenius","champ:FanOfKnives","champ:StanceDance","champ:Backstep+1"],"relics":["champ:ChampionCrown","downfall:HeartBlessingRed","Bag of Marbles","Tiny Chest","Nunchaku","Replay:Baseball","downfall:HeartBlessingGreen","hubris:ScarierMask","champ:DefensiveTrainingManual","champ:FightingForDummies","Art of War","downfall:HeartBlessingBlue","Ancient Tea Set","Ring of Chaos","Oddly Smooth Stone","hexamod:BolsterEngine","Replay:Rubber Ducky","infinitespire:FocusingShard"],"acts_visited":["Exordium","TheCity","TheBeyond"],"potions_floor_usage":[8,8,8,26,27,27,30,31],"damage_taken":[{"damage":5.0,"enemies":"2 Louse","floor":2.0,"turns":4.0},{"damage":17.0,"enemies":"Jaw Worm","floor":3.0,"turns":4.0},{"damage":7.0,"enemies":"Cultist","floor":5.0,"turns":4.0},{"damage":16,"enemies":"downfall:FleeingMerchant","floor":8,"turns":4},{"damage":25,"enemies":"Lagavulin","floor":11,"turns":4},{"damage":30,"enemies":"downfall:FleeingMerchant","floor":12,"turns":4},{"damage":17,"enemies":"2 Fungi Beasts","floor":13,"turns":1},{"damage":15,"enemies":"Blue Slaver","floor":15,"turns":1},{"damage":45,"enemies":"downfall:Watcher","floor":16,"turns":5},{"damage":20,"enemies":"Spheric Guardian","floor":19,"turns":2},{"damage":41,"enemies":"Snecko","floor":21,"turns":4},{"damage":17,"enemies":"Cultist and Chosen","floor":23,"turns":3},{"damage":67,"enemies":"Snake Plant","floor":25,"turns":4},{"damage":20,"enemies":"Shelled Parasite and Fungi","floor":26,"turns":3},{"damage":27,"enemies":"Gremlin Leader","floor":27,"turns":3},{"damage":21,"enemies":"Centurion and Healer","floor":28,"turns":3},{"damage":28,"enemies":"downfall:FleeingMerchant","floor":30,"turns":4},{"damage":22,"enemies":"Snake Plant","floor":31,"turns":3},{"damage":22,"enemies":"Cultist and Chosen","floor":32,"turns":3},{"damage":46,"enemies":"downfall:Ironclad","floor":33,"turns":6},{"damage":2,"enemies":"Orb Walker","floor":36,"turns":2},{"damage":41,"enemies":"3 Darklings","floor":37,"turns":4},{"damage":53,"enemies":"Maw","floor":40,"turns":6},{"damage":40,"enemies":"Spire Growth","floor":42,"turns":4},{"damage":20,"enemies":"downfall:FleeingMerchant","floor":44,"turns":2},{"damage":21,"enemies":"Writhing Mass","floor":45,"turns":5},{"damage":2,"enemies":"Sphere and 2 Shapes","floor":46,"turns":2},{"damage":143,"enemies":"Nightmare","floor":48,"turns":5}],"seed_played":"-5531185897922871080","potions_obtained":[{"floor":2.0,"key":"Toxic Potion"},{"floor":3.0,"key":"Energy Potion"},{"floor":5.0,"key":"AttackPotion"},{"floor":15,"key":"GamblersBrew"},{"floor":16,"key":"EntropicBrew"},{"floor":23,"key":"GamblersBrew"},{"floor":27,"key":"LifebloodPotion"},{"floor":31,"key":"Strength Potion"},{"floor":32,"key":"EssenceOfSteel"},{"floor":37,"key":"sneckomod:MuddlingPotion"}],"is_trial":false,"path_per_floor":["R","M","M","?","M","R","T","$","R","?","E","$","M","?","M","B",null,"R","M","T","M","AVR","M","T","M","M","E","M","R","$","M","M","B",null,"R","M","M","?","?","M","T","M","T","$","M","M","R","NM"],"character_chosen":"THE_CHAMP","items_purchased":["Tiny Chest","champ:VampiricStrike","Replay:Baseball","Ancient Tea Set","Flash of Steel","Replay:Rubber Ducky","infinitespire:FocusingShard"],"campfire_rested":0,"item_purchase_floors":[8,8,12,30,30,44,44],"current_hp_per_floor":[90,90,78,78,76,76,76,66,66,66,73,58,58,58,58,69,90,90,90,90,84,84,84,84,54,54,69,66,76,76,76,84,83,100,100,100,88,88,88,100,100,100,100,100,100,100,100,0,0,0],"gold":200,"neow_bonus":"ONE_RANDOM_RARE_CARD","is_daily":false,"chose_seed":false,"campfire_upgraded":6,"win_rate":0.0,"timestamp":1610434820,"path_taken":["R","M","M","?","M","R","T","$","R","?","E","$","?","?","M","BOSS","R","M","?","M","AVR","M","T","M","M","E","M","R","$","M","M","BOSS","R","M","?","?","?","M","T","M","?","$","M","M","R","NM"],"items_purchased_type":["Relic","Card","Relic","Relic","Card","Relic","Relic"],"build_version":"2020-12-22","purchased_purges":3,"victory":false,"max_hp_per_floor":[90,90,90,90,90,90,90,90,90,90,90,90,90,90,90,90,90,90,90,90,90,90,90,90,90,90,90,90,100,100,100,100,100,100,100,100,100,100,100,100,100,100,100,100,100,100,100,100,100,100],"card_choices":[{"not_picked":["champ:IronFortress","champ:Backstep"],"picked":"champ:FaceSlap","floor":2.0},{"not_picked":["champ:BladeFlurry","champ:AdrenalArmor"],"picked":"champ:CrookedStrike","floor":3.0},{"not_picked":["champ:DefensiveShout","champ:FightOn"],"picked":"champ:Encircle","floor":5.0},{"not_picked":["champ:FanOfKnives","champ:Circumvent"],"picked":"champ:CalledShot","floor":8},{"not_picked":["champ:AdrenalArmor","champ:SkillfulDodge","champ:Lariat"],"picked":"SKIP","floor":11},{"not_picked":["champ:FocusedGladiator","champ:Backstep"],"picked":"champ:RecklessLeap","floor":12},{"not_picked":["champ:Circumvent","champ:GutPunch"],"picked":"champ:BringItOn","floor":13},{"not_picked":["champ:GladiatorsShout","champ:Riposte","champ:BringItOn"],"picked":"SKIP","floor":15},{"not_picked":["champ:ShieldSlam","champ:HeavySlash"],"picked":"champ:DancingMaster","floor":16},{"not_picked":["champ:Haymaker","champ:DefensiveStyle"],"picked":"champ:StanceDance+1","floor":19},{"not_picked":["champ:BladeFlurry+1","champ:Balance+1","champ:GladiatorStyle+1"],"picked":"SKIP","floor":21},{"not_picked":["champ:FightOn","champ:EnGarde"],"picked":"champ:Improvising","floor":23},{"not_picked":["champ:DeathBlow","champ:TornadoPunch+1"],"picked":"champ:FlashCut","floor":25},{"not_picked":["champ:Backstep+1","champ:BerserkersShout","champ:GladiatorsShout"],"picked":"SKIP","floor":26},{"not_picked":["champ:Control","champ:EnragedBash","champ:EndlessRage+1"],"picked":"SKIP","floor":27},{"not_picked":["champ:GladiatorStyle","champ:FlashCut"],"picked":"champ:StanceDance","floor":28},{"not_picked":["champ:CrookedStrike+1","champ:FaceSlap"],"picked":"champ:StanceDance","floor":30},{"not_picked":["champ:Backstep","champ:Riposte"],"picked":"champ:StanceDance","floor":31},{"not_picked":["champ:BringItOn","champ:CrookedStrike"],"picked":"champ:VampiricStrike","floor":32},{"not_picked":["champ:PerfectForm","champ:ShieldThrow"],"picked":"champ:StrikeOfGenius","floor":33},{"not_picked":["champ:FaceSlap+1","champ:GutPunch+1"],"picked":"champ:FanOfKnives","floor":36},{"not_picked":["champ:BringItOn","champ:CrookedStrike"],"picked":"champ:StanceDance","floor":37},{"not_picked":["champ:DeathBlow","champ:GladiatorsShout","champ:GutPunch"],"picked":"SKIP","floor":40},{"not_picked":["champ:CrookedStrike","champ:BladeFlurry+1","champ:TornadoPunch"],"picked":"SKIP","floor":42},{"not_picked":["champ:BladeFlurry","champ:Balance"],"picked":"champ:Backstep+1","floor":44},{"not_picked":["champ:ArenaPreparation+1","champ:AdrenalArmor+1","champ:GutPunch+1"],"picked":"SKIP","floor":45},{"not_picked":["champ:IgnorePain","champ:TornadoPunch+1","champ:AdrenalArmor+1"],"picked":"SKIP","floor":46}],"player_experience":610268,"relics_obtained":[{"floor":7.0,"key":"Bag of Marbles"},{"floor":11,"key":"Nunchaku"},{"floor":24,"key":"champ:FightingForDummies"},{"floor":27,"key":"Art of War"},{"floor":41,"key":"Oddly Smooth Stone"},{"floor":43,"key":"hexamod:BolsterEngine"}],"event_choices":[{"cards_removed":["champ:Defend"],"damage_healed":0,"gold_gain":0,"player_choice":"Removed Skill","damage_taken":0,"max_hp_gain":0,"max_hp_loss":0,"event_name":"Falling","floor":38,"gold_loss":0}],"is_beta":false,"boss_relics":[{"not_picked":["hubris:GrandSneckoEye","hubris:VirtuousBlindfold","ReplayTheSpireMod:SealedPack"]},{"not_picked":["Sozu","Replay:Bronze Core"],"picked":"Ring of Chaos"}],"items_purged_floors":[8,22,44],"is_endless":false,"potions_floor_spawned":[2,3,5,15,16,23,26,27,31,32,37,40],"killed_by":"Nightmare","ascension_level":0}}