{"host":"iq6tbtp5mk4vf216","time":1610460528,"event":{"mods":["BaseMod","BetterRewards","Colored Map","Colored Powertips","Downfall","Duelist Mod","Minty Spire (QoL Compilation)","Rare Cards Sparkle","Replay The Spire","StSLib","The Hierophant","The Jungle","The Necromancer","The Poker Player"],"gold_per_floor":[109,16,26,69,33,33,44,44,70,56,56],"floor_reached":10,"playtime":667,"items_purged":[],"score":66,"play_id":"aabc9d05-b770-45dd-9da1-ead2bb93d312","local_time":"20210112070848","is_ascension_mode":false,"campfire_choices":[{"data":"hierophant:Community","floor":6,"key":"SMITH"},{"floor":8,"key":"REST"}],"circlet_count":0,"master_deck":["hierophant:Strike_Hierophant","hierophant:Strike_Hierophant","hierophant:Strike_Hierophant","hierophant:Strike_Hierophant","hierophant:Punish","hierophant:Defend_Hierophant","hierophant:Defend_Hierophant","hierophant:Defend_Hierophant","hierophant:Defend_Hierophant","hierophant:ChurchCoffers","hierophant:Community+1","hierophant:Sermon","hierophant:CoinFling","hierophant:Doubloon","hierophant:RustyCrate","hierophant:Doubloon","hierophant:Doubloon+1","hierophant:Upheaval","hierophant:DisplayOfPower","hierophant:DisplayOfPower","hierophant:MintersHammer"],"relics":["hierophant:PropheticMaskRelic","NeowsBlessing","Boot","Pet Ghost"],"acts_visited":["Exordium"],"potions_floor_usage":[7,10],"damage_taken":[{"damage":0,"enemies":"Cultist","floor":1,"turns":1},{"damage":0,"enemies":"Jaw Worm","floor":3,"turns":1},{"damage":0,"enemies":"2 Louse","floor":4,"turns":1},{"damage":71,"enemies":"Lagavulin","floor":7,"turns":9},{"damage":31,"enemies":"3 Sentries","floor":10,"turns":4}],"seed_played":"4954075902675146666","potions_obtained":[{"floor":3,"key":"CultistPotion"},{"floor":7,"key":"Adrenaline Potion"}],"is_trial":false,"path_per_floor":["M","$","M","M","$","R","E","R","T","E"],"character_chosen":"HIEROPHANT","items_purchased":["hierophant:Sermon","hierophant:CoinFling","hierophant:DisplayOfPower"],"campfire_rested":1,"item_purchase_floors":[2,2,5],"current_hp_per_floor":[75,75,75,75,75,75,4,26,26,0,0],"gold":56,"neow_bonus":"THREE_ENEMY_KILL","is_daily":false,"chose_seed":false,"campfire_upgraded":1,"win_rate":0.0,"timestamp":1610460528,"path_taken":["M","?","M","?","$","R","E","R","T","E"],"items_purchased_type":["Card","Card","Card"],"build_version":"2020-12-22","purchased_purges":0,"victory":false,"max_hp_per_floor":[75,75,75,75,75,75,75,75,75,75,75],"card_choices":[{"not_picked":["hierophant:Zeal","hierophant:Racketeering"],"picked":"hierophant:Community","floor":1},{"not_picked":["hierophant:Doubloon","hierophant:MirrorShield"],"picked":"hierophant:RustyCrate","floor":3},{"not_picked":["hierophant:Remorse","hierophant:OrnateBuckler"],"picked":"hierophant:Upheaval","floor":4},{"not_picked":["hierophant:FieryStrike","hierophant:SolarFlare"],"picked":"hierophant:MintersHammer","floor":7}],"player_experience":663868,"relics_obtained":[{"floor":7,"key":"Boot"},{"floor":9,"key":"Pet Ghost"}],"event_choices":[],"is_beta":false,"boss_relics":[],"items_purged_floors":[],"is_endless":false,"potions_floor_spawned":[3,7],"killed_by":"3 Sentries","ascension_level":0}}