{"host":"xwog71r75u8mqwn1","time":1610422036,"event":{"mods":["BaseMod","Evolution","Minty Spire (QoL Compilation)","StSLib"],"gold_per_floor":[109,109,121,140,90,90,100,46,91,123,123,139,139,149,149,149,149],"floor_reached":16,"playtime":749,"items_purged":[],"score":117,"play_id":"b139e643-ba8f-45f4-9b61-915b283319c8","local_time":"20210111212716","is_ascension_mode":true,"campfire_choices":[{"data":"Crescendo","floor":6,"key":"SMITH"},{"data":"PathToVictory","floor":11,"key":"SMITH"},{"floor":15,"key":"REST"}],"circlet_count":0,"master_deck":["Strike_P","Strike_P","Defend_P","Defend_P","Eruption","Vigilance","SpiritShield","FlurryOfBlows","Crescendo+1","ClearTheMind","Wireheading","Wireheading","ThirdEye","PathToVictory+1","ThirdEye"],"relics":["PureWater","EVO:Axolotl","Orichalcum","Potion Belt","Art of War"],"acts_visited":["Exordium"],"potions_floor_usage":[10,14],"damage_taken":[{"damage":2,"enemies":"Small Slimes","floor":1,"turns":4},{"damage":0,"enemies":"Cultist","floor":3,"turns":3},{"damage":0,"enemies":"Jaw Worm","floor":4,"turns":5},{"damage":8,"enemies":"Blue Slaver","floor":7,"turns":3},{"damage":10,"enemies":"Gremlin Nob","floor":10,"turns":3},{"damage":0,"enemies":"3 Louse","floor":12,"turns":3},{"damage":4,"enemies":"Gremlin Gang","floor":14,"turns":4},{"damage":24,"enemies":"Slime Boss","floor":16,"turns":6}],"seed_played":"-5889760435507918345","potions_obtained":[{"floor":4,"key":"DistilledChaos"},{"floor":7,"key":"BlessingOfTheForge"}],"is_trial":false,"path_per_floor":["M","?","M","M","?","R","M","$","T","E","R","M","?","M","R","B"],"character_chosen":"WATCHER","items_purchased":["ThirdEye"],"campfire_rested":1,"item_purchase_floors":[8],"current_hp_per_floor":[49,49,49,49,49,49,41,41,41,31,31,31,6,2,23,0,0],"gold":149,"neow_bonus":"TRANSFORM_TWO_CARDS","is_daily":false,"chose_seed":false,"campfire_upgraded":2,"win_rate":0.0,"timestamp":1610422036,"path_taken":["M","?","?","M","?","R","M","?","T","E","R","M","?","M","R","BOSS"],"items_purchased_type":["Card"],"build_version":"2020-12-22","purchased_purges":0,"victory":false,"max_hp_per_floor":[72,72,72,72,72,72,72,72,72,72,72,72,72,72,72,72,72],"card_choices":[{"not_picked":["Halt","ClearTheMind"],"picked":"Crescendo","floor":1},{"not_picked":["FlyingSleeves","Study"],"picked":"ClearTheMind","floor":3},{"not_picked":["Collect","CrushJoints"],"picked":"Wireheading","floor":4},{"not_picked":["PathToVictory","ClearTheMind"],"picked":"Wireheading","floor":7},{"not_picked":["EmptyFist","ClearTheMind"],"picked":"PathToVictory","floor":10},{"not_picked":["Consecrate","EmptyFist"],"picked":"ThirdEye","floor":12},{"not_picked":["Consecrate","Wish","FollowUp"],"picked":"SKIP","floor":14}],"player_experience":2446934,"relics_obtained":[{"floor":9,"key":"Orichalcum"},{"floor":10,"key":"Potion Belt"}],"event_choices":[{"cards_removed":["Strike_P"],"damage_healed":0,"gold_gain":0,"player_choice":"Purged","damage_taken":0,"max_hp_gain":0,"max_hp_loss":0,"event_name":"Purifier","floor":2,"gold_loss":0},{"cards_removed":["Defend_P"],"damage_healed":0,"gold_gain":0,"player_choice":"Card Removal","damage_taken":0,"max_hp_gain":0,"max_hp_loss":0,"event_name":"The Cleric","floor":5,"gold_loss":50},{"damage_healed":0,"gold_gain":0,"player_choice":"Success","damage_taken":25,"relics_obtained":["Art of War"],"max_hp_gain":0,"max_hp_loss":0,"event_name":"Scrap Ooze","floor":13,"gold_loss":0}],"is_beta":false,"boss_relics":[],"items_purged_floors":[],"is_endless":false,"potions_floor_spawned":[4,7],"killed_by":"Slime Boss","ascension_level":3}}