{"host":"1kq2ingo3j45gyyp","time":1610489962,"event":{"mods":["BaseMod","Better Note","Better Third Choice","Downfall","Minty Spire (QoL Compilation)","StSLib"],"gold_per_floor":[99,118,81,81,95,20,47,47,79,98,113,128,147,175,193,288,288,288,307,318,168,168,168,195,213,77,77,106,106,31,42,52,150,150,75,89,89,108,160,85,85,85,85,96,96,127,127,145,160,160,160,189,39,39,39],"floor_reached":56,"language":"ENG","playtime":1463,"items_purged":["Armaments+1"],"score":1334,"play_id":"34b847e3-790a-4e28-acaa-29d27a635bab","local_time":"20210112171922","daily_mods":["SealedDeck"],"is_ascension_mode":false,"campfire_choices":[{"floor":1,"key":"RECALL"},{"data":"Armaments","floor":6,"key":"SMITH"},{"data":"Intimidate","floor":8,"key":"SMITH"},{"data":"Limit Break","floor":18,"key":"SMITH"},{"data":"Pommel Strike","floor":23,"key":"SMITH"},{"data":"Flex","floor":30,"key":"SMITH"},{"data":"Flex","floor":35,"key":"SMITH"},{"data":"expansioncontent:CaCaw","floor":47,"key":"SMITH"},{"data":"Demon Form","floor":54,"key":"SMITH"}],"circlet_count":0,"master_deck":["Pommel Strike+1","Twin Strike","Cleave","Flex+1","Flex+1","Twin Strike","Twin Strike","Intimidate+1","Clash","Clash","Clash+1","Flex+1","Spot Weakness+1","Limit Break+1","Pommel Strike+1","Pommel Strike+1","Thunderclap+1","expansioncontent:CaCaw+1","Demon Form+1"],"relics":["Burning Blood","Letter Opener","downfall:HeartBlessingRed","Bag of Marbles","Molten Egg 2","Boot","Busted Crown","Champion Belt","Medical Kit","Sundial","downfall:HeartBlessingBlue","expansioncontent:StudyCardRelic","downfall:HeartBlessingGreen","Thread and Needle","White Beast Statue","hexamod:BolsterEngine","sneckomod:BlankCard"],"acts_visited":["Exordium","TheCity","TheBeyond","TheEnding"],"potions_floor_usage":[15,28,55,55],"damage_taken":[{"damage":0,"enemies":"Jaw Worm","floor":2,"turns":1},{"damage":10,"enemies":"downfall:FleeingMerchant","floor":3,"turns":4},{"damage":0,"enemies":"2 Louse","floor":5,"turns":1},{"damage":0,"enemies":"Gremlin Nob","floor":9,"turns":1},{"damage":0,"enemies":"Small Slimes","floor":10,"turns":1},{"damage":0,"enemies":"3 Louse","floor":11,"turns":2},{"damage":0,"enemies":"Blue Slaver","floor":12,"turns":1},{"damage":0,"enemies":"Exordium Thugs","floor":13,"turns":1},{"damage":0,"enemies":"3 Sentries","floor":14,"turns":2},{"damage":0,"enemies":"2 Fungi Beasts","floor":15,"turns":1},{"damage":29,"enemies":"downfall:Ironclad","floor":16,"turns":3},{"damage":0,"enemies":"Spheric Guardian","floor":19,"turns":2},{"damage":17,"enemies":"3 Byrds","floor":20,"turns":3},{"damage":4,"enemies":"3 Cultists","floor":25,"turns":3},{"damage":15,"enemies":"downfall:FleeingMerchant","floor":26,"turns":3},{"damage":14,"enemies":"Slavers","floor":28,"turns":2},{"damage":0,"enemies":"Snecko","floor":31,"turns":2},{"damage":0,"enemies":"Centurion and Healer","floor":32,"turns":1},{"damage":6,"enemies":"downfall:Defect","floor":33,"turns":3},{"damage":0,"enemies":"3 Darklings","floor":36,"turns":2},{"damage":5,"enemies":"3 Shapes","floor":38,"turns":2},{"damage":1,"enemies":"2 Orb Walkers","floor":39,"turns":2},{"damage":0,"enemies":"Transient","floor":44,"turns":5},{"damage":0,"enemies":"Reptomancer","floor":46,"turns":3},{"damage":11,"enemies":"Maw","floor":48,"turns":3},{"damage":6,"enemies":"4 Shapes","floor":49,"turns":1},{"damage":24,"enemies":"downfall:Silent","floor":50,"turns":4},{"damage":30,"enemies":"downfall:CharBossMerchant","floor":52,"turns":4},{"damage":27,"enemies":"downfall:NeowBoss","floor":55,"turns":11}],"seed_played":"4356271043466336286","potions_obtained":[{"floor":2,"key":"LiquidMemories"},{"floor":5,"key":"AttackPotion"},{"floor":9,"key":"LiquidBronze"},{"floor":15,"key":"Fruit Juice"},{"floor":19,"key":"hexamod:EctoCoolerPotion"},{"floor":20,"key":"SteroidPotion"},{"floor":33,"key":"ElixirPotion"},{"floor":36,"key":"PowerPotion"},{"floor":52,"key":"DuplicationPotion"}],"is_trial":true,"path_per_floor":["R","M","$","?","M","R","T","R","E","M","M","M","M","E","M","B",null,"R","M","M","?","?","R","T","M","$","?","E","$","R","M","M","B",null,"R","M","?","M","?","$","T","?","$","M","?","E","R","M","M","B",null,"E","$","R","B",null],"character_chosen":"IRONCLAD","items_purchased":["Armaments","Champion Belt","Medical Kit","Demon Form"],"campfire_rested":0,"item_purchase_floors":[3,26,26,53],"current_hp_per_floor":[80,80,76,73,79,79,79,79,80,80,80,80,80,80,85,62,85,85,85,74,95,87,87,87,89,80,80,72,72,82,88,94,94,105,105,105,105,105,105,105,105,105,105,105,105,105,105,100,100,82,105,81,81,81,60],"gold":39,"neow_bonus":"","is_daily":false,"chose_seed":false,"campfire_upgraded":8,"win_rate":0.0,"timestamp":1610489962,"path_taken":["R","M","$","?","M","R","T","R","E","M","M","M","M","E","M","BOSS","R","M","M","?","?","R","T","M","$","?","E","$","R","M","M","BOSS","R","M","?","M","?","$","T","?","?","?","?","E","R","M","M","BOSS","E","$","R","BOSS"],"items_purchased_type":["Card","Relic","Relic","Card"],"build_version":"2020-12-22","purchased_purges":1,"victory":true,"max_hp_per_floor":[80,80,80,80,80,80,80,80,80,80,80,80,80,80,85,85,85,85,85,85,95,95,95,95,95,95,95,95,95,105,105,105,105,105,105,105,105,105,105,105,105,105,105,105,105,105,105,105,105,105,105,105,105,105,105],"card_choices":[{"not_picked":["Hemokinesis","Warcry"],"picked":"Clash","floor":2},{"not_picked":["Sentinel","Clothesline","Warcry"],"picked":"SKIP","floor":3},{"not_picked":["Shrug It Off","Havoc","Body Slam"],"picked":"SKIP","floor":5},{"not_picked":["Burning Pact","Wild Strike+1","Bludgeon+1"],"picked":"SKIP","floor":9},{"not_picked":["Cleave+1","Anger+1"],"picked":"Clash+1","floor":10},{"not_picked":["Feel No Pain","Iron Wave+1","Brutality"],"picked":"SKIP","floor":11},{"not_picked":["Feel No Pain","Searing Blow+1"],"picked":"Flex","floor":12},{"not_picked":["Headbutt+1","Wild Strike+1","Rupture"],"picked":"SKIP","floor":13},{"not_picked":["Heavy Blade+1","Carnage+1"],"picked":"Spot Weakness","floor":14},{"not_picked":["Shrug It Off","Havoc","Headbutt+1"],"picked":"SKIP","floor":15},{"not_picked":["Double Tap","Fiend Fire+1"],"picked":"Limit Break","floor":16},{"not_picked":["Wild Strike+1"],"picked":"SKIP","floor":19},{"not_picked":["Flame Barrier"],"picked":"SKIP","floor":20},{"not_picked":[],"picked":"Pommel Strike+1","floor":25},{"not_picked":[],"picked":"Pommel Strike+1","floor":26},{"not_picked":["Rupture"],"picked":"SKIP","floor":28},{"not_picked":["Dropkick+1"],"picked":"SKIP","floor":31},{"not_picked":[],"picked":"Thunderclap+1","floor":32},{"not_picked":["Armaments+1"],"picked":"SKIP","floor":36},{"not_picked":["Warcry+1"],"picked":"SKIP","floor":38},{"not_picked":[],"picked":"expansioncontent:CaCaw","floor":42},{"not_picked":["Warcry+1"],"picked":"SKIP","floor":44},{"not_picked":["Pummel+1"],"picked":"SKIP","floor":46},{"not_picked":["Shockwave+1"],"picked":"SKIP","floor":48},{"not_picked":["Wild Strike+1"],"picked":"SKIP","floor":49},{"not_picked":["Sword Boomerang+1"],"picked":"SKIP","floor":52}],"player_experience":855834,"relics_obtained":[{"floor":7,"key":"Bag of Marbles"},{"floor":9,"key":"Molten Egg 2"},{"floor":14,"key":"Boot"},{"floor":28,"key":"Sundial"},{"floor":39,"key":"Thread and Needle"},{"floor":41,"key":"White Beast Statue"},{"floor":46,"key":"hexamod:BolsterEngine"},{"floor":52,"key":"sneckomod:BlankCard"}],"event_choices":[{"damage_healed":0,"gold_gain":0,"player_choice":"Relic ","damage_taken":3,"max_hp_gain":0,"max_hp_loss":0,"event_name":"betterThird:BetterScrap","floor":4,"gold_loss":0,"cards_obtained":["Setup"]},{"damage_healed":0,"gold_gain":0,"player_choice":"Upgraded","damage_taken":0,"max_hp_gain":0,"max_hp_loss":0,"event_name":"Upgrade Shrine","floor":27,"gold_loss":0,"cards_upgraded":["Flex"]},{"damage_healed":0,"gold_gain":0,"player_choice":"Fight","damage_taken":0,"max_hp_gain":0,"max_hp_loss":0,"event_name":"Mysterious Sphere","floor":39,"gold_loss":0},{"cards_removed":["Clash"],"damage_healed":0,"gold_gain":0,"player_choice":"Removed Attack","damage_taken":0,"max_hp_gain":0,"max_hp_loss":0,"event_name":"Falling","floor":45,"gold_loss":0}],"is_beta":false,"boss_relics":[{"not_picked":["Mark of Pain","Velvet Choker"],"picked":"Busted Crown"},{"not_picked":["Empty Cage","Fusion Hammer"],"picked":"expansioncontent:StudyCardRelic"}],"items_purged_floors":[40],"is_endless":false,"potions_floor_spawned":[2,5,9,14,15,19,20,25,33,36,39,44,46,48,49,52],"ascension_level":0}}