{"host":"s9dep4x43c14s74h","time":1610439171,"event":{"mods":["BaseMod","Downfall","Gremlin Mod","Hermit","HololiveMod","Jorbs\u0027s Wanderer Trilogy","Lobotomy","Marisa????????","Minty Spire (QoL Compilation)","Replay The Spire","StSLib","The Animator","The Bug Knight","The Construct","The Cursed","The Necromancer","The Runesmith","The Servant 0.9.4"],"gold_per_floor":[99,112,128,142,160,172,222,147,167,167,192,211,136,170,187,292,292,292,303,303,303,319,357,382,405,422,422,436,463,474,501,516,619,619,544,561,22,34,43,43,43,43,43,71,84,84,84,130,143,143,143,143,143,143],"floor_reached":52,"playtime":7942,"items_purged":[],"score":836,"play_id":"8cdd292c-a1b8-48d9-9e64-08925cfbbc64","local_time":"20210112111251","is_ascension_mode":false,"campfire_choices":[{"data":"hexamod:Float","floor":1.0,"key":"SMITH"},{"data":"hexamod:GhostflameBarrier","floor":8.0,"key":"SMITH"},{"data":"hexamod:CatchUp","floor":13.0,"key":"SMITH"},{"floor":18.0,"key":"RECALL"},{"data":"Slimebound:CheckThePlaybook","floor":27.0,"key":"SMITH"},{"data":"hexamod:TimeOfNeed","floor":35.0,"key":"SMITH"},{"data":"ReplayTheSpireMod:Brewmster","floor":43.0,"key":"SMITH"},{"data":"Specialist","floor":47,"key":"SMITH"}],"circlet_count":0,"master_deck":["hexamod:Strike+1","hexamod:Strike","hexamod:Strike","hexamod:Strike+1","hexamod:Defend+1","hexamod:Defend+1","hexamod:Defend","hexamod:Defend","hexamod:Sear+1","hexamod:Float+1","hexamod:CatchUp+1","hexamod:FlamesFromBeyond+1","hexamod:GhostflameBarrier+1","hexamod:DynamicBlow","hexamod:FirstSeal","hexamod:SpectralAdrenaline+1","hexamod:SixthSeal","CurseOfTheBell","hexamod:SpectersWail+1","Slimebound:CheckThePlaybook+1","hexamod:TurnItUp+1","hexamod:FirstSeal","hexamod:HeatCrush","hexamod:SpectralAdrenaline+1","hexamod:GhostOfSpireFuture","hexamod:TimeOfNeed+1","hexamod:Hexaguard+1","hexamod:CrushingStance","Specialist+1","ReplayTheSpireMod:Brewmster+1","hexamod:NecessarySacrifice","hexamod:ShieldOfDarkness+1","hexamod:GhostflameBarrier+1","hexamod:Rewind+1","hexamod:SwordOfDarkness+1","hexamod:NightmareGuise+1","hexamod:TimeWarp"],"relics":["hexamod:SpiritBrand","ReplayTheSpireMod:TigerMarble","downfall:HeartBlessingBlue","ReplayTheSpireMod:Shallot","downfall:HeartBlessingGreen","Calling Bell","Tiny Chest","construct:FoamFinger","Dead Branch","downfall:RedIOU","Strawberry","Akabeko","ReplayFunnel","Hololive_LightStick","Centennial Puzzle","SlaversCollar","downfall:HeartBlessingRed","Replay:Bottled Flurry","StrikeDummy","Toxic Egg 2","Calipers","HollowMod:StagPassRelic","construct:RocketBooster"],"acts_visited":["Exordium","TheCity","TheBeyond","TheEnding"],"potions_floor_usage":[44,44,44,44,45,48,48,48,50,50,52,52],"damage_taken":[{"damage":0.0,"enemies":"Cultist","floor":2.0,"turns":3.0},{"damage":0.0,"enemies":"Jaw Worm","floor":3.0,"turns":4.0},{"damage":0.0,"enemies":"Small Slimes","floor":4.0,"turns":4.0},{"damage":0.0,"enemies":"2 Fungi Beasts","floor":5.0,"turns":3.0},{"damage":8.0,"enemies":"3 Louse","floor":6.0,"turns":4.0},{"damage":0.0,"enemies":"Blue Slaver","floor":9.0,"turns":4.0},{"damage":16.0,"enemies":"Lagavulin","floor":11.0,"turns":7.0},{"damage":0.0,"enemies":"Lots of Slimes","floor":12.0,"turns":5.0},{"damage":3.0,"enemies":"Gremlin Nob","floor":14.0,"turns":4.0},{"damage":3.0,"enemies":"Large Slime","floor":15.0,"turns":6.0},{"damage":26.0,"enemies":"downfall:Defect","floor":16.0,"turns":8.0},{"damage":0.0,"enemies":"Spheric Guardian","floor":19.0,"turns":3.0},{"damage":4.0,"enemies":"Shell Parasite","floor":22.0,"turns":5.0},{"damage":15.0,"enemies":"Snake Plant","floor":26.0,"turns":4.0},{"damage":6.0,"enemies":"Centurion and Healer","floor":28.0,"turns":8.0},{"damage":13.0,"enemies":"Gremlin Leader","floor":29.0,"turns":9.0},{"damage":0.0,"enemies":"Chosen and Byrds","floor":30.0,"turns":4.0},{"damage":27.0,"enemies":"Slavers","floor":31.0,"turns":6.0},{"damage":0.0,"enemies":"Snecko","floor":32.0,"turns":6.0},{"damage":33.0,"enemies":"downfall:Ironclad","floor":33.0,"turns":7.0},{"damage":20.0,"enemies":"3 Darklings","floor":36.0,"turns":4.0},{"damage":0.0,"enemies":"downfall:FleeingMerchant","floor":37.0,"turns":4.0},{"damage":4.0,"enemies":"3 Shapes","floor":38.0,"turns":3.0},{"damage":2.0,"enemies":"downfall:FleeingMerchant","floor":39.0,"turns":3.0},{"damage":0,"enemies":"Giant Head","floor":44,"turns":5},{"damage":33,"enemies":"Spire Growth","floor":45,"turns":5},{"damage":26,"enemies":"2 Orb Walkers","floor":48,"turns":3},{"damage":0,"enemies":"Transient","floor":49,"turns":5},{"damage":0,"enemies":"downfall:Watcher","floor":50,"turns":5},{"damage":115,"enemies":"downfall:CharBossMerchant","floor":52,"turns":7}],"seed_played":"1326108285507793187","potions_obtained":[{"floor":2.0,"key":"Dexterity Potion"},{"floor":3.0,"key":"BlessingOfTheForge"},{"floor":4.0,"key":"Elixir"},{"floor":14.0,"key":"Elixir"},{"floor":16.0,"key":"SteroidPotion"},{"floor":23.0,"key":"Doom Potion"},{"floor":29.0,"key":"hexamod:InfernoChargePotion"},{"floor":30.0,"key":"Slimebound:ThreeZeroPotion"},{"floor":31.0,"key":"LiquidBronze"},{"floor":32.0,"key":"DuplicationPotion"},{"floor":38.0,"key":"Slimebound:ThreeZeroPotion"},{"floor":45,"key":"Dexterity Potion"},{"floor":49,"key":"Guardian:BlockOnCardUsePotion"}],"is_trial":false,"path_per_floor":["R","M","M","M","M","M","T","R","M","?","E","M","R","E","M","B",null,"R","M","?","?","M","?","T","T","M","R","M","E","M","E","M","B",null,"R","M","$","M","$","?","T","$","R","E","M","T","R","?","M","B",null,"E"],"character_chosen":"THE_SPIRIT","items_purchased":["Specialist","ReplayTheSpireMod:Brewmster","Replay:Bottled Flurry","StrikeDummy","hexamod:GhostflameBarrier+1"],"campfire_rested":0,"item_purchase_floors":[37,37,37,39,39],"current_hp_per_floor":[70,70,70,70,70,62,62,72,72,77,69,69,69,73,77,58,85,85,85,85,56,59,45,45,45,44,44,52,53,67,58,72,53,92,92,86,92,92,90,90,90,90,90,92,73,73,73,47,54,61,92,0,0,0],"gold":143,"neow_bonus":"RANDOM_COMMON_RELIC","is_daily":false,"chose_seed":false,"campfire_upgraded":7,"win_rate":0.0,"timestamp":1610439171,"path_taken":["R","M","M","M","M","?","T","R","M","?","E","M","R","E","M","BOSS","R","M","?","?","M","?","T","?","?","R","M","E","M","E","M","BOSS","R","M","?","M","$","?","T","$","R","E","M","?","R","?","M","BOSS","E"],"items_purchased_type":["Card","Card","Relic","Relic","Card"],"build_version":"2020-12-22","purchased_purges":0,"victory":false,"max_hp_per_floor":[70,70,70,70,70,70,70,80,80,85,85,85,85,85,85,85,85,85,85,85,85,85,92,92,92,92,92,92,92,92,92,92,92,92,92,92,92,92,92,92,92,92,92,92,92,92,92,92,92,92,92,92,92,92],"card_choices":[{"not_picked":["hexamod:Hexaguard","hexamod:FastForward"],"picked":"hexamod:CatchUp","floor":2.0},{"not_picked":["hexamod:FourthSeal","hexamod:GhostLash"],"picked":"hexamod:FlamesFromBeyond","floor":3.0},{"not_picked":["hexamod:SpectersWail","hexamod:NightmareStrike"],"picked":"hexamod:GhostflameBarrier","floor":4.0},{"not_picked":["hexamod:ShieldOfDarkness","hexamod:NightmareStrike","hexamod:RainOfEmbers"],"picked":"SKIP","floor":5.0},{"not_picked":["hexamod:RainOfEmbers","hexamod:ThermalTransfer","hexamod:SecondSeal"],"picked":"SKIP","floor":6.0},{"not_picked":["hexamod:FastForward","hexamod:HauntingEcho","hexamod:Hexaguard"],"picked":"SKIP","floor":9.0},{"not_picked":["hexamod:GhostflameInferno","hexamod:GhostLash"],"picked":"hexamod:DynamicBlow","floor":11.0},{"not_picked":["hexamod:SpectersWail","hexamod:SuperheatedStrike"],"picked":"hexamod:FirstSeal","floor":12.0},{"not_picked":["hexamod:Hexaguard","hexamod:GhostShield","hexamod:HeatShield"],"picked":"SKIP","floor":14.0},{"not_picked":["hexamod:BurningTouch","hexamod:AdvancingGuard"],"picked":"hexamod:SpectralAdrenaline","floor":15.0},{"not_picked":["hexamod:GiftsFromTheDead","hexamod:EmpoweringStance"],"picked":"hexamod:SixthSeal","floor":16.0},{"not_picked":["hexamod:SuperheatedStrike","hexamod:RainOfEmbers"],"picked":"hexamod:SpectersWail","floor":19.0},{"not_picked":["hexamod:FastForward","hexamod:ThermalTransfer","hexamod:RainOfEmbers"],"picked":"SKIP","floor":22.0},{"not_picked":["hexamod:SpectersWail+1","hexamod:PhantomCloak"],"picked":"hexamod:TurnItUp","floor":23.0},{"not_picked":["hexamod:BacktrackSmack","hexamod:PhantomFireball"],"picked":"hexamod:FirstSeal","floor":23.0},{"not_picked":["hexamod:NightmareGuise+1","hexamod:GhostLash+1","hexamod:Hexaguard"],"picked":"SKIP","floor":26.0},{"not_picked":["hexamod:NecessarySacrifice","hexamod:GhostShield"],"picked":"hexamod:HeatCrush","floor":28.0},{"not_picked":["hexamod:NightmareStrike","hexamod:ShieldOfDarkness"],"picked":"hexamod:SpectralAdrenaline","floor":29.0},{"not_picked":["hexamod:Hexaguard","hexamod:ThermalTransfer","hexamod:BacktrackSmack"],"picked":"SKIP","floor":30.0},{"not_picked":["hexamod:SpectralAdrenaline","hexamod:Toasty"],"picked":"hexamod:GhostOfSpireFuture","floor":31.0},{"not_picked":["hexamod:ShieldOfDarkness+1","hexamod:RetreatToShadows","hexamod:BacktrackSmack"],"picked":"SKIP","floor":32.0},{"not_picked":["hexamod:Toasty","hexamod:FifthSeal"],"picked":"hexamod:TimeOfNeed","floor":33.0},{"not_picked":["hexamod:SpectersWail","hexamod:NightmareGuise"],"picked":"hexamod:Hexaguard+1","floor":36.0},{"not_picked":["hexamod:SpectralAdrenaline","hexamod:Hexaguard"],"picked":"hexamod:CrushingStance","floor":37.0},{"not_picked":["hexamod:SpectralAdrenaline+1","hexamod:Incineration+1"],"picked":"hexamod:NecessarySacrifice","floor":38.0},{"not_picked":["hexamod:GhostLash+1","hexamod:BacktrackSmack+1"],"picked":"hexamod:ShieldOfDarkness+1","floor":39.0},{"not_picked":["hexamod:RainOfEmbers","hexamod:BacktrackSmack+1"],"picked":"hexamod:Rewind+1","floor":44},{"not_picked":["hexamod:Hexaguard+1","hexamod:RetreatToShadows+1"],"picked":"hexamod:SwordOfDarkness+1","floor":45},{"not_picked":["hexamod:HauntingEcho","hexamod:Firestarter+1"],"picked":"hexamod:NightmareGuise+1","floor":48},{"not_picked":["hexamod:RecurringNightmare+1","hexamod:InspiringFlames+1"],"picked":"hexamod:TimeWarp","floor":49}],"player_experience":859256,"relics_obtained":[{"floor":11.0,"key":"ReplayTheSpireMod:Shallot"},{"floor":14.0,"key":"Guardian:PocketSentry"},{"floor":17.0,"key":"Tiny Chest"},{"floor":17.0,"key":"construct:FoamFinger"},{"floor":17.0,"key":"Dead Branch"},{"floor":23.0,"key":"Strawberry"},{"floor":24.0,"key":"Akabeko"},{"floor":25.0,"key":"ReplayFunnel"},{"floor":29.0,"key":"Hololive_LightStick"},{"floor":31.0,"key":"Centennial Puzzle"},{"floor":41.0,"key":"Toxic Egg 2"},{"floor":44,"key":"Calipers"},{"floor":46,"key":"HollowMod:StagPassRelic"},{"floor":48,"key":"construct:RocketBooster"}],"event_choices":[{"damage_healed":0.0,"max_hp_gain":5.0,"max_hp_loss":0.0,"gold_gain":0.0,"event_name":"Big Fish","player_choice":"Donut","floor":10.0,"gold_loss":0.0,"damage_taken":0.0},{"damage_healed":0,"gold_gain":0,"player_choice":"Fight","damage_taken":0,"max_hp_gain":0,"max_hp_loss":0,"event_name":"Mysterious Sphere","floor":48,"gold_loss":0}],"is_beta":false,"boss_relics":[{"not_picked":["Ring of Chaos","downfall:Hecktoplasm"],"picked":"Calling Bell"},{"not_picked":["construct:ClawGrip","hexamod:IceCube"],"picked":"SlaversCollar"}],"items_purged_floors":[],"is_endless":false,"potions_floor_spawned":[2,3,4,14,16,29,30,31,32,38,45,49],"killed_by":"downfall:CharBossMerchant","ascension_level":0}}