{"host":"61r95uy0hn86b9iu","time":1610420453,"event":{"mods":["AchievementEnabler","BaseMod","Better Vampires","BetterRewards","Colored Powertips","Hubris","Minty Spire (QoL Compilation)","Shop Mod","StSLib"],"gold_per_floor":[118,141,150,159,188,188,224,224,224,268,268,316,33,61,61,195,195,222,222,222,222,242,242,257,257,257,279,49,49,83,112,112,224,224,240,253,56,106,123,123,164,187,187,213,256,3,29,29,29,29,29,29,44,77,77],"floor_reached":56,"playtime":2270,"items_purged":["Strike_B","Pain","Injury","Strike_B"],"score":2305,"play_id":"a1fb19d0-9009-4764-8cea-f1cde7542162","local_time":"20210111210053","is_ascension_mode":true,"campfire_choices":[{"data":"Rainbow","floor":6.0,"key":"SMITH"},{"floor":8.0,"key":"REST"},{"floor":11.0,"key":"REST"},{"floor":15.0,"key":"REST"},{"data":"Defragment","floor":23.0,"key":"SMITH"},{"data":"Defragment","floor":25.0,"key":"SMITH"},{"data":"Defragment","floor":29.0,"key":"SMITH"},{"data":"Seek","floor":32.0,"key":"SMITH"},{"data":"Zap","floor":40.0,"key":"SMITH"},{"floor":49.0,"key":"RECALL"},{"data":"hubris:PowerSurge","floor":52.0,"key":"SMITH"}],"circlet_count":0,"master_deck":["AscendersBane","Strike_B+1","Strike_B+1","Defend_B","Defend_B","Defend_B","Defend_B","Zap+1","Dualcast","Defragment+1","Defragment+1","Defragment+1","BootSequence","Rainbow+1","Conserve Battery","Conserve Battery","hubris:PowerSurge+1","Seek+1","Conserve Battery","Skim+1","Streamline+1","Panacea+1","Hologram+1","Seek+1","Double Energy+1","Fusion+1","Darkness+1","Buffer","Reinforced Body+1","Capacitor+1"],"relics":["Cracked Core","CeramicFish","Bloody Idol","WarpedTongs","Bottled Lightning","Toy Ornithopter","PreservedInsect","Ancient Tea Set","hubris:ScarierMask","Toxic Egg 2","Matryoshka","Runic Capacitor","hubris:Stopwatch","Happy Flower","FossilizedHelix","Blood Vial","MerchantsRug","Whetstone"],"acts_visited":["Exordium","TheCity","TheBeyond","TheEnding"],"potions_floor_usage":[55,55,55,55,55,55,55,55,55],"damage_taken":[{"damage":0.0,"enemies":"2 Louse","floor":1.0,"turns":3.0},{"damage":2.0,"enemies":"Jaw Worm","floor":2.0,"turns":3.0},{"damage":2.0,"enemies":"Cultist","floor":5.0,"turns":3.0},{"damage":10.0,"enemies":"Lagavulin","floor":7.0,"turns":4.0},{"damage":18.0,"enemies":"3 Sentries","floor":10.0,"turns":6.0},{"damage":12.0,"enemies":"Lagavulin","floor":12.0,"turns":5.0},{"damage":3.0,"enemies":"Red Slaver","floor":14.0,"turns":4.0},{"damage":16.0,"enemies":"Slime Boss","floor":16.0,"turns":11.0},{"damage":0.0,"enemies":"Shell Parasite","floor":18.0,"turns":4.0},{"damage":4.0,"enemies":"Spheric Guardian","floor":22.0,"turns":5.0},{"damage":9.0,"enemies":"Cultist and Chosen","floor":24.0,"turns":7.0},{"damage":0.0,"enemies":"Sentry and Sphere","floor":27.0,"turns":3.0},{"damage":0.0,"enemies":"Slavers","floor":30.0,"turns":3.0},{"damage":0.0,"enemies":"Snake Plant","floor":31.0,"turns":4.0},{"damage":0.0,"enemies":"Champ","floor":33.0,"turns":9.0},{"damage":0.0,"enemies":"Orb Walker","floor":35.0,"turns":4.0},{"damage":0.0,"enemies":"3 Shapes","floor":36.0,"turns":4.0},{"damage":0.0,"enemies":"Mind Bloom Boss Battle","floor":38.0,"turns":6.0},{"damage":0.0,"enemies":"3 Darklings","floor":39.0,"turns":6.0},{"damage":20.0,"enemies":"Nemesis","floor":41.0,"turns":5.0},{"damage":10.0,"enemies":"Maw","floor":42.0,"turns":6.0},{"damage":0.0,"enemies":"Writhing Mass","floor":44.0,"turns":6.0},{"damage":41.0,"enemies":"Reptomancer","floor":45.0,"turns":8.0},{"damage":0.0,"enemies":"Sphere and 2 Shapes","floor":47.0,"turns":3.0},{"damage":0.0,"enemies":"Donu and Deca","floor":50.0,"turns":8.0},{"damage":12.0,"enemies":"Shield and Spear","floor":54.0,"turns":6.0},{"damage":76,"enemies":"The Heart","floor":55,"turns":13}],"seed_played":"5819628867267277266","potions_obtained":[{"floor":2.0,"key":"Fire Potion"},{"floor":5.0,"key":"Swift Potion"},{"floor":7.0,"key":"SpeedPotion"},{"floor":14.0,"key":"Block Potion"},{"floor":22.0,"key":"SpeedPotion"},{"floor":24.0,"key":"Fire Potion"},{"floor":30.0,"key":"ColorlessPotion"},{"floor":31.0,"key":"Weak Potion"},{"floor":36.0,"key":"SteroidPotion"},{"floor":38.0,"key":"Dexterity Potion"},{"floor":45.0,"key":"PowerPotion"},{"floor":54.0,"key":"LiquidBronze"}],"is_trial":false,"path_per_floor":["M","M","?","?","M","R","E","R","T","E","R","E","$","M","R","B",null,"M","T","T","?","M","R","M","R","T","M","$","R","E","M","R","B",null,"M","M","$","?","M","R","E","M","T","M","E","$","M","?","R","B",null,"R","$","E","B",null],"character_chosen":"DEFECT","items_purchased":["Defragment","Defragment","CeramicFish","Conserve Battery","Ancient Tea Set","Runic Capacitor","Panacea+1","PotionOfCapacity","Reinforced Body+1","MerchantsRug","EntropicBrew"],"campfire_rested":3,"item_purchase_floors":[0,0,0,13,13,28,28,37,46,46,46],"current_hp_per_floor":[50,48,48,48,46,46,36,58,58,40,62,60,60,57,75,59,71,71,71,71,71,75,75,71,71,71,75,75,75,75,75,75,75,75,75,75,75,75,75,75,65,65,65,75,54,74,85,81,81,81,81,81,81,74,45],"gold":77,"neow_bonus":"","is_daily":false,"chose_seed":false,"campfire_upgraded":7,"win_rate":0.0,"timestamp":1610420453,"path_taken":["M","M","?","?","?","R","E","R","T","E","R","E","$","M","R","BOSS","M","?","?","?","M","R","M","R","T","?","$","R","E","M","R","BOSS","M","M","$","?","M","R","E","M","T","M","E","$","M","?","R","BOSS","R","$","E","BOSS"],"items_purchased_type":["Card","Card","Relic","Card","Relic","Relic","Card","Potion","Card","Relic","Potion"],"build_version":"2020-12-22","purchased_purges":4,"victory":true,"max_hp_per_floor":[75,75,75,75,75,75,75,75,75,75,75,75,75,75,75,75,75,75,75,75,75,75,75,75,75,75,75,75,75,75,75,75,75,75,75,75,75,75,75,75,75,75,75,75,85,85,85,81,81,81,81,81,81,81,81],"card_choices":[{"not_picked":["Reprogram","Redo"],"picked":"Defragment","floor":1.0},{"not_picked":["Tempest","Ball Lightning"],"picked":"BootSequence","floor":2.0},{"not_picked":["Rebound","Steam"],"picked":"Rainbow","floor":5.0},{"not_picked":["Biased Cognition","Heatsinks","Hologram"],"picked":"SKIP","floor":7.0},{"not_picked":["Barrage","Rebound","Genetic Algorithm"],"picked":"SKIP","floor":10.0},{"not_picked":["Chaos","Hologram"],"picked":"Conserve Battery","floor":12.0},{"not_picked":["Self Repair","Turbo"],"picked":"hubris:PowerSurge","floor":14.0},{"not_picked":["Fission","Multi-Cast"],"picked":"Seek","floor":16.0},{"not_picked":["Sunder","Turbo"],"picked":"Conserve Battery","floor":18.0},{"not_picked":["Scrape","Gash+1"],"picked":"Skim+1","floor":22.0},{"not_picked":["Sweeping Beam","Ball Lightning","Stack+1"],"picked":"SKIP","floor":24.0},{"not_picked":["Gash","Recycle+1"],"picked":"Streamline+1","floor":27.0},{"not_picked":["Turbo+1","Blizzard","Steam+1"],"picked":"SKIP","floor":30.0},{"not_picked":["Cold Snap+1","Doom and Gloom"],"picked":"Hologram+1","floor":31.0},{"not_picked":["Reboot+1","hubris:SpecializedCircuitry"],"picked":"Seek+1","floor":33.0},{"not_picked":["Redo+1","Melter","Go for the Eyes"],"picked":"SKIP","floor":35.0},{"not_picked":["Redo+1","Rip and Tear+1","Compile Driver"],"picked":"SKIP","floor":36.0},{"not_picked":["Redo+1","Streamline+1","Rebound"],"picked":"SKIP","floor":39.0},{"not_picked":["Creative AI","Redo+1"],"picked":"Double Energy+1","floor":41.0},{"not_picked":["Ball Lightning+1","Streamline"],"picked":"Fusion+1","floor":42.0},{"not_picked":["Scrape+1","Defragment"],"picked":"Darkness+1","floor":44.0},{"not_picked":["Rebound","Sweeping Beam+1"],"picked":"Buffer","floor":45.0},{"not_picked":["Sunder+1","Go for the Eyes"],"picked":"Capacitor+1","floor":47.0},{"not_picked":["Scrape+1","All For One","Rebound"],"picked":"SKIP","floor":54.0}],"player_experience":3274400,"relics_obtained":[{"floor":7.0,"key":"Bottled Lightning"},{"floor":9.0,"key":"Darkstone Periapt"},{"floor":10.0,"key":"Toy Ornithopter"},{"floor":12.0,"key":"PreservedInsect"},{"floor":20.0,"key":"Toxic Egg 2"},{"floor":26.0,"key":"Matryoshka"},{"floor":30.0,"key":"hubris:CrystalStatue"},{"floor":38.0,"key":"Girya"},{"floor":41.0,"key":"Happy Flower"},{"floor":43.0,"key":"FossilizedHelix"},{"floor":43.0,"key":"Blood Vial"},{"floor":45.0,"key":"Pear"},{"floor":54.0,"key":"Whetstone"}],"event_choices":[{"damage_healed":0.0,"max_hp_gain":0.0,"max_hp_loss":0.0,"gold_gain":0.0,"event_name":"Golden Idol","player_choice":"Take Wound","floor":3.0,"gold_loss":0.0,"damage_taken":0.0,"relics_obtained":["Golden Idol"],"cards_obtained":["Injury"]},{"damage_healed":0.0,"max_hp_gain":0.0,"max_hp_loss":0.0,"gold_gain":0.0,"event_name":"Accursed Blacksmith","player_choice":"Rummage","floor":4.0,"gold_loss":0.0,"damage_taken":0.0,"relics_obtained":["WarpedTongs"],"cards_obtained":["Pain"]},{"damage_healed":0.0,"max_hp_gain":0.0,"max_hp_loss":0.0,"gold_gain":0.0,"event_name":"Forgotten Altar","player_choice":"Gave Idol","floor":21.0,"relics_lost":["Golden Idol"],"gold_loss":0.0,"damage_taken":0.0,"relics_obtained":["Bloody Idol"]},{"damage_healed":0.0,"max_hp_gain":0.0,"max_hp_loss":0.0,"gold_gain":0.0,"event_name":"MindBloom","player_choice":"Fight","floor":38.0,"gold_loss":0.0,"damage_taken":0.0},{"damage_healed":0.0,"max_hp_gain":0.0,"max_hp_loss":4.0,"gold_gain":0.0,"event_name":"Winding Halls","player_choice":"Max HP","floor":48.0,"gold_loss":0.0,"damage_taken":0.0}],"is_beta":false,"boss_relics":[{"not_picked":["Busted Crown","hubris:HollowSoul"],"picked":"hubris:ScarierMask"},{"not_picked":["hubris:BlackHole","Velvet Choker"],"picked":"hubris:Stopwatch"}],"items_purged_floors":[0,13,37,46],"is_endless":false,"potions_floor_spawned":[2,5,7,14,22,24,30,31,36,38,45,47,54],"ascension_level":10}}