{"host":"hfxp6ue4pvwo3fit","time":1610417342,"event":{"mods":["AchievementEnabler","BaseMod","Colored Map","Colored Powertips","Highlight Path","Minty Spire (QoL Compilation)","Relic Stats","StSLib","SuperFastMode"],"gold_per_floor":[165,222,242,167,185,218,218,233,260,290,290,365,399,413,413,413,413],"floor_reached":16,"playtime":485,"items_purged":[],"score":240,"play_id":"2697f96d-aa64-48d4-8fe1-4744a1e3c8c9","local_time":"20210111200902","is_ascension_mode":true,"campfire_choices":[{"data":"Whirlwind","floor":7,"key":"SMITH"},{"floor":11,"key":"REST"},{"data":"Pommel Strike","floor":15,"key":"SMITH"}],"circlet_count":0,"master_deck":["AscendersBane","Strike_R","Strike_R","Strike_R","Strike_R","Defend_R","Defend_R","Defend_R","Defend_R","Bash+1","Pommel Strike+1","Wild Strike","Offering","Feel No Pain","Whirlwind+1","Dropkick","Shrug It Off","Sever Soul","Clothesline"],"relics":["Tiny House","Anchor","Strawberry","Boot","Gambling Chip"],"acts_visited":["Exordium"],"potions_floor_usage":[6,10,13,16],"damage_taken":[{"damage":9,"enemies":"Jaw Worm","floor":1,"turns":3},{"damage":0,"enemies":"Small Slimes","floor":3,"turns":2},{"damage":6,"enemies":"Cultist","floor":5,"turns":2},{"damage":15,"enemies":"3 Sentries","floor":6,"turns":7},{"damage":7,"enemies":"3 Louse","floor":8,"turns":2},{"damage":14,"enemies":"Gremlin Nob","floor":10,"turns":3},{"damage":13,"enemies":"Lagavulin","floor":13,"turns":5},{"damage":6,"enemies":"Blue Slaver","floor":14,"turns":1},{"damage":108,"enemies":"The Guardian","floor":16,"turns":12}],"seed_played":"-6990401347506798915","potions_obtained":[{"floor":0,"key":"FairyPotion"},{"floor":3,"key":"Regen Potion"},{"floor":5,"key":"Strength Potion"},{"floor":8,"key":"Strength Potion"},{"floor":10,"key":"DistilledChaos"},{"floor":14,"key":"ElixirPotion"}],"is_trial":false,"path_per_floor":["M","?","M","?","M","E","R","M","T","E","R","?","E","M","R","B"],"character_chosen":"IRONCLAD","items_purchased":[],"campfire_rested":1,"item_purchase_floors":[],"current_hp_per_floor":[64,64,64,64,58,43,43,36,43,29,55,44,31,25,25,0,0],"gold":413,"neow_bonus":"BOSS_RELIC","is_daily":false,"chose_seed":false,"campfire_upgraded":2,"win_rate":0.0,"timestamp":1610417342,"path_taken":["M","?","M","?","M","E","R","M","T","E","R","?","E","?","R","BOSS"],"items_purchased_type":[],"build_version":"2020-12-22","purchased_purges":0,"victory":false,"max_hp_per_floor":[80,80,80,80,80,80,80,80,87,87,87,87,87,87,87,87,87],"relic_stats":{"counters":[9,37],"Gambling Chip":[5],"Boot":[11],"obtain_stats":[{"Anchor":6,"Tiny House":0,"Strawberry":9,"Gambling Chip":13,"Boot":10,"Burning Blood":0},{"Anchor":4,"Tiny House":0,"Strawberry":5,"Gambling Chip":7,"Boot":6,"Burning Blood":0},{"Anchor":14,"Tiny House":0,"Strawberry":16,"Gambling Chip":24,"Boot":19,"Burning Blood":0}]},"card_choices":[{"not_picked":["Heavy Blade","Intimidate"],"picked":"Pommel Strike","floor":0},{"not_picked":["Ghostly Armor","Bloodletting"],"picked":"Wild Strike","floor":1},{"not_picked":["Thunderclap","Anger"],"picked":"Offering","floor":3},{"not_picked":["Armaments","Power Through"],"picked":"Feel No Pain","floor":5},{"not_picked":["Pummel","Armaments"],"picked":"Whirlwind","floor":6},{"not_picked":["Clash","Shrug It Off"],"picked":"Dropkick","floor":8},{"not_picked":["Barricade","Thunderclap"],"picked":"Shrug It Off","floor":10},{"not_picked":["Thunderclap","Seeing Red"],"picked":"Sever Soul","floor":13},{"not_picked":["Rupture","Entrench"],"picked":"Clothesline","floor":14}],"player_experience":499053,"relics_obtained":[{"floor":6,"key":"Anchor"},{"floor":9,"key":"Strawberry"},{"floor":10,"key":"Boot"},{"floor":13,"key":"Gambling Chip"}],"event_choices":[{"damage_healed":0,"gold_gain":57,"player_choice":"Gained Gold","damage_taken":0,"max_hp_gain":0,"max_hp_loss":0,"event_name":"Golden Wing","floor":2,"gold_loss":0},{"cards_removed":["Strike_R"],"damage_healed":0,"gold_gain":0,"player_choice":"Card Removal","damage_taken":0,"max_hp_gain":0,"max_hp_loss":0,"event_name":"The Cleric","floor":4,"gold_loss":75},{"damage_healed":0,"gold_gain":75,"player_choice":"Gather Gold","damage_taken":11,"max_hp_gain":0,"max_hp_loss":0,"event_name":"World of Goop","floor":12,"gold_loss":0}],"is_beta":false,"boss_relics":[],"items_purged_floors":[],"is_endless":false,"potions_floor_spawned":[3,5,8,10,14],"killed_by":"The Guardian","ascension_level":20}}