{"host":"qhn6g0owdgjb77rz","time":1610470528,"event":{"mods":["BaseMod","BetterRewards","Colored Map","Minty Spire (QoL Compilation)","Relic Sorter","Replay The Spire","StSLib"],"gold_per_floor":[111,127,127,138,15,15,49,60,60,60,60,104,104,138,138,227,227,250,263,283,297,311,311,347,371,394,438,438,461,461,511,511,601,701,717,735,754,496,496,537,537,537,537,581,604,638,651,687,687,687],"floor_reached":51,"playtime":3485,"items_purged":[],"score":1874,"play_id":"a955bdce-2643-4fd6-bf83-474a566ac8e6","local_time":"20210113015528","is_ascension_mode":true,"campfire_choices":[{"data":"White Noise","floor":6.0,"key":"SMITH"},{"data":"Skim","floor":11,"key":"SMITH"},{"data":"Self Repair","floor":13,"key":"SMITH"},{"floor":15,"key":"REST"},{"data":"Zap","floor":23,"key":"SMITH"},{"data":"BootSequence","floor":28,"key":"SMITH"},{"data":"Chaos","floor":30,"key":"SMITH"},{"data":"Streamline","floor":32,"key":"SMITH"},{"data":"Beam Cell","floor":41,"key":"SMITH"},{"data":"1","floor":49,"key":"LIFT"}],"circlet_count":0,"master_deck":["AscendersBane","Strike_B","Strike_B","Strike_B","Strike_B","Defend_B","Defend_B","Defend_B","Defend_B","Zap+1","Dualcast","Self Repair+1","Skim+1","Apotheosis+1","White Noise+1","Auto Shields","Streamline+1","Conserve Battery","Glacier","Machine Learning+1","Beam Cell+1","Echo Form+1","Conserve Battery","Chaos+1","BootSequence+1","Barrage","Amplify","Hologram+1","Reinforced Body+1","Heatsinks+1","Madness","Madness","Static Discharge+1","Reinforced Body+1"],"relics":["Cracked Core","Mirror","Carrot","TheAbacus","Replay:Towering Pillar of Hats","Bird Faced Urn","ReplayTheSpireMod:Lightbulb","MealTicket","Golden Idol","Frozen Egg 2","Ginger","Inserter","Lizard Tail","Omamori","Letter Opener","Replay:Wanted Poster","Medical Kit","Replay:Mystery Machine","Girya","Mercury Hourglass","Pet Ghost","Strawberry"],"acts_visited":["Exordium","TheCity","TheBeyond"],"potions_floor_usage":[7,12,15,18,20,24,50,50],"damage_taken":[{"damage":0.0,"enemies":"Small Slimes","floor":1.0,"turns":3.0},{"damage":0.0,"enemies":"Cultist","floor":2.0,"turns":2.0},{"damage":0.0,"enemies":"2 Louse","floor":4.0,"turns":2.0},{"damage":30,"enemies":"Gremlin Nob","floor":7,"turns":5},{"damage":2,"enemies":"Lots of Slimes","floor":8,"turns":4},{"damage":0,"enemies":"Lagavulin","floor":12,"turns":5},{"damage":41,"enemies":"Gremlin Nob","floor":14,"turns":5},{"damage":3,"enemies":"Fading Forest","floor":16,"turns":11},{"damage":10,"enemies":"2 Thieves","floor":18,"turns":2},{"damage":6,"enemies":"Shell Parasite","floor":19,"turns":7},{"damage":22,"enemies":"Snake Plant","floor":20,"turns":6},{"damage":24,"enemies":"3 Cultists","floor":21,"turns":7},{"damage":11,"enemies":"Centurion and Healer","floor":22,"turns":9},{"damage":19,"enemies":"Gremlin Leader","floor":24,"turns":8},{"damage":36,"enemies":"Snake Plant","floor":25,"turns":6},{"damage":17,"enemies":"Replay:Snechameleon","floor":27,"turns":6},{"damage":25,"enemies":"Shelled Parasite and Fungi","floor":29,"turns":5},{"damage":44,"enemies":"Pondfish","floor":33,"turns":9},{"damage":6,"enemies":"Orb Walker","floor":35,"turns":4},{"damage":0,"enemies":"3 Darklings","floor":36,"turns":8},{"damage":13,"enemies":"Maw","floor":37,"turns":6},{"damage":9,"enemies":"Nemesis","floor":40,"turns":7},{"damage":38,"enemies":"R_Hoarder","floor":44,"turns":10},{"damage":8,"enemies":"Writhing Mass","floor":45,"turns":6},{"damage":24,"enemies":"Reptomancer","floor":46,"turns":6},{"damage":4,"enemies":"3 Darklings","floor":47,"turns":7},{"damage":0,"enemies":"R_Hoarder","floor":48,"turns":6},{"damage":57,"enemies":"Time Eater","floor":50,"turns":10}],"seed_played":"-7434597882994374152","potions_obtained":[{"floor":1.0,"key":"Ancient Potion"},{"floor":7,"key":"PowerPotion"},{"floor":8,"key":"Swift Potion"},{"floor":14,"key":"Fruit Juice"},{"floor":16,"key":"Energy Potion"},{"floor":21,"key":"AttackPotion"},{"floor":22,"key":"Weak Potion"},{"floor":29,"key":"Reflective Coating"},{"floor":35,"key":"FocusPotion"},{"floor":44,"key":"ColorlessPotion"}],"is_trial":false,"path_per_floor":["M","M","?","M","$","R","E","M","T","?","R","E","R","E","R","B",null,"M","M","M","M","M","R","E","M","T","E","R","M","R","?","R","B",null,"M","M","M","$","?","E","R","?","T","E","M","E","M","E","R","B",null],"character_chosen":"DEFECT","items_purchased":["Mirror","Carrot","TheAbacus","Self Repair","Skim","Apotheosis","White Noise","Bird Faced Urn","Auto Shields","Adrenaline Potion","Machine Learning+1","Heatsinks+1","Medical Kit"],"campfire_rested":1,"item_purchase_floors":[0,0,0,0,0,0,0,0,0,0,5,38,38],"current_hp_per_floor":[71,71,71,71,71,71,48,62,62,38,38,42,42,17,43,56,71,76,76,70,64,71,71,76,58,58,49,49,56,56,56,56,42,68,76,76,76,76,76,73,73,59,59,53,69,67,76,83,83,53],"gold":687,"neow_bonus":"","is_daily":false,"chose_seed":false,"campfire_upgraded":8,"win_rate":0.0,"timestamp":1610470528,"path_taken":["M","M","?","M","$","R","E","?","T","?","R","E","R","E","R","BOSS","M","M","M","M","M","R","E","M","T","E","R","M","R","?","R","BOSS","M","M","?","$","?","E","R","?","T","E","M","E","M","E","R","BOSS"],"items_purchased_type":["Relic","Relic","Relic","Card","Card","Card","Card","Relic","Card","Potion","Card","Card","Relic"],"build_version":"2020-12-22","purchased_purges":0,"victory":true,"max_hp_per_floor":[71,71,71,71,71,71,71,71,71,71,71,71,71,71,76,76,76,76,76,76,76,76,76,76,76,76,76,76,76,76,76,76,76,76,76,76,76,76,76,76,76,76,76,76,76,76,76,83,83,83],"card_choices":[{"not_picked":["Stack","Doom and Gloom"],"picked":"Streamline","floor":1.0},{"not_picked":["Stack","BasicCrystalCard"],"picked":"Conserve Battery","floor":2.0},{"not_picked":["Steam","Sweeping Beam"],"picked":"Glacier","floor":4.0},{"not_picked":["Steam Power","Cold Snap","ReplayTheSpireMod:System Scan"],"picked":"SKIP","floor":7},{"not_picked":["Leap","Barrage"],"picked":"Beam Cell","floor":8},{"not_picked":["Tempest","Hologram","Cold Snap"],"picked":"SKIP","floor":12},{"not_picked":["Hello World+1","Hyperbeam","ReplayRNGCard"],"picked":"SKIP","floor":14},{"not_picked":["ReplayTheSpireMod:Omega Cannon","ReplayRNGCard"],"picked":"Echo Form+1","floor":16},{"not_picked":["Sweeping Beam","Double Energy","Redo"],"picked":"SKIP","floor":18},{"not_picked":["Hello World+1","ReplayTheSpireMod:System Scan","Beam Cell"],"picked":"SKIP","floor":19},{"not_picked":["Steam Power","Ball Lightning+1","Sweeping Beam"],"picked":"SKIP","floor":20},{"not_picked":["Ball Lightning","Turbo"],"picked":"Conserve Battery","floor":21},{"not_picked":["Thunder Strike","Cold Snap+1","Stack"],"picked":"SKIP","floor":22},{"not_picked":["Panic Button","Go for the Eyes"],"picked":"Chaos","floor":24},{"not_picked":["Chaos","Beam Cell"],"picked":"BootSequence","floor":25},{"not_picked":["Time Bomb","FIFO Queue+1","BasicCrystalCard"],"picked":"SKIP","floor":27},{"not_picked":["Coolheaded","FIFO Queue+1"],"picked":"Barrage","floor":29},{"not_picked":["Meteor Strike","Mirror Shield"],"picked":"Amplify","floor":33},{"not_picked":["Sunder","Leap"],"picked":"Hologram+1","floor":35},{"not_picked":["Leap","Cold Snap","Turbo"],"picked":"SKIP","floor":36},{"not_picked":["Stack+1","Leap"],"picked":"Reinforced Body+1","floor":37},{"not_picked":["Cold Snap+1","Beam Cell","Sunder"],"picked":"SKIP","floor":40},{"not_picked":["Compile Driver","BasicCrystalCard"],"picked":"Static Discharge+1","floor":44},{"not_picked":["Sweeping Beam","Rip and Tear","Streamline"],"picked":"SKIP","floor":45},{"not_picked":["Redo","Biased Cognition+1","Undo"],"picked":"SKIP","floor":46},{"not_picked":["Compile Driver","Sweeping Beam"],"picked":"Reinforced Body+1","floor":47},{"not_picked":["Steam","Redo+1","Chaos"],"picked":"SKIP","floor":48}],"player_experience":461701,"relics_obtained":[{"floor":7,"key":"ReplayTheSpireMod:Lightbulb"},{"floor":9,"key":"MealTicket"},{"floor":12,"key":"Frozen Egg 2"},{"floor":14,"key":"Ginger"},{"floor":24,"key":"Lizard Tail"},{"floor":26,"key":"Omamori"},{"floor":27,"key":"Letter Opener"},{"floor":40,"key":"Replay:Mystery Machine"},{"floor":43,"key":"Girya"},{"floor":44,"key":"Mercury Hourglass"},{"floor":46,"key":"Pet Ghost"},{"floor":48,"key":"Strawberry"}],"event_choices":[{"damage_healed":0.0,"max_hp_gain":0.0,"max_hp_loss":0.0,"gold_gain":0.0,"event_name":"Upgrade Shrine","player_choice":"Upgraded","floor":3.0,"gold_loss":0.0,"damage_taken":0.0,"cards_upgraded":["Apotheosis"]},{"damage_healed":0,"gold_gain":0,"player_choice":"Take Damage","damage_taken":24,"relics_obtained":["Golden Idol"],"max_hp_gain":0,"max_hp_loss":0,"event_name":"Golden Idol","floor":10,"gold_loss":0},{"damage_healed":0,"gold_gain":50,"player_choice":"Pray","damage_taken":0,"max_hp_gain":0,"max_hp_loss":0,"event_name":"Golden Shrine","floor":31,"gold_loss":0},{"damage_healed":0,"gold_gain":0,"player_choice":"Ignored","damage_taken":0,"max_hp_gain":0,"max_hp_loss":0,"event_name":"Tomb of Lord Red Mask","floor":39,"gold_loss":0},{"damage_healed":0,"gold_gain":0,"player_choice":"Embrace Madness","damage_taken":14,"max_hp_gain":0,"max_hp_loss":0,"event_name":"Winding Halls","floor":42,"gold_loss":0,"cards_obtained":["Madness","Madness"]}],"is_beta":false,"boss_relics":[{"not_picked":["Replay:Drink Me","FrozenCore"],"picked":"Inserter"},{"not_picked":["Tiny House","Snecko Eye"],"picked":"Replay:Wanted Poster"}],"items_purged_floors":[],"is_endless":false,"potions_floor_spawned":[1,7,8,14,16,21,22,29,35,44,46,48],"ascension_level":16}}