{"host":"qhn6g0owdgjb77rz","time":1610466981,"event":{"mods":["BaseMod","BetterRewards","Colored Map","Minty Spire (QoL Compilation)","Relic Sorter","Replay The Spire","StSLib"],"gold_per_floor":[114,114,131,148,168,195,195,225,303,334,361,371,371,371,371,447,447,459,384,274,288,301,301,329,329,329,348,366,378,378,53,53,128,128,139,184,194,519,519,549,549,580,580,614,4,17,17,37,37,37],"floor_reached":51,"playtime":3170,"items_purged":["Strike_G"],"score":2945,"play_id":"9a476919-42ea-49d2-8102-6a0db53cc6a7","local_time":"20210113005621","is_ascension_mode":true,"campfire_choices":[{"data":"After Image","floor":7,"key":"SMITH"},{"data":"Calculated Gamble","floor":15,"key":"SMITH"},{"data":"Prepared","floor":15,"key":"SMITH"},{"data":"Hidden Blade","floor":23,"key":"SMITH"},{"data":"Terror","floor":23,"key":"SMITH"},{"data":"Hidden Blade","floor":25,"key":"SMITH"},{"data":"Prepared","floor":25,"key":"SMITH"},{"data":"Prepared","floor":30,"key":"SMITH"},{"data":"Secret Technique","floor":30,"key":"SMITH"},{"data":"After Image","floor":32,"key":"SMITH"},{"data":"Neutralize","floor":32,"key":"SMITH"},{"data":"Madness","floor":41,"key":"SMITH"},{"data":"Acrobatics","floor":41,"key":"SMITH"},{"data":"Accuracy","floor":47,"key":"SMITH"},{"data":"Tools of the Trade","floor":47,"key":"SMITH"},{"data":"1","floor":49,"key":"LIFT"}],"circlet_count":0,"master_deck":["AscendersBane","Strike_G","Strike_G","Defend_G","Defend_G+1","Defend_G","Defend_G","Defend_G","Survivor","Neutralize+1","ReplayTheSpireMod:Scrap Shanks+1","ReplayTheSpireMod:Speed Training","Secret Technique+1","ReplayTheSpireMod:Scrap Shanks+1","ReplayTheSpireMod:Scrap Shanks+1","Prepared+1","Dagger Throw","Infinite Blades","After Image+1","Hidden Blade+1","Calculated Gamble+1","Prepared+1","Concentrate+1","Corpse Explosion","Accuracy+1","Terror+1","Hidden Blade+1","Prepared+1","Prepared+1","After Image+1","Tools of the Trade+1","Reflex","Acrobatics+1","Reflex+1","Madness","Madness+1","Dagger Throw+1","Accuracy+1"],"relics":["Ring of the Snake","Mummified Hand","Mirror","TwistedFunnel","Tingsha","Replay:Ringing Soul","Replay:Bottled Eggs","WarpedTongs","Quantum Egg","Gambling Chip","Mercury Hourglass","Pet Ghost","Odd Mushroom","Replay:Arrowhead","Replay:Bronze Core","Replay:Wax Seal","ReplayTheSpireMod:Lightbulb","Sling","SlaversCollar","Girya","Old Coin","Nunchaku","Divine Protection","Blue Candle","Bird Faced Urn","Paper Crane","Gremlin Horn"],"acts_visited":["Exordium","TheCity","TheBeyond"],"potions_floor_usage":[24,33,36,50],"damage_taken":[{"damage":0,"enemies":"Small Slimes","floor":1,"turns":2},{"damage":1,"enemies":"Cultist","floor":3,"turns":3},{"damage":4,"enemies":"Jaw Worm","floor":4,"turns":5},{"damage":2,"enemies":"3 Louse","floor":5,"turns":2},{"damage":6,"enemies":"Replay:BlueRogue","floor":6,"turns":2},{"damage":1,"enemies":"3 Sentries","floor":8,"turns":4},{"damage":8,"enemies":"Replay:BlueRogue","floor":10,"turns":4},{"damage":0,"enemies":"The Mushroom Lair","floor":11,"turns":2},{"damage":4,"enemies":"Blue Slaver","floor":12,"turns":1},{"damage":0,"enemies":"Slime Boss","floor":16,"turns":3},{"damage":0,"enemies":"3 Byrds","floor":18,"turns":1},{"damage":0,"enemies":"Chosen","floor":21,"turns":2},{"damage":17,"enemies":"Snake Plant","floor":22,"turns":2},{"damage":5,"enemies":"Book of Stabbing","floor":24,"turns":2},{"damage":0,"enemies":"Snecko","floor":27,"turns":2},{"damage":0,"enemies":"Centurion and Healer","floor":28,"turns":1},{"damage":0,"enemies":"Shelled Parasite and Fungi","floor":29,"turns":2},{"damage":0,"enemies":"Pondfish","floor":33,"turns":3},{"damage":0,"enemies":"3 Darklings","floor":35,"turns":2},{"damage":0,"enemies":"2 Orb Walkers","floor":36,"turns":2},{"damage":0,"enemies":"Orb Walker","floor":37,"turns":1},{"damage":0,"enemies":"Mind Bloom Boss Battle","floor":38,"turns":2},{"damage":0,"enemies":"Nemesis","floor":40,"turns":3},{"damage":0,"enemies":"R_Hoarder","floor":42,"turns":2},{"damage":0,"enemies":"Giant Head","floor":44,"turns":2},{"damage":0,"enemies":"Spire Growth","floor":46,"turns":2},{"damage":0,"enemies":"Transient","floor":48,"turns":3},{"damage":0,"enemies":"Time Eater","floor":50,"turns":4}],"seed_played":"-3212861837052392470","potions_obtained":[{"floor":4,"key":"DuplicationPotion"},{"floor":10,"key":"Adrenaline Potion"},{"floor":16,"key":"CultistPotion"},{"floor":22,"key":"CunningPotion"},{"floor":28,"key":"DuplicationPotion"},{"floor":35,"key":"Regen Potion"},{"floor":40,"key":"LiquidMemories"}],"is_trial":false,"path_per_floor":["M","?","M","M","M","E","R","E","T","E","?","M","?","T","R","B",null,"M","?","?","M","M","R","E","R","T","M","M","M","R","$","R","B",null,"M","?","M","?","?","E","R","E","T","E","$","M","R","M","R","B",null],"character_chosen":"THE_SILENT","items_purchased":["ReplayTheSpireMod:Scrap Shanks","ReplayTheSpireMod:Speed Training","Mummified Hand","Mirror","TwistedFunnel","Secret Technique","ReplayTheSpireMod:Scrap Shanks","Replay:Ringing Soul","Replay:Bottled Eggs","Sling","After Image","Paper Crane","Gremlin Horn"],"campfire_rested":0,"item_purchase_floors":[0,0,0,0,0,0,0,0,0,31,31,45,45],"current_hp_per_floor":[62,65,64,63,64,61,61,63,63,55,58,57,60,60,60,63,88,91,91,91,94,77,77,75,75,75,75,78,81,81,84,84,87,110,110,118,121,124,104,107,107,107,107,110,110,126,126,135,135,135],"gold":37,"neow_bonus":"","is_daily":false,"chose_seed":false,"campfire_upgraded":15,"win_rate":0.0,"timestamp":1610466981,"path_taken":["M","?","M","?","M","E","R","E","T","E","?","M","?","?","R","BOSS","M","?","?","M","M","R","E","R","T","?","M","M","R","$","R","BOSS","M","?","M","?","?","E","R","E","T","E","$","?","R","M","R","BOSS"],"items_purchased_type":["Card","Card","Relic","Relic","Relic","Card","Card","Relic","Relic","Relic","Card","Relic","Relic"],"build_version":"2020-12-22","purchased_purges":1,"victory":true,"max_hp_per_floor":[69,72,72,75,78,81,81,84,84,84,87,90,93,93,93,96,96,99,99,99,102,102,102,105,105,105,105,108,111,111,114,114,117,117,117,120,123,126,129,132,132,132,132,135,135,135,135,135,135,135],"card_choices":[{"not_picked":["Bane","Deflect"],"picked":"Prepared","floor":1},{"not_picked":["Backflip","Dodge and Roll","Sucker Punch"],"picked":"SKIP","floor":3},{"not_picked":["Deflect","Toxin Wave"],"picked":"Dagger Throw","floor":4},{"not_picked":["Crippling Poison","Deflect"],"picked":"Infinite Blades","floor":5},{"not_picked":["Concentrate","Distraction"],"picked":"After Image","floor":6},{"not_picked":["Leg Sweep","Cloak And Dagger"],"picked":"Hidden Blade","floor":8},{"not_picked":["Choke","Toxin Wave","Quick Slash"],"picked":"SKIP","floor":10},{"not_picked":["Dagger Spray","Underhanded Strike"],"picked":"Calculated Gamble","floor":11},{"not_picked":["Dagger Throw","Deflect"],"picked":"Prepared","floor":12},{"not_picked":["Envenom","Atom Bomb"],"picked":"Corpse Explosion","floor":16},{"not_picked":["Deflect","Acrobatics"],"picked":"Accuracy+1","floor":18},{"not_picked":["Deflect","Deadly Poison"],"picked":"Terror","floor":21},{"not_picked":["Dagger Spray","PiercingWail","Slice"],"picked":"SKIP","floor":22},{"not_picked":["Infinite Blades","Malaise"],"picked":"Hidden Blade","floor":24},{"not_picked":["PiercingWail","Poisoned Stab","Dodge and Roll"],"picked":"SKIP","floor":27},{"not_picked":["Dodge and Roll","Masterful Stab"],"picked":"Prepared+1","floor":28},{"not_picked":["Blade Dance","Heel Hook"],"picked":"Prepared","floor":29},{"not_picked":["Burst","Grand Finale"],"picked":"Tools of the Trade","floor":33},{"not_picked":["Riddle With Holes","Infinite Blades","Outmaneuver+1"],"picked":"SKIP","floor":35},{"not_picked":["Underhanded Strike","Backflip"],"picked":"Reflex","floor":36},{"not_picked":["Backflip","Deadly Poison"],"picked":"Acrobatics","floor":37},{"not_picked":["Masterful Stab","Underhanded Strike+1"],"picked":"Reflex+1","floor":38},{"not_picked":["Escape Plan","Infinite Blades"],"picked":"Dagger Throw+1","floor":40},{"not_picked":["Eviscerate","Dagger Spray","Distraction"],"picked":"SKIP","floor":42},{"not_picked":["Escape Plan","Finisher"],"picked":"Accuracy","floor":44},{"not_picked":["Backstab","Outmaneuver","Bane"],"picked":"SKIP","floor":46},{"not_picked":["Caltrops","Bane","Dagger Throw"],"picked":"SKIP","floor":48}],"player_experience":458531,"relics_obtained":[{"floor":6,"key":"Quantum Egg"},{"floor":8,"key":"Gambling Chip"},{"floor":9,"key":"Mercury Hourglass"},{"floor":10,"key":"Pet Ghost"},{"floor":11,"key":"Odd Mushroom"},{"floor":14,"key":"Replay:Arrowhead"},{"floor":24,"key":"Replay:Wax Seal"},{"floor":26,"key":"ReplayTheSpireMod:Lightbulb"},{"floor":36,"key":"Girya"},{"floor":38,"key":"Old Coin"},{"floor":40,"key":"Nunchaku"},{"floor":42,"key":"Divine Protection"},{"floor":43,"key":"Blue Candle"},{"floor":44,"key":"Bird Faced Urn"}],"event_choices":[{"damage_healed":0,"gold_gain":0,"player_choice":"Rummage","damage_taken":0,"relics_obtained":["WarpedTongs"],"max_hp_gain":0,"max_hp_loss":0,"event_name":"Accursed Blacksmith","floor":2,"gold_loss":0,"cards_obtained":["Pain"]},{"damage_healed":0,"gold_gain":0,"player_choice":"Fought Mushrooms","damage_taken":0,"max_hp_gain":0,"max_hp_loss":0,"event_name":"Mushrooms","floor":11,"gold_loss":0},{"cards_removed":["Pain"],"damage_healed":0,"gold_gain":0,"player_choice":"Gave Gold","damage_taken":0,"max_hp_gain":0,"max_hp_loss":0,"event_name":"Beggar","floor":19,"gold_loss":75},{"cards_removed":["Strike_G"],"damage_healed":0,"gold_gain":0,"player_choice":"Upgrade and Remove","damage_taken":0,"max_hp_gain":0,"max_hp_loss":0,"event_name":"Designer","floor":20,"gold_loss":110,"cards_upgraded":["Defend_G"]},{"damage_healed":0,"gold_gain":0,"player_choice":"Fight","damage_taken":0,"max_hp_gain":0,"max_hp_loss":0,"event_name":"Mysterious Sphere","floor":36,"gold_loss":0},{"damage_healed":0,"gold_gain":0,"player_choice":"Fight","damage_taken":0,"max_hp_gain":0,"max_hp_loss":0,"event_name":"MindBloom","floor":38,"gold_loss":0},{"damage_healed":0,"gold_gain":0,"player_choice":"Embrace Madness","damage_taken":23,"max_hp_gain":0,"max_hp_loss":0,"event_name":"Winding Halls","floor":39,"gold_loss":0,"cards_obtained":["Madness","Madness"]}],"is_beta":false,"boss_relics":[{"not_picked":["Replay:Ancient Bell","ChewingGum"],"picked":"Replay:Bronze Core"},{"not_picked":["Ring of Chaos","ReplayTheSpireMod:DimensionalGlitch"],"picked":"SlaversCollar"}],"items_purged_floors":[45],"is_endless":false,"potions_floor_spawned":[4,10,16,21,22,28,29,35,40,42],"ascension_level":16}}