{"host":"llhd11jd6h92zheo","time":1610424065,"event":{"mods":["Act Like it!","BaseMod","Chen","Friendly Minions","Mari Mod (Legacy)","Mari\u0027s V1 Patch","Marisa£®ÏF”Í°°ƒß¿Ì…≥£©","Minty Spire (QoL Compilation)","Quick Restart","Reimu£®≤©¿ˆ¡È√Œ£©","Relic Stats","Replay The Spire","StSLib","The Alterego","The Bug Knight","The Marked","The Servant 0.9.4","UnlockEverythingMod","Yohane!","Yuri Mod","vexMod","°æ“≈ŒÔø®≈∆°øREMEMod"],"gold_per_floor":[111,111,8356,8356,7688,7688,7688,7688,7688,7720,7680,7430,7430,7459,7459,7556,7556,7572,7572,7772,7318,7318,7343,7373,7373,7426,6755,6755,6206,6233,5588,5588,5691,5691,5709,5709,5212,5212,4687,4687,4687,4719,4719,4719,4719,4719,3840,3840,3840,3944,3944,3944],"floor_reached":51,"playtime":2250,"items_purged":["HollowMod:CloakDash"],"score":967,"play_id":"3d798798-2242-4e68-bc46-31d0efc82d5c","local_time":"20210112120105","daily_mods":["SealedDeck","Heirloom","Flight"],"is_ascension_mode":true,"campfire_choices":[{"data":"alterego_mod:GIGAMILK","floor":6.0,"key":"SMITH"},{"data":"HollowMod:CycloneSlash","floor":7.0,"key":"SMITH"},{"data":"alterego_mod:Birthday","floor":13,"key":"SMITH"},{"data":"alterego_mod:TrashNCrash","floor":15,"key":"SMITH"},{"data":"Finesse","floor":28,"key":"SMITH"},{"data":"HollowMod:SoulVessel","floor":32,"key":"SMITH"},{"floor":40,"key":"REST"},{"data":"1","floor":44,"key":"LIFT"},{"data":"2","floor":46,"key":"LIFT"},{"data":"3","floor":49,"key":"LIFT"}],"circlet_count":0,"master_deck":["alterego_mod:SuperDuperMasochism+1","alterego_mod:TrashNCrash+1","alterego_mod:Undulate+1","alterego_mod:Complex+1","HollowMod:CycloneSlash+1","alterego_mod:BiFurious+1","alterego_mod:Cooking+1","alterego_mod:Birthday+1","Meteor Strike+1","HollowMod:CloakDash+1","alterego_mod:GIGAMILK+1","alterego_mod:Lift+1","alterego_mod:Rip+1","Finesse+1","Madness+1","Poisoned Strike+1","alterego_mod:GoddessCore"],"relics":["HollowMod:VesselMask","REME_ComplimentaryCards","Prayer Wheel","HollowMod:MillibellesNoteRelic","Bag of Preparation","REME_CardOfGreed","Juzu Bracelet","Replay:WaspNest","ClockworkSouvenir","Replay:Bottled Eggs","Frozen Egg 2","PaintedHorse:ReiMu","White Beast Statue","Garlic","vexMod:NewClearReactor","vexMod:MemoryStick","TheAbacus","vexMod:FocusSash","Durian","vexMod:Dragonfruit","War Paint","CaptainsWheel","Replay:Mystery Machine","Chemical X","Golden Egg","Anchor","Medical Kit","HollowMod:GreatKnightMask","HollowMod:LifeEnderRelic","vexMod:InvisibilityCloak","vexMod:PaidLearning","ReplayTheSpireMod:Ninjato","Replay:Ringing Soul","Bag of Marbles","Happy Flower","TentaclePot:ReiMu","MealTicket","Girya","Meat on the Bone","Lizard Tail","Toolbox","SlaversCollar"],"acts_visited":["Exordium","TheCity","TheBeyond","Exordium"],"potions_floor_usage":[16,17,30,30,30,50],"damage_taken":[{"damage":4.0,"enemies":"2 Louse","floor":1.0,"turns":3.0},{"damage":10.0,"enemies":"HollowMod:MossKnight","floor":10.0,"turns":3.0},{"damage":4,"enemies":"Replay:BlueRogue","floor":14,"turns":2},{"damage":7,"enemies":"HollowMod:FalseKnight","floor":16,"turns":3},{"damage":0,"enemies":"3 Byrds","floor":18,"turns":2},{"damage":0,"enemies":"Gremlin Leader","floor":23,"turns":2},{"damage":7,"enemies":"HollowMod:Nosk","floor":24,"turns":3},{"damage":0,"enemies":"HollowMod:Zote","floor":30,"turns":2},{"damage":0,"enemies":"Collector","floor":33,"turns":2},{"damage":0,"enemies":"3 Shapes","floor":35,"turns":1},{"damage":0,"enemies":"Giant Head","floor":42,"turns":3},{"damage":0,"enemies":"HollowMod:Radiance","floor":50,"turns":3}],"seed_played":"-5062414890300452756","potions_obtained":[{"floor":10.0,"key":"ColorlessPotion"},{"floor":14,"key":"BlessingOfTheForge"},{"floor":16,"key":"Fruit Juice"},{"floor":18,"key":"LiquidBronze"},{"floor":22,"key":"Languid Potion"},{"floor":23,"key":"DuplicationPotion"},{"floor":24,"key":"DistilledChaos"},{"floor":30,"key":"ColorlessPotion"},{"floor":33,"key":"FearPotion"},{"floor":35,"key":"SpeedPotion"},{"floor":50,"key":"Weak Potion"}],"is_trial":true,"path_per_floor":["M","?","$","?","$","R","R","?","T","E","?","$","R","E","R","B",null,"M","?","?","$","?","E","E","?","T","$","R","$","?","$","R","B",null,"M","?","$","?","$","R","$","E","T","R","?","R","$","?","R","B",null],"character_chosen":"THE_BUGKNIGHT","items_purchased":["HollowMod:CloakDash+1","HollowMod:MillibellesNoteRelic","Bag of Preparation","REME_CardOfGreed","Juzu Bracelet","Replay:WaspNest","ClockworkSouvenir","alterego_mod:GIGAMILK","White Beast Statue","vexMod:MemoryStick","TheAbacus","vexMod:FocusSash","CaptainsWheel","Replay:Mystery Machine","Chemical X","Finesse","Golden Egg","Anchor","Medical Kit","HollowMod:LifeEnderRelic","vexMod:InvisibilityCloak","vexMod:PaidLearning","ReplayTheSpireMod:Ninjato","Replay:Ringing Soul","Madness","Bag of Marbles","Happy Flower","TentaclePot:ReiMu","Poisoned Strike","Meat on the Bone","Lizard Tail","Toolbox"],"campfire_rested":1,"item_purchase_floors":[3,3,3,3,5,5,5,5,12,21,21,21,27,27,27,27,29,29,29,31,31,31,37,37,39,39,39,39,47,47,47,47],"current_hp_per_floor":[73,73,73,73,73,73,73,73,73,63,63,63,63,59,59,52,80,80,80,80,80,80,85,83,83,83,83,83,83,83,83,83,86,90,90,90,90,90,93,93,93,93,93,93,93,93,96,99,99,99,99,99],"gold":3944,"neow_bonus":"","is_daily":false,"chose_seed":false,"campfire_upgraded":6,"win_rate":0.0,"timestamp":1610424065,"path_taken":["M","?","$","?","$","R","R","?","T","E","?","$","R","E","R","BOSS","M","?","?","$","?","E","E","?","T","$","R","$","?","?","R","BOSS","M","?","$","?","$","R","$","E","T","R","?","R","?","?","R","BOSS"],"items_purchased_type":["Card","Relic","Relic","Relic","Relic","Relic","Relic","Card","Relic","Relic","Relic","Relic","Relic","Relic","Relic","Card","Relic","Relic","Relic","Relic","Relic","Relic","Relic","Relic","Card","Relic","Relic","Relic","Card","Relic","Relic","Relic"],"build_version":"2020-12-22","purchased_purges":1,"victory":false,"max_hp_per_floor":[75,75,75,75,75,75,75,75,75,75,75,75,75,75,75,75,80,80,80,80,80,80,85,90,90,90,90,90,90,90,90,90,90,90,90,90,90,90,93,93,93,93,93,93,93,93,96,99,99,99,99,99],"relic_stats":{"Happy Flower":[2],"counters":[12,29],"Bag of Preparation":[22],"Juzu Bracelet":4,"War Paint":["alterego_mod:Cooking","alterego_mod:Undulate"],"Medical Kit":[5],"Lizard Tail":0,"TheAbacus":[108],"Prayer Wheel":3,"MealTicket":0,"Chemical X":[1],"obtain_stats":[{"Golden Egg":29,"vexMod:MemoryStick":21,"HollowMod:VesselMask":0,"Bag of Preparation":3,"Juzu Bracelet":5,"Replay:Mystery Machine":27,"HollowMod:MillibellesNoteRelic":3,"ClockworkSouvenir":5,"vexMod:InvisibilityCloak":31,"Replay:Ringing Soul":37,"Lizard Tail":47,"TheAbacus":21,"Toolbox":47,"Prayer Wheel":0,"MealTicket":42,"Chemical X":27,"Replay:Bottled Eggs":9,"vexMod:NewClearReactor":17,"Girya":43,"HollowMod:LifeEnderRelic":31,"ReplayTheSpireMod:Ninjato":37,"Happy Flower":39,"TentaclePot:ReiMu":39,"HollowMod:GreatKnightMask":30,"Replay:WaspNest":5,"vexMod:PaidLearning":31,"vexMod:FocusSash":21,"Frozen Egg 2":10,"War Paint":26,"Medical Kit":29,"White Beast Statue":12,"vexMod:Dragonfruit":24,"SlaversCollar":51,"CaptainsWheel":27,"Anchor":29,"PaintedHorse:ReiMu":11,"Garlic":14,"Durian":23,"Bag of Marbles":39,"REME_CardOfGreed":3,"REME_ComplimentaryCards":0,"Meat on the Bone":47},{"Golden Egg":7,"vexMod:MemoryStick":5,"HollowMod:VesselMask":0,"Bag of Preparation":1,"Juzu Bracelet":1,"Replay:Mystery Machine":7,"HollowMod:MillibellesNoteRelic":1,"ClockworkSouvenir":1,"vexMod:InvisibilityCloak":8,"Replay:Ringing Soul":10,"Lizard Tail":11,"TheAbacus":5,"Toolbox":11,"Prayer Wheel":0,"MealTicket":11,"Chemical X":7,"Replay:Bottled Eggs":1,"vexMod:NewClearReactor":4,"Girya":11,"HollowMod:LifeEnderRelic":8,"ReplayTheSpireMod:Ninjato":10,"Happy Flower":10,"TentaclePot:ReiMu":10,"HollowMod:GreatKnightMask":8,"Replay:WaspNest":1,"vexMod:PaidLearning":8,"vexMod:FocusSash":5,"Frozen Egg 2":2,"War Paint":7,"Medical Kit":7,"White Beast Statue":2,"vexMod:Dragonfruit":7,"SlaversCollar":12,"CaptainsWheel":7,"Anchor":7,"PaintedHorse:ReiMu":2,"Garlic":3,"Durian":6,"Bag of Marbles":10,"REME_CardOfGreed":1,"REME_ComplimentaryCards":0,"Meat on the Bone":11},{"Golden Egg":18,"vexMod:MemoryStick":13,"HollowMod:VesselMask":0,"Bag of Preparation":3,"Juzu Bracelet":3,"Replay:Mystery Machine":18,"HollowMod:MillibellesNoteRelic":3,"ClockworkSouvenir":3,"vexMod:InvisibilityCloak":20,"Replay:Ringing Soul":23,"Lizard Tail":26,"TheAbacus":13,"Toolbox":26,"Prayer Wheel":0,"MealTicket":26,"Chemical X":18,"Replay:Bottled Eggs":3,"vexMod:NewClearReactor":11,"Girya":26,"HollowMod:LifeEnderRelic":20,"ReplayTheSpireMod:Ninjato":23,"Happy Flower":23,"TentaclePot:ReiMu":23,"HollowMod:GreatKnightMask":20,"Replay:WaspNest":3,"vexMod:PaidLearning":20,"vexMod:FocusSash":13,"Frozen Egg 2":6,"War Paint":18,"Medical Kit":18,"White Beast Statue":6,"vexMod:Dragonfruit":18,"SlaversCollar":29,"CaptainsWheel":18,"Anchor":18,"PaintedHorse:ReiMu":6,"Garlic":8,"Durian":15,"Bag of Marbles":23,"REME_CardOfGreed":3,"REME_ComplimentaryCards":0,"Meat on the Bone":26}],"Meat on the Bone":0},"card_choices":[{"not_picked":["alterego_mod:DiscoLights","alterego_mod:Santa","alterego_mod:Skirt"],"picked":"SKIP","floor":1.0},{"not_picked":["HollowMod:CrystalDash","alterego_mod:SakuraFive","HollowMod:CornifersMapStart"],"picked":"SKIP","floor":1.0},{"not_picked":["alterego_mod:DiscoLights+1","alterego_mod:Cushion","HollowMod:TaintedHusks"],"picked":"SKIP","floor":10.0},{"not_picked":["alterego_mod:PerceptionDisorder+1","alterego_mod:Jiggle","alterego_mod:DeftHands"],"picked":"SKIP","floor":14},{"not_picked":["HollowMod:LordofShades+1","HollowMod:Hiveblood"],"picked":"alterego_mod:Lift+1","floor":16},{"not_picked":["HollowMod:PureNailStrike","HollowMod:NewJinnsSoul"],"picked":"alterego_mod:Rip","floor":18},{"not_picked":["HollowMod:DreamGate","alterego_mod:Undulate","alterego_mod:GoddessCore"],"picked":"SKIP","floor":18},{"not_picked":["HollowMod:ShapeofUnn+1","alterego_mod:InsideBaseball+1","alterego_mod:Skirt"],"picked":"SKIP","floor":23},{"not_picked":["HollowMod:CycloneSlash","alterego_mod:Pet","alterego_mod:Skirt"],"picked":"SKIP","floor":24},{"not_picked":["HollowMod:CycloneSlash","alterego_mod:Pet","alterego_mod:Skirt"],"picked":"SKIP","floor":24},{"not_picked":["HollowMod:MawleksShell+1","HollowMod:MantisMark","HollowMod:InfectedCysts"],"picked":"SKIP","floor":35},{"not_picked":["alterego_mod:Mirror+1","HollowMod:HeavyBlow+1","alterego_mod:DeftHands+1"],"picked":"SKIP","floor":35},{"not_picked":["alterego_mod:Clap+1","HollowMod:DreamGate","alterego_mod:Birthday"],"picked":"SKIP","floor":42}],"player_experience":315093,"relics_obtained":[{"floor":9.0,"key":"Replay:Bottled Eggs"},{"floor":10.0,"key":"Frozen Egg 2"},{"floor":14,"key":"Garlic"},{"floor":23,"key":"Durian"},{"floor":24,"key":"vexMod:Dragonfruit"},{"floor":26,"key":"War Paint"},{"floor":30,"key":"HollowMod:GreatKnightMask"},{"floor":42,"key":"MealTicket"},{"floor":43,"key":"Girya"}],"event_choices":[{"damage_healed":0.0,"max_hp_gain":0.0,"max_hp_loss":0.0,"gold_gain":0.0,"event_name":"Liars Game","player_choice":"Ignored","floor":2.0,"gold_loss":0.0,"damage_taken":0.0},{"damage_healed":0.0,"max_hp_gain":0.0,"max_hp_loss":0.0,"gold_gain":0.0,"event_name":"The Woman in Blue","player_choice":"Bought 0 Potions","floor":8.0,"gold_loss":0.0,"damage_taken":0.0},{"damage_healed":0,"gold_gain":0,"player_choice":"»˚«Æ","damage_taken":0,"relics_obtained":["PaintedHorse:ReiMu"],"max_hp_gain":0,"max_hp_loss":0,"event_name":"yidonshenshe","floor":11,"gold_loss":40},{"damage_healed":0,"gold_gain":0,"player_choice":"Ignored","damage_taken":0,"max_hp_gain":0,"max_hp_loss":0,"event_name":"Vampires","floor":19,"gold_loss":0},{"damage_healed":0,"gold_gain":200,"player_choice":"Gold","damage_taken":0,"max_hp_gain":0,"max_hp_loss":0,"event_name":"Wheel of Change","floor":20,"gold_loss":0},{"damage_healed":0,"gold_gain":0,"player_choice":"Forge","damage_taken":0,"max_hp_gain":0,"max_hp_loss":0,"event_name":"Accursed Blacksmith","floor":25,"gold_loss":0,"cards_upgraded":["alterego_mod:Rip"]},{"damage_healed":0,"gold_gain":0,"player_choice":"Got Potions","damage_taken":0,"max_hp_gain":0,"max_hp_loss":0,"event_name":"Lab","floor":36,"gold_loss":0},{"damage_healed":0,"gold_gain":0,"player_choice":"Ignored","damage_taken":0,"max_hp_gain":0,"max_hp_loss":0,"event_name":"Tomb of Lord Red Mask","floor":45,"gold_loss":0},{"damage_healed":0,"gold_gain":0,"cards_transformed":["HollowMod:SoulVessel"],"player_choice":"Transformed","damage_taken":0,"max_hp_gain":0,"max_hp_loss":0,"event_name":"Transmorgrifier","floor":48,"gold_loss":0,"cards_obtained":["alterego_mod:GoddessCore"]}],"is_beta":false,"boss_relics":[{"not_picked":["Painkiller Herb","Kintsugi"],"picked":"vexMod:NewClearReactor"},{"not_picked":["Cursed Key","Velvet Choker","Calling Bell"]},{"not_picked":["Black Star","Replay:Ancient Bell"],"picked":"SlaversCollar"}],"items_purged_floors":[3],"is_endless":true,"potions_floor_spawned":[10,14,16,18,23,24,30,33,35,42,50],"ascension_level":1}}