{"host":"y193d0agu1dp5x1y","time":1610430578,"event":{"mods":["BaseMod","Googly Eyes","Minty Spire (QoL Compilation)"],"gold_per_floor":[117,192,157,177,177,208,208,218,218,218,218,228,248,263,263,263,263],"floor_reached":16,"playtime":699,"items_purged":[],"score":127,"play_id":"7c9bf7fe-ce3c-4d6c-a561-434ea26dedc4","local_time":"20210111234938","is_ascension_mode":false,"campfire_choices":[{"data":"Accuracy","floor":7,"key":"SMITH"},{"data":"Cloak And Dagger","floor":11,"key":"SMITH"},{"data":"Deflect","floor":15,"key":"SMITH"}],"circlet_count":0,"master_deck":["Strike_G","Strike_G","Strike_G","Strike_G","Strike_G","Defend_G","Defend_G","Defend_G","Defend_G","Survivor","Neutralize","Deflect+1","Accuracy+1","Cloak And Dagger+1","Dodge and Roll","Bane","Finisher"],"relics":["Ring of the Snake","NeowsBlessing","Paper Crane","Smiling Mask"],"acts_visited":["Exordium"],"potions_floor_usage":[],"damage_taken":[{"damage":0,"enemies":"Small Slimes","floor":1,"turns":1},{"damage":0,"enemies":"2 Louse","floor":4,"turns":1},{"damage":0,"enemies":"Gremlin Nob","floor":6,"turns":1},{"damage":0,"enemies":"Cultist","floor":8,"turns":4},{"damage":2,"enemies":"Large Slime","floor":12,"turns":7},{"damage":0,"enemies":"Exordium Thugs","floor":13,"turns":6},{"damage":3,"enemies":"3 Louse","floor":14,"turns":5},{"damage":60,"enemies":"Hexaghost","floor":16,"turns":12}],"seed_played":"4959793493495318005","potions_obtained":[{"floor":4,"key":"Poison Potion"},{"floor":13,"key":"Explosive Potion"}],"is_trial":false,"path_per_floor":["M","?","?","M","?","E","R","M","T","?","R","M","M","M","R","B"],"character_chosen":"THE_SILENT","items_purchased":[],"campfire_rested":0,"item_purchase_floors":[],"current_hp_per_floor":[70,59,70,70,63,63,63,63,63,63,63,61,61,58,58,0,0],"gold":263,"neow_bonus":"THREE_ENEMY_KILL","is_daily":false,"chose_seed":false,"campfire_upgraded":3,"win_rate":0.0,"timestamp":1610430578,"path_taken":["M","?","?","M","?","E","R","M","T","?","R","M","?","M","R","BOSS"],"items_purchased_type":[],"build_version":"2020-12-22","purchased_purges":0,"victory":false,"max_hp_per_floor":[70,70,70,70,70,70,70,70,70,70,70,70,70,70,70,70,70],"card_choices":[{"not_picked":["Dodge and Roll","Backflip"],"picked":"Deflect","floor":1},{"not_picked":["Bane","Slice"],"picked":"Bouncing Flask","floor":4},{"not_picked":["Dodge and Roll","Deadly Poison"],"picked":"Accuracy","floor":6},{"not_picked":["Dagger Spray","Prepared"],"picked":"Cloak And Dagger","floor":8},{"not_picked":["Tactician","Envenom"],"picked":"Dodge and Roll","floor":12},{"not_picked":["Footwork","Backflip"],"picked":"Bane","floor":13},{"not_picked":["Escape Plan","Masterful Stab"],"picked":"Finisher","floor":14}],"player_experience":63460,"relics_obtained":[{"floor":6,"key":"Paper Crane"},{"floor":9,"key":"Smiling Mask"}],"event_choices":[{"damage_healed":0,"gold_gain":75,"player_choice":"Gather Gold","damage_taken":11,"max_hp_gain":0,"max_hp_loss":0,"event_name":"World of Goop","floor":2,"gold_loss":0},{"damage_healed":17,"gold_gain":0,"player_choice":"Healed","damage_taken":0,"max_hp_gain":0,"max_hp_loss":0,"event_name":"The Cleric","floor":3,"gold_loss":35},{"cards_removed":["Defend_G"],"damage_healed":0,"gold_gain":0,"player_choice":"Card Removal","damage_taken":7,"max_hp_gain":0,"max_hp_loss":0,"event_name":"Golden Wing","floor":5,"gold_loss":0},{"cards_removed":["Bouncing Flask"],"damage_healed":0,"gold_gain":0,"player_choice":"Purged","damage_taken":0,"max_hp_gain":0,"max_hp_loss":0,"event_name":"Purifier","floor":10,"gold_loss":0}],"is_beta":false,"boss_relics":[],"items_purged_floors":[],"is_endless":false,"potions_floor_spawned":[4,13],"killed_by":"Hexaghost","ascension_level":0}}