{"host":"ulqe8df9nuf7bye0","time":1610418238,"event":{"mods":["BaseMod","Better Note","BetterRewards","Colored Powertips","Minty Spire (QoL Compilation)","Quick Restart","StSLib"],"gold_per_floor":[109,124,141,123,190,190,48,60,142,161,161,122,122,145,145,276,276,297,297,313,3,19,19,219,237,237,30,30,30],"floor_reached":28,"playtime":1780,"items_purged":[],"score":210,"play_id":"6aa092a1-1b7b-4de7-bef0-2a7fb2ecc184","local_time":"20210111182358","is_ascension_mode":false,"campfire_choices":[{"data":"Defragment","floor":6,"key":"SMITH"},{"data":"Sunder","floor":11,"key":"SMITH"},{"floor":15,"key":"REST"},{"data":"Thunder Strike","floor":23,"key":"SMITH"}],"circlet_count":0,"master_deck":["Strike_B+1","Strike_B+1","Strike_B","Strike_B","Defend_B","Defend_B","Defend_B","Defend_B","Zap","Dualcast","Defragment+1","Leap","Meteor Strike","Capacitor","Sunder+1","Force Field","Capacitor","Static Discharge","Undo","Self Repair","Auto Shields","Amplify","Storm","Defragment+1","Defragment+1","Amplify","Thunder Strike+1","Conserve Battery"],"relics":["Cracked Core","Membership Card","Whetstone","Omamori","Ice Cream","Blood Vial","Bottled Flame","Golden Idol","Calling Bell","PreservedInsect","Question Card","Turnip","DollysMirror","Incense Burner","Cables","Bottled Tornado","PrismaticShard"],"acts_visited":["Exordium","TheCity"],"potions_floor_usage":[16,16,22,25],"damage_taken":[{"damage":0,"enemies":"Cultist","floor":1,"turns":3},{"damage":2,"enemies":"2 Louse","floor":2,"turns":3},{"damage":2,"enemies":"Jaw Worm","floor":3,"turns":4},{"damage":16,"enemies":"Gremlin Gang","floor":8,"turns":6},{"damage":2,"enemies":"Blue Slaver","floor":10,"turns":5},{"damage":0,"enemies":"2 Fungi Beasts","floor":14,"turns":3},{"damage":37,"enemies":"Hexaghost","floor":16,"turns":5},{"damage":37,"enemies":"3 Byrds","floor":18,"turns":6},{"damage":17,"enemies":"Chosen","floor":20,"turns":6},{"damage":16,"enemies":"Centurion and Healer","floor":22,"turns":6},{"damage":35,"enemies":"Cultist and Chosen","floor":25,"turns":7},{"damage":18,"enemies":"3 Cultists","floor":28,"turns":3}],"seed_played":"-8333033236534757600","potions_obtained":[{"floor":8,"key":"ColorlessPotion"},{"floor":10,"key":"Strength Potion"},{"floor":14,"key":"FocusPotion"},{"floor":16,"key":"BlessingOfTheForge"},{"floor":18,"key":"Energy Potion"}],"is_trial":false,"path_per_floor":["M","M","M","$","?","R","$","M","T","M","R","$","?","M","R","B",null,"M","?","M","$","M","R","?","M","T","$","M"],"character_chosen":"DEFECT","items_purchased":["Membership Card","Defragment","Leap","Whetstone","Omamori","PowerPotion","Meteor Strike","Capacitor","Sunder","Blood Vial","PowerPotion","Undo","Bottled Flame","Self Repair","Auto Shields","DollysMirror","Incense Burner","Amplify","Bottled Tornado","PrismaticShard"],"campfire_rested":1,"item_purchase_floors":[0,0,0,0,0,0,0,0,0,0,0,4,7,7,12,21,21,21,27,27],"current_hp_per_floor":[42,42,42,42,42,42,42,35,35,42,42,42,42,51,73,45,75,45,45,44,44,44,44,44,18,18,18,2,2],"gold":30,"neow_bonus":"","is_daily":false,"chose_seed":false,"campfire_upgraded":3,"win_rate":0.0,"timestamp":1610418238,"path_taken":["M","?","M","$","?","R","?","M","T","?","R","$","?","M","R","BOSS","M","?","M","$","?","R","?","M","T","$","M"],"items_purchased_type":["Relic","Card","Card","Relic","Relic","Potion","Card","Card","Card","Relic","Potion","Card","Relic","Card","Card","Relic","Relic","Card","Relic","Relic"],"build_version":"2020-12-22","purchased_purges":0,"victory":false,"max_hp_per_floor":[75,75,75,75,75,75,75,75,75,75,75,75,75,75,75,75,75,75,75,75,75,75,75,75,75,75,75,75,75],"card_choices":[{"not_picked":["Aggregate","Streamline"],"picked":"Force Field","floor":1},{"not_picked":["White Noise","Coolheaded"],"picked":"Capacitor","floor":2},{"not_picked":["Cold Snap","Beam Cell"],"picked":"Static Discharge","floor":3},{"not_picked":["Rip and Tear","Hologram","Steam"],"picked":"SKIP","floor":8},{"not_picked":["Stack","Turbo","Leap"],"picked":"SKIP","floor":10},{"not_picked":["Go for the Eyes","Leap","Compile Driver"],"picked":"SKIP","floor":14},{"not_picked":["Fission","Echo Form"],"picked":"Amplify","floor":16},{"not_picked":["Ball Lightning+1","Hello World","Tempest"],"picked":"Storm","floor":18},{"not_picked":["Go for the Eyes","Beam Cell","Barrage","Hologram"],"picked":"SKIP","floor":20},{"not_picked":["Barrage+1","Go for the Eyes","Ball Lightning"],"picked":"Thunder Strike","floor":22},{"not_picked":["Rainbow","Capacitor","Compile Driver+1"],"picked":"Conserve Battery","floor":25}],"player_experience":97321,"relics_obtained":[{"floor":17,"key":"PreservedInsect"},{"floor":17,"key":"Question Card"},{"floor":17,"key":"Turnip"},{"floor":26,"key":"Cables"}],"event_choices":[{"damage_healed":0,"gold_gain":67,"player_choice":"Gained Gold","damage_taken":0,"max_hp_gain":0,"max_hp_loss":0,"event_name":"Golden Wing","floor":5,"gold_loss":0},{"damage_healed":0,"gold_gain":0,"player_choice":"Take Wound","damage_taken":0,"relics_obtained":["Golden Idol"],"max_hp_gain":0,"max_hp_loss":0,"event_name":"Golden Idol","floor":13,"gold_loss":0,"cards_obtained":["Injury"]},{"damage_healed":0,"gold_gain":0,"player_choice":"Copied","damage_taken":0,"max_hp_gain":0,"max_hp_loss":0,"event_name":"Duplicator","floor":19,"gold_loss":0,"cards_obtained":["Defragment"]},{"damage_healed":0,"gold_gain":200,"player_choice":"Gold","damage_taken":0,"max_hp_gain":0,"max_hp_loss":0,"event_name":"Wheel of Change","floor":24,"gold_loss":0}],"is_beta":false,"boss_relics":[{"not_picked":["Tiny House","Black Star"],"picked":"Calling Bell"}],"items_purged_floors":[],"is_endless":false,"potions_floor_spawned":[8,10,14,16,18,20],"killed_by":"3 Cultists","ascension_level":0}}