{"host":"5wznv0010959mrmz","time":1610425134,"event":{"mods":["BaseMod","Highlight Path","Minty Spire (QoL Compilation)","Relic Stats"],"gold_per_floor":[118,32,52,69,88,88,114,77,77,77,42,56,56,67,67,140,140,159,169,169,188,188,188],"floor_reached":22,"playtime":539,"items_purged":[],"score":376,"play_id":"d8c0634f-7ef7-4ae2-89bc-b134e65dd12b","local_time":"20210111221854","is_ascension_mode":true,"campfire_choices":[{"data":"Crippling Poison","floor":6,"key":"SMITH"},{"data":"Noxious Fumes","floor":10,"key":"SMITH"},{"floor":15,"key":"REST"}],"circlet_count":0,"master_deck":["AscendersBane","Strike_G","Strike_G","Strike_G","Strike_G","Strike_G","Defend_G","Defend_G","Defend_G","Defend_G","Defend_G","Survivor","Neutralize","Endless Agony","Noxious Fumes+1","Crippling Poison+1","Dash","Acrobatics","Calculated Gamble","Deadly Poison","Corpse Explosion","Backflip","Crippling Poison+1","Footwork"],"relics":["Ring of the Snake","NeowsBlessing","Vajra","Mercury Hourglass","HoveringKite"],"acts_visited":["Exordium","TheCity"],"potions_floor_usage":[5,21],"damage_taken":[{"damage":0,"enemies":"Cultist","floor":1,"turns":1},{"damage":0,"enemies":"Jaw Worm","floor":3,"turns":1},{"damage":0,"enemies":"Small Slimes","floor":4,"turns":1},{"damage":14,"enemies":"Exordium Thugs","floor":5,"turns":5},{"damage":19,"enemies":"Lagavulin","floor":7,"turns":8},{"damage":3,"enemies":"Blue Slaver","floor":12,"turns":3},{"damage":1,"enemies":"Looter","floor":14,"turns":3},{"damage":21,"enemies":"Hexaghost","floor":16,"turns":8},{"damage":6,"enemies":"Spheric Guardian","floor":18,"turns":4},{"damage":23,"enemies":"2 Thieves","floor":19,"turns":3},{"damage":15,"enemies":"Snecko","floor":21,"turns":5},{"damage":15,"enemies":"Centurion and Healer","floor":22,"turns":2}],"seed_played":"-5472568909010873022","potions_obtained":[{"floor":1,"key":"BlessingOfTheForge"},{"floor":7,"key":"SmokeBomb"},{"floor":16,"key":"SmokeBomb"},{"floor":19,"key":"AttackPotion"}],"is_trial":false,"path_per_floor":["M","$","M","M","M","R","E","$","T","R","?","M","?","M","R","B",null,"M","M","?","M","M"],"character_chosen":"THE_SILENT","items_purchased":["Noxious Fumes","Calculated Gamble"],"campfire_rested":1,"item_purchase_floors":[2,8],"current_hp_per_floor":[59,59,59,59,45,45,26,26,26,26,42,39,13,12,31,10,52,46,23,23,8,0,0],"gold":188,"neow_bonus":"THREE_ENEMY_KILL","is_daily":false,"chose_seed":false,"campfire_upgraded":2,"win_rate":0.0,"timestamp":1610425134,"path_taken":["M","?","M","M","?","R","E","$","T","R","?","M","?","M","R","BOSS","M","M","?","M","M"],"items_purchased_type":["Card","Card"],"build_version":"2020-12-22","purchased_purges":0,"victory":false,"max_hp_per_floor":[66,66,66,66,66,66,66,66,66,66,66,66,66,66,66,66,66,66,66,66,66,66,66],"relic_stats":{"counters":[12,43],"HoveringKite":[5],"obtain_stats":[{"NeowsBlessing":0,"Vajra":7,"HoveringKite":17,"Ring of the Snake":0,"Mercury Hourglass":9},{"NeowsBlessing":0,"Vajra":5,"HoveringKite":8,"Ring of the Snake":0,"Mercury Hourglass":5},{"NeowsBlessing":0,"Vajra":16,"HoveringKite":30,"Ring of the Snake":0,"Mercury Hourglass":16}],"Ring of the Snake":[25],"Mercury Hourglass":[82]},"card_choices":[{"not_picked":["Predator","Flying Knee"],"picked":"Endless Agony","floor":1},{"not_picked":["PiercingWail","Concentrate"],"picked":"Crippling Poison","floor":3},{"not_picked":["Choke","Heel Hook"],"picked":"Dash","floor":4},{"not_picked":["All Out Attack","Dash","Expertise"],"picked":"SKIP","floor":5},{"not_picked":["Dagger Throw","All Out Attack"],"picked":"Acrobatics","floor":7},{"not_picked":["Underhanded Strike","Slice"],"picked":"Deadly Poison","floor":12},{"not_picked":["Outmaneuver","Infinite Blades","Cloak And Dagger"],"picked":"SKIP","floor":14},{"not_picked":["Storm of Steel","Bullet Time"],"picked":"Corpse Explosion","floor":16},{"not_picked":["Accuracy","Caltrops"],"picked":"Backflip","floor":18},{"not_picked":["Cloak And Dagger","Backflip","Deflect"],"picked":"SKIP","floor":19},{"not_picked":["Escape Plan+1","Well Laid Plans"],"picked":"Footwork","floor":21}],"player_experience":445402,"relics_obtained":[{"floor":7,"key":"Vajra"},{"floor":9,"key":"Mercury Hourglass"}],"event_choices":[{"damage_healed":16,"gold_gain":0,"player_choice":"Healed","damage_taken":0,"max_hp_gain":0,"max_hp_loss":0,"event_name":"The Cleric","floor":11,"gold_loss":35},{"damage_healed":0,"gold_gain":0,"player_choice":"Fled","damage_taken":26,"max_hp_gain":0,"max_hp_loss":0,"event_name":"Scrap Ooze","floor":13,"gold_loss":0},{"damage_healed":0,"gold_gain":0,"player_choice":"Copied","damage_taken":0,"max_hp_gain":0,"max_hp_loss":0,"event_name":"Duplicator","floor":20,"gold_loss":0,"cards_obtained":["Crippling Poison"]}],"is_beta":false,"boss_relics":[{"not_picked":["Calling Bell","Runic Dome"],"picked":"HoveringKite"}],"items_purged_floors":[],"is_endless":false,"potions_floor_spawned":[1,7,16,19],"killed_by":"Centurion and Healer","ascension_level":20}}