{"host":"fmwbmnqnrup981we","time":1610476172,"event":{"mods":["AchievementEnabler","Act Like it!","BaseMod","Better Match","Better Note","Better Skull","Better Synergies","Better Third Choice","Better Vampires","Block Reminder","Curses Come First","Downfall","Duelist Mod","Elementarium","GungeonMod","HexUI Lib","HornydragonMod","Marked Mod","Minty Spire (QoL Compilation)","Pikachu Mod","Quick Restart","Relic Stats","SIMod","StSLib","The Bug Knight","The Death Knight","The Forsaken","The Marked","The Necromancer","The Runesmith","The Servant 0.9.4","The Wild Card","TheHero","TheVacant","TheVelvet","Transform Curses","Waifu the Spire","Yuri Mod","everything is the same but u backflip on backflip"],"gold_per_floor":[109,128,108,128,138,169,169,181,234,247,257,282,282,292,292,292,292],"floor_reached":16,"playtime":484,"items_purged":[],"score":116,"play_id":"7284e44b-e15d-4271-952a-848c39ec2891","local_time":"20210112182932","is_ascension_mode":false,"campfire_choices":[{"floor":7,"key":"RECALL"},{"floor":15,"key":"REST"}],"circlet_count":0,"master_deck":["Strike_P","Strike_P","Strike_P","Strike_P","Defend_P","Defend_P","Defend_P","Defend_P","Eruption","Vigilance","BattleHymn","MarkedMod:OneThousandNeedles","FlurryOfBlows","Prostrate","Prostrate","Prostrate","Weave"],"relics":["PureWater","NeowsBlessing","Thread and Needle","Bronze Scales","DemoMod:ChaffGrenade"],"acts_visited":["Exordium"],"potions_floor_usage":[6,12,12,14],"damage_taken":[{"damage":0,"enemies":"Cultist","floor":1,"turns":1},{"damage":0,"enemies":"2 Louse","floor":2,"turns":1},{"damage":0,"enemies":"Small Slimes","floor":4,"turns":1},{"damage":16,"enemies":"2 Fungi Beasts","floor":5,"turns":5},{"damage":23,"enemies":"Lagavulin","floor":6,"turns":4},{"damage":0,"enemies":"Large Slime","floor":8,"turns":4},{"damage":14,"enemies":"Looter","floor":10,"turns":2},{"damage":10,"enemies":"Gremlin Gang","floor":11,"turns":4},{"damage":7,"enemies":"3 Sentries","floor":12,"turns":7},{"damage":0,"enemies":"Exordium Thugs","floor":14,"turns":4},{"damage":58,"enemies":"Slime Boss","floor":16,"turns":3}],"seed_played":"2721886413891898230","potions_obtained":[{"floor":1,"key":"BottledMiracle"},{"floor":2,"key":"Strength Potion"},{"floor":3,"key":"Guardian:BlockOnCardUsePotion"},{"floor":10,"key":"Explosive Potion"}],"is_trial":false,"path_per_floor":["M","M","?","M","M","E","R","M","T","M","M","E","T","M","R","B"],"character_chosen":"WATCHER","items_purchased":[],"campfire_rested":1,"item_purchase_floors":[],"current_hp_per_floor":[72,72,72,72,56,33,33,33,33,19,9,2,2,2,23,0,0],"gold":292,"neow_bonus":"THREE_ENEMY_KILL","is_daily":false,"chose_seed":false,"campfire_upgraded":0,"win_rate":0.0,"timestamp":1610476172,"path_taken":["M","?","?","M","M","E","R","M","T","M","?","E","?","M","R","BOSS"],"items_purchased_type":[],"build_version":"2020-12-22","purchased_purges":0,"victory":false,"max_hp_per_floor":[72,72,72,72,72,72,72,72,72,72,72,72,72,72,72,72,72],"relic_stats":{"counters":[11,36],"Bronze Scales":[47],"obtain_stats":[{"NeowsBlessing":0,"Bronze Scales":9,"DemoMod:ChaffGrenade":12,"Thread and Needle":6,"DemoMod:GlassGuonStoneRelic":1,"PureWater":0},{"NeowsBlessing":0,"Bronze Scales":6,"DemoMod:ChaffGrenade":9,"Thread and Needle":5,"DemoMod:GlassGuonStoneRelic":1,"PureWater":0},{"NeowsBlessing":0,"Bronze Scales":16,"DemoMod:ChaffGrenade":29,"Thread and Needle":12,"DemoMod:GlassGuonStoneRelic":1,"PureWater":0}]},"card_choices":[{"not_picked":["ForeignInfluence","SashWhip"],"picked":"BattleHymn","floor":1},{"not_picked":["PathToVictory","CrushJoints","FollowUp"],"picked":"SKIP","floor":2},{"not_picked":["Indignation","ClearTheMind"],"picked":"MarkedMod:OneThousandNeedles","floor":4},{"not_picked":["Meditate","SashWhip"],"picked":"FlurryOfBlows","floor":5},{"not_picked":["TalkToTheHand","Pray"],"picked":"Prostrate","floor":6},{"not_picked":["CrushJoints","Sanctity","Worship"],"picked":"SKIP","floor":8},{"not_picked":["SashWhip","WaveOfTheHand"],"picked":"Prostrate","floor":10},{"not_picked":["SashWhip","MarkedMod:Acupuncture"],"picked":"Prostrate","floor":11},{"not_picked":["CrushJoints","Collect","WaveOfTheHand"],"picked":"SKIP","floor":12},{"not_picked":["CarveReality","EmptyMind"],"picked":"Weave","floor":14}],"player_experience":437316,"relics_obtained":[{"floor":6,"key":"Thread and Needle"},{"floor":9,"key":"Bronze Scales"},{"floor":12,"key":"DemoMod:ChaffGrenade"}],"event_choices":[{"damage_healed":0,"gold_gain":0,"player_choice":"Bought 1 Potion","damage_taken":0,"max_hp_gain":0,"max_hp_loss":0,"event_name":"The Woman in Blue","floor":3,"gold_loss":0}],"is_beta":false,"boss_relics":[],"items_purged_floors":[],"is_endless":false,"potions_floor_spawned":[1,2,5,10],"killed_by":"Slime Boss","ascension_level":0}}