{"host":"8i4doyxqctgl5qb0","time":1610445405,"event":{"mods":["AchievementEnabler","BaseMod","Block Reminder","Colored Powertips","Downfall","Hermit","Minty Spire (QoL Compilation)","Permanent Neow","Potion Indicator Mod","Rare Cards Sparkle","StSLib","SuperFastMode","The Jungle"],"gold_per_floor":[112,123,142,142,142,142,152,152,152,152,179,194,194,37,37,136,136,149,163,183,183,183,183,209,224,248,248,135,152,180,230,230,329,329,341,140,153,153,153,153,181,181,206,206,252,252,302,320,320,320],"floor_reached":51,"playtime":1286,"items_purged":["Strike_R","Strike_R"],"score":1010,"play_id":"7198659b-5e59-4a17-88df-94159b07e4cd","local_time":"20210112175645","is_ascension_mode":true,"campfire_choices":[{"data":"Whirlwind","floor":6.0,"key":"SMITH"},{"floor":10.0,"key":"REST"},{"data":"Discovery","floor":13.0,"key":"SMITH"},{"data":"Double Tap","floor":15.0,"key":"SMITH"},{"floor":23.0,"key":"REST"},{"floor":27.0,"key":"REST"},{"data":"J.A.X.","floor":32.0,"key":"SMITH"},{"floor":40,"key":"REST"},{"data":"Demon Form","floor":42,"key":"SMITH"},{"data":"Madness","floor":46,"key":"SMITH"},{"data":"Metallicize","floor":49,"key":"SMITH"}],"circlet_count":0,"master_deck":["Strike_R+1","Strike_R+1","Defend_R","Defend_R","Defend_R","Defend_R","Bash","Whirlwind+1","Shrug It Off","Flex","Discovery+1","Double Tap+1","Reaper","Flame Barrier","J.A.X.+1","Impervious","Battle Trance","Metallicize+1","Demon Form+1","Metallicize+1","Armaments+1","Madness+1","Madness","Metallicize+1","Madness","Good Instincts","Blind","Inflame+1"],"relics":["Burning Blood","Kunai","Mercury Hourglass","Whetstone","Membership Card","SlaversCollar","Akabeko","Bag of Marbles","Potion Belt","Charon\u0027s Ashes","Lantern","SacredBark","Regal Pillow","Bronze Scales","Vajra","Anchor","Turnip","StoneCalendar"],"acts_visited":["Exordium","TheCity","TheBeyond"],"potions_floor_usage":[41,50],"damage_taken":[{"damage":16.0,"enemies":"Jaw Worm","floor":1.0,"turns":5.0},{"damage":8.0,"enemies":"2 Louse","floor":2.0,"turns":3.0},{"damage":6.0,"enemies":"Cultist","floor":3.0,"turns":3.0},{"damage":16.0,"enemies":"Exordium Thugs","floor":7.0,"turns":4.0},{"damage":12.0,"enemies":"3 Sentries","floor":11.0,"turns":3.0},{"damage":14.0,"enemies":"Looter","floor":12.0,"turns":3.0},{"damage":41.0,"enemies":"The Guardian","floor":16.0,"turns":10.0},{"damage":18.0,"enemies":"Chosen","floor":18.0,"turns":5.0},{"damage":18.0,"enemies":"3 Byrds","floor":19.0,"turns":4.0},{"damage":37.0,"enemies":"Cultist and Chosen","floor":20.0,"turns":5.0},{"damage":23.0,"enemies":"Gremlin Leader","floor":24.0,"turns":5.0},{"damage":37.0,"enemies":"3 Cultists","floor":25.0,"turns":4.0},{"damage":5.0,"enemies":"Snecko","floor":29.0,"turns":4.0},{"damage":3.0,"enemies":"Slavers","floor":30.0,"turns":1.0},{"damage":54.0,"enemies":"Automaton","floor":33.0,"turns":8.0},{"damage":21,"enemies":"3 Darklings","floor":35,"turns":4},{"damage":33,"enemies":"3 Shapes","floor":37,"turns":6},{"damage":43,"enemies":"Nemesis","floor":41,"turns":11},{"damage":0,"enemies":"2 Orb Walkers","floor":45,"turns":1},{"damage":5,"enemies":"Mind Bloom Boss Battle","floor":47,"turns":5},{"damage":23,"enemies":"3 Darklings","floor":48,"turns":7},{"damage":40,"enemies":"Donu and Deca","floor":50,"turns":7}],"seed_played":"-6983647508882982607","potions_obtained":[{"floor":0.0,"key":"champ:CounterPotion"},{"floor":0.0,"key":"Ancient Potion"},{"floor":0.0,"key":"EntropicBrew"},{"floor":7.0,"key":"BloodPotion"},{"floor":12.0,"key":"BloodPotion"},{"floor":18.0,"key":"DistilledChaos"},{"floor":19.0,"key":"Regen Potion"},{"floor":24.0,"key":"EssenceOfSteel"},{"floor":29.0,"key":"HeartOfIron"},{"floor":37,"key":"EntropicBrew"},{"floor":45,"key":"BlessingOfTheForge"}],"is_trial":false,"path_per_floor":["M","M","M","?","T","R","M","?","T","R","E","M","R","$","R","B",null,"M","M","M","?","?","R","E","M","T","R","$","M","E","T","R","B",null,"M","$","M","?","?","R","E","R","T","?","?","R","?","M","R","B",null],"character_chosen":"IRONCLAD","items_purchased":["Membership Card","Potion Belt","Regal Pillow","Bronze Scales"],"campfire_rested":4,"item_purchase_floors":[14,28,36,36],"current_hp_per_floor":[62,60,60,53,53,53,43,43,43,67,61,69,69,69,69,34,69,64,68,43,43,43,67,50,35,35,59,59,80,80,80,80,46,72,57,57,46,46,36,75,80,80,80,70,76,76,80,80,80,63],"gold":320,"neow_bonus":"THREE_SMALL_POTIONS","is_daily":false,"chose_seed":false,"campfire_upgraded":7,"win_rate":0.0,"timestamp":1610445405,"path_taken":["M","M","M","?","?","R","M","?","T","R","E","M","R","$","R","BOSS","M","M","?","?","?","R","E","M","T","R","?","M","E","?","R","BOSS","M","$","M","?","?","R","E","R","T","?","?","R","?","M","R","BOSS"],"items_purchased_type":["Relic","Relic","Relic","Relic"],"build_version":"2020-12-22","purchased_purges":2,"victory":true,"max_hp_per_floor":[80,80,80,80,80,80,80,80,80,80,80,80,80,80,80,80,80,80,80,80,80,80,80,80,80,80,80,80,80,80,80,80,80,80,80,80,80,80,80,80,80,80,80,80,80,80,80,80,80,80],"card_choices":[{"not_picked":["Iron Wave","Heavy Blade","Perfected Strike"],"picked":"SKIP","floor":1.0},{"not_picked":["Sword Boomerang","Iron Wave"],"picked":"Whirlwind","floor":2.0},{"not_picked":["Combust","Headbutt"],"picked":"Shrug It Off","floor":3.0},{"not_picked":["Burning Pact","Feel No Pain"],"picked":"Flex","floor":7.0},{"not_picked":["Sword Boomerang","Body Slam"],"picked":"Double Tap","floor":11.0},{"not_picked":["True Grit","Intimidate","Cleave"],"picked":"SKIP","floor":12.0},{"not_picked":["Corruption","Juggernaut"],"picked":"Reaper","floor":16.0},{"not_picked":["Perfected Strike","Wild Strike"],"picked":"Flame Barrier","floor":18.0},{"not_picked":["Body Slam","Havoc","Thunderclap+1"],"picked":"SKIP","floor":19.0},{"not_picked":["Sword Boomerang","Second Wind+1","Heavy Blade"],"picked":"SKIP","floor":20.0},{"not_picked":["Power Through+1","Thunderclap"],"picked":"Impervious","floor":24.0},{"not_picked":["Pummel","Clash"],"picked":"Battle Trance","floor":25.0},{"not_picked":["Dual Wield","Uppercut","Warcry"],"picked":"SKIP","floor":29.0},{"not_picked":["Burning Pact","Cleave"],"picked":"Metallicize","floor":30.0},{"not_picked":["Exhume","Reaper"],"picked":"Demon Form","floor":33.0},{"not_picked":["Dark Embrace","Twin Strike+1"],"picked":"Metallicize+1","floor":35},{"not_picked":["Flex","Perfected Strike"],"picked":"Armaments+1","floor":37},{"not_picked":["Carnage","Uppercut+1"],"picked":"Metallicize+1","floor":41},{"not_picked":["Swift Strike","Thinking Ahead"],"picked":"Madness","floor":44},{"not_picked":["Metamorphosis","Dramatic Entrance"],"picked":"Good Instincts","floor":44},{"not_picked":["Metamorphosis","Sadistic Nature"],"picked":"Blind","floor":44},{"not_picked":["Anger+1","Reckless Charge+1"],"picked":"Inflame+1","floor":48}],"player_experience":168151,"relics_obtained":[{"floor":5.0,"key":"Kunai"},{"floor":9.0,"key":"Mercury Hourglass"},{"floor":11.0,"key":"Whetstone"},{"floor":24.0,"key":"Akabeko"},{"floor":26.0,"key":"Bag of Marbles"},{"floor":30.0,"key":"Charon\u0027s Ashes"},{"floor":31.0,"key":"Lantern"},{"floor":41,"key":"Vajra"},{"floor":43,"key":"Anchor"},{"floor":45,"key":"Turnip"},{"floor":47,"key":"StoneCalendar"}],"event_choices":[{"cards_removed":["Strike_R"],"damage_healed":0.0,"max_hp_gain":0.0,"max_hp_loss":0.0,"gold_gain":0.0,"event_name":"Golden Wing","player_choice":"Card Removal","floor":4.0,"gold_loss":0.0,"damage_taken":7.0},{"damage_healed":0.0,"max_hp_gain":0.0,"max_hp_loss":0.0,"gold_gain":0.0,"event_name":"Match and Keep!","player_choice":"1 cards matched","floor":8.0,"gold_loss":0.0,"damage_taken":0.0,"cards_obtained":["Discovery"]},{"damage_healed":0.0,"max_hp_gain":0.0,"max_hp_loss":0.0,"gold_gain":0.0,"event_name":"Drug Dealer","player_choice":"Obtain J.A.X.","floor":21.0,"gold_loss":0.0,"damage_taken":0.0,"cards_obtained":["J.A.X."]},{"damage_healed":0.0,"max_hp_gain":0.0,"max_hp_loss":0.0,"gold_gain":0.0,"event_name":"Ghosts","player_choice":"Ignored","floor":22.0,"gold_loss":0.0,"damage_taken":0.0},{"damage_healed":0,"gold_gain":0,"player_choice":"Ignored","damage_taken":0,"max_hp_gain":0,"max_hp_loss":0,"event_name":"Tomb of Lord Red Mask","floor":38,"gold_loss":0},{"damage_healed":0,"gold_gain":0,"player_choice":"Embrace Madness","damage_taken":10,"max_hp_gain":0,"max_hp_loss":0,"event_name":"Winding Halls","floor":39,"gold_loss":0,"cards_obtained":["Madness","Madness"]},{"damage_healed":0,"gold_gain":0,"player_choice":"Memory 3","damage_taken":10,"max_hp_gain":0,"max_hp_loss":0,"event_name":"SensoryStone","floor":44,"gold_loss":0},{"damage_healed":0,"gold_gain":0,"player_choice":"Fight","damage_taken":0,"max_hp_gain":0,"max_hp_loss":0,"event_name":"Mysterious Sphere","floor":45,"gold_loss":0},{"damage_healed":0,"gold_gain":0,"player_choice":"Fight","damage_taken":0,"max_hp_gain":0,"max_hp_loss":0,"event_name":"MindBloom","floor":47,"gold_loss":0}],"is_beta":false,"boss_relics":[{"not_picked":["Ectoplasm","Fusion Hammer"],"picked":"SlaversCollar"},{"not_picked":["Pandora\u0027s Box","Mark of Pain"],"picked":"SacredBark"}],"items_purged_floors":[28,36],"is_endless":false,"potions_floor_spawned":[3,7,12,18,19,24,29,37,45],"ascension_level":8}}