{"host":"uv231blk40vjdojr","time":1610464999,"event":{"mods":["AchievementEnabler","BaseMod","Bestiary","Minty Spire (QoL Compilation)","Relic Stats"],"gold_per_floor":[111,111,42,42,57,91,107,107,107,150,150,150],"floor_reached":11,"playtime":412,"items_purged":[],"score":81,"play_id":"714a5e44-bc9c-41df-bfb9-ee67e6a7e64e","local_time":"20210112162319","is_ascension_mode":false,"campfire_choices":[{"floor":8.0,"key":"REST"}],"circlet_count":0,"master_deck":["Strike_P","Strike_P","Strike_P","Strike_P","Defend_P","Defend_P","Defend_P","Defend_P","Eruption","Vigilance","Wireheading","Adaptation","SandsOfTime","DeceiveReality","TalkToTheHand"],"relics":["PureWater","GoldenEye","Pear","Golden Idol","WingedGreaves","Ancient Tea Set","Bottled Flame"],"acts_visited":["Exordium"],"potions_floor_usage":[],"damage_taken":[{"damage":0.0,"enemies":"Jaw Worm","floor":1.0,"turns":3.0},{"damage":0.0,"enemies":"2 Louse","floor":5.0,"turns":3.0},{"damage":18.0,"enemies":"Lagavulin","floor":6.0,"turns":6.0},{"damage":12.0,"enemies":"Cultist","floor":7.0,"turns":3.0},{"damage":17.0,"enemies":"3 Sentries","floor":10.0,"turns":6.0},{"damage":74,"enemies":"Gremlin Nob","floor":11,"turns":4}],"seed_played":"-6999733423302194754","potions_obtained":[{"floor":5.0,"key":"Swift Potion"},{"floor":7.0,"key":"SkillPotion"}],"is_trial":false,"path_per_floor":["M","?","$","?","M","E","M","R","T","E","E"],"character_chosen":"WATCHER","items_purchased":["Adaptation"],"campfire_rested":1,"item_purchase_floors":[3],"current_hp_per_floor":[51,49,49,49,49,31,19,41,41,24,0,0],"gold":150,"neow_bonus":"ONE_RARE_RELIC","is_daily":false,"chose_seed":false,"campfire_upgraded":0,"win_rate":0.0,"timestamp":1610464999,"path_taken":["M","?","$","?","M","E","M","R","T","E","E"],"items_purchased_type":["Card"],"build_version":"2020-12-22","purchased_purges":0,"victory":false,"max_hp_per_floor":[72,82,82,76,76,76,76,76,76,76,76,76],"relic_stats":{"counters":[6,25],"Golden Idol":31,"GoldenEye":[15],"obtain_stats":[{"Bottled Flame":10,"Pear":2,"Golden Idol":4,"WingedGreaves":6,"PureWater":0,"GoldenEye":0,"Ancient Tea Set":9},{"Bottled Flame":5,"Pear":1,"Golden Idol":1,"WingedGreaves":3,"PureWater":0,"GoldenEye":0,"Ancient Tea Set":4},{"Bottled Flame":21,"Pear":3,"Golden Idol":3,"WingedGreaves":12,"PureWater":0,"GoldenEye":0,"Ancient Tea Set":15}]},"card_choices":[{"not_picked":["Crescendo","Consecrate"],"picked":"Wireheading","floor":1.0},{"not_picked":["EmptyBody","Prostrate"],"picked":"SandsOfTime","floor":5.0},{"not_picked":["FollowUp","ThirdEye"],"picked":"DeceiveReality","floor":6.0},{"not_picked":["ClearTheMind","CrushJoints","MasterReality"],"picked":"SKIP","floor":7.0},{"not_picked":["DeceiveReality","CutThroughFate"],"picked":"TalkToTheHand","floor":10}],"player_experience":668992,"relics_obtained":[{"floor":6.0,"key":"WingedGreaves"},{"floor":9.0,"key":"Ancient Tea Set"},{"floor":10,"key":"Bottled Flame"}],"event_choices":[{"damage_healed":0.0,"max_hp_gain":0.0,"max_hp_loss":0.0,"gold_gain":0.0,"event_name":"Scrap Ooze","player_choice":"Success","floor":2.0,"gold_loss":0.0,"damage_taken":12.0,"relics_obtained":["Pear"]},{"damage_healed":0.0,"max_hp_gain":0.0,"max_hp_loss":6.0,"gold_gain":0.0,"event_name":"Golden Idol","player_choice":"Lose Max HP","floor":4.0,"gold_loss":0.0,"damage_taken":0.0,"relics_obtained":["Golden Idol"]}],"is_beta":false,"boss_relics":[],"items_purged_floors":[],"is_endless":false,"potions_floor_spawned":[5,7],"killed_by":"Gremlin Nob","ascension_level":0}}