{"host":"bf9sa99gaumonoeu","time":1610485944,"event":{"mods":["AchievementEnabler","Act Like it!","BaseMod","Better Sensory Stone","Colored Map","Colored Powertips","Fox Events","Friendly Minions","Gensokyo","GifTheSpireLib","Googly Eyes","Hallownest","Hermit","Jorbs\u0027s Wanderer Trilogy","KinomotoSakuraMod(????)","Koishi","Lobotomy","Marisa????????","Minty Spire (QoL Compilation)","Rare Cards Sparkle","Reimu??????","Relic Stats","Remilia??????","Replay The Spire","StSLib","The Administrix","The Animator","The Bug Knight","The Construct","The Cursed","The Disciple","The Hierophant","The Mystic","The Necromancer","The Poker Player","The Runesmith","The Senshi","The Servant 0.9.4","TheLocksmith","thorton"],"gold_per_floor":[115,142,162,183,148,148,197,197,222,222,222,261,274,274,274,361,361,381,381,406,406,295,295,295,295,295,325,394,420,444,444,77,91,91,172,172,195,195,252,267,267,267,298,321,321,321,369,369,388,388,388],"floor_reached":50,"language":"ENG","playtime":4858,"items_purged":["Parasite","animator:Strike"],"score":795,"play_id":"a33d1e3a-ecc7-41c8-ad31-a5b547879a02","local_time":"20210112191224","is_ascension_mode":true,"campfire_choices":[{"data":"animator:Spearman","floor":6.0,"key":"SMITH"},{"floor":8.0,"key":"REST"},{"data":"animator:Shimakaze","floor":11.0,"key":"SMITH"},{"data":"animator:KoishiKomeiji","floor":15.0,"key":"SMITH"},{"floor":23.0,"key":"REST"},{"data":"animator:ShizuruNakatsu","floor":26.0,"key":"SMITH"},{"data":"animator:MikuIzayoi","floor":31.0,"key":"SMITH"},{"data":"animator:GoblinSlayer","floor":34.0,"key":"SMITH"},{"floor":42,"key":"REST"},{"floor":46,"key":"REST"},{"floor":48,"key":"REST"}],"circlet_count":0,"master_deck":["AscendersBane","animator:Strike_Rewrite","animator:Defend_Rewrite","animator:Strike","animator:Defend","animator:Defend","animator:Defend","animator:YoshinoHaruhiko","animator:ShizuruNakatsu+1","animator:Shimakaze+1","animator:MikuIzayoi+1","animator:GuildGirl","animator:Spearman+1","animator:MikuIzayoi","animator:Cocytus","animator:KoishiKomeiji+1","animator:GoblinSlayer+1","animator:SuikaIbuki","animator:Priestess+1","animator:GuildGirl+1","animator:NononJakuzure","animator:SougenEsaka+1","animator:Chibimoth+1","animator:Witch","animator:ChihayaOhtori"],"relics":["animator:LivingPicture","animator:TheMissingPiece","PreservedInsect","Orichalcum","Blood Vial","Busted Crown","HollowMod:StagPassRelic","Gremlin Horn","ReplayTheSpireMod:TigerMarble","Cursed Key","Counterbalance","Mercury Hourglass"],"acts_visited":["Exordium","TheCity","TheBeyond"],"potions_floor_usage":[43,49],"damage_taken":[{"damage":0.0,"enemies":"Small Slimes","floor":1.0,"turns":4.0},{"damage":3.0,"enemies":"Jaw Worm","floor":2.0,"turns":6.0},{"damage":3.0,"enemies":"2 Louse","floor":3.0,"turns":4.0},{"damage":6.0,"enemies":"Exordium Wildlife","floor":4.0,"turns":4.0},{"damage":28.0,"enemies":"Replay:BlueRogue","floor":7.0,"turns":8.0},{"damage":13.0,"enemies":"Lagavulin","floor":12.0,"turns":8.0},{"damage":13.0,"enemies":"Exordium Thugs","floor":13.0,"turns":4.0},{"damage":14.0,"enemies":"The Guardian","floor":16.0,"turns":10.0},{"damage":11.0,"enemies":"Chosen","floor":18.0,"turns":6.0},{"damage":22.0,"enemies":"2 Thieves","floor":20.0,"turns":5.0},{"damage":13.0,"enemies":"3 Cultists","floor":27.0,"turns":6.0},{"damage":0.0,"enemies":"Centurion and Healer","floor":29.0,"turns":7.0},{"damage":0.0,"enemies":"Sentry and Sphere","floor":30.0,"turns":7.0},{"damage":0.0,"enemies":"Snake Plant","floor":33.0,"turns":6.0},{"damage":22.0,"enemies":"Collector","floor":35.0,"turns":13.0},{"damage":16,"enemies":"3 Shapes","floor":37,"turns":4},{"damage":11,"enemies":"Mind Bloom Boss Battle","floor":39,"turns":8},{"damage":2,"enemies":"Orb Walker","floor":40,"turns":5},{"damage":15,"enemies":"Sphere and 2 Shapes","floor":43,"turns":6},{"damage":6,"enemies":"3 Darklings","floor":44,"turns":6},{"damage":38,"enemies":"R_Hoarder","floor":47,"turns":8},{"damage":32,"enemies":"4 Shapes","floor":49,"turns":4},{"damage":18,"enemies":"Spire Growth","floor":50,"turns":4}],"seed_played":"5446319422622172764","potions_obtained":[{"floor":1.0,"key":"Swift Potion"},{"floor":2.0,"key":"Swift Potion"},{"floor":12.0,"key":"Swift Potion"},{"floor":13.0,"key":"Energy Potion"},{"floor":20.0,"key":"Dexterity Potion"},{"floor":29.0,"key":"DistilledChaos"},{"floor":30.0,"key":"Dexterity Potion"},{"floor":33.0,"key":"Swift Potion"},{"floor":37,"key":"Elixir"},{"floor":44,"key":"Energy Potion"}],"is_trial":false,"path_per_floor":["M","M","M","M","?","R","E","R","T","?","R","E","M","?","R","B",null,"M","?","M","T","$","R","PTL","PTL","R","M","T","M","M","R","$","M","R","B",null,"M","?","?","M","?","R","M","M","T","R","E","R","M","M"],"character_chosen":"THE_ANIMATOR","items_purchased":["animator:Priestess+1","animator:GuildGirl","ReplayTheSpireMod:TigerMarble","Block Potion"],"campfire_rested":5,"item_purchase_floors":[22,32,32,32],"current_hp_per_floor":[59,56,54,48,64,64,36,56,56,49,49,36,25,41,41,29,58,49,49,29,29,29,48,48,48,48,37,37,39,41,41,41,43,43,23,54,40,40,31,32,32,50,38,34,34,52,16,34,4,0,0],"gold":388,"neow_bonus":"RANDOM_COLORLESS","is_daily":false,"chose_seed":true,"campfire_upgraded":6,"win_rate":0.0,"timestamp":1610485944,"path_taken":["M","M","M","M","?","R","E","R","T","?","R","E","M","?","R","BOSS","M","?","M","?","$","R","PTL","PTL","R","M","T","M","M","R","$","M","R","BOSS","M","?","?","M","?","R","M","?","T","R","E","R","M","M"],"items_purchased_type":["Card","Card","Relic","Potion"],"build_version":"2020-12-22","purchased_purges":2,"victory":false,"max_hp_per_floor":[66,66,67,67,67,67,67,67,67,67,67,67,67,67,67,67,67,67,67,67,67,64,64,64,64,64,64,64,64,64,64,64,64,64,64,64,64,64,64,65,62,62,63,63,63,63,63,63,63,63,63],"relic_stats":{"Blood Vial":34,"Busted Crown":68,"Gremlin Horn":[22,22],"counters":[23,143],"PreservedInsect":116,"Orichalcum":[48],"Cursed Key":0,"obtain_stats":[{"Blood Vial":12,"Busted Crown":17,"Gremlin Horn":28,"animator:TheMissingPiece":0,"Counterbalance":39,"animator:LivingPicture":0,"PreservedInsect":7,"ReplayTheSpireMod:TigerMarble":32,"Orichalcum":9,"HollowMod:StagPassRelic":21,"Cursed Key":36,"Mercury Hourglass":47},{"Blood Vial":6,"Busted Crown":8,"Gremlin Horn":11,"animator:TheMissingPiece":0,"Counterbalance":17,"animator:LivingPicture":0,"PreservedInsect":5,"ReplayTheSpireMod:TigerMarble":13,"Orichalcum":5,"HollowMod:StagPassRelic":10,"Cursed Key":15,"Mercury Hourglass":21},{"Blood Vial":34,"Busted Crown":48,"Gremlin Horn":65,"animator:TheMissingPiece":0,"Counterbalance":110,"animator:LivingPicture":0,"PreservedInsect":26,"ReplayTheSpireMod:TigerMarble":79,"Orichalcum":26,"HollowMod:StagPassRelic":59,"Cursed Key":98,"Mercury Hourglass":135}],"Mercury Hourglass":[54]},"card_choices":[{"not_picked":["animator:Magilou","animator:NononJakuzure"],"picked":"animator:Shimakaze","floor":0.0},{"not_picked":["animator:Priestess","animator:AliceMargatroid"],"picked":"animator:MikuIzayoi","floor":1.0},{"not_picked":["animator:Cocytus","animator:SilverFang"],"picked":"animator:GuildGirl","floor":2.0},{"not_picked":["animator:Natsumi","animator:Melzalgald"],"picked":"animator:Spearman","floor":3.0},{"not_picked":["animator:ReineMurasame","animator:YoshinoHimekawa"],"picked":"animator:MikuIzayoi","floor":4.0},{"not_picked":["animator:ShizuruNakatsu","animator:YuukaKazami"],"picked":"animator:Cocytus","floor":7.0},{"not_picked":["animator:OrigamiTobiichi","animator:ShidoItsuka","animator:KaguyaHouraisan"],"picked":"SKIP","floor":12.0},{"not_picked":["animator:HighElfArcher","animator:CowGirl"],"picked":"animator:KoishiKomeiji","floor":13.0},{"not_picked":["animator:HiedaNoAkyuu","animator:KoishiKomeiji"],"picked":"animator:GoblinSlayer","floor":16.0},{"not_picked":[],"picked":"animator:SuikaIbuki","floor":20.0},{"not_picked":["animator:Priestess+1"],"picked":"SKIP","floor":27.0},{"not_picked":["animator:Ciel"],"picked":"SKIP","floor":29.0},{"not_picked":["animator:Midou"],"picked":"SKIP","floor":33.0},{"not_picked":["animator:Midou"],"picked":"SKIP","floor":33.0},{"not_picked":["animator:Midou"],"picked":"SKIP","floor":33.0},{"not_picked":["animator:YoshinoHimekawa"],"picked":"SKIP","floor":37},{"not_picked":[],"picked":"animator:NononJakuzure","floor":38},{"not_picked":[],"picked":"animator:SougenEsaka+1","floor":39},{"not_picked":[],"picked":"animator:Chibimoth+1","floor":40},{"not_picked":[],"picked":"animator:Witch","floor":43},{"not_picked":["animator:Entoma"],"picked":"SKIP","floor":44},{"not_picked":[],"picked":"animator:ChihayaOhtori","floor":47},{"not_picked":["animator:Genos"],"picked":"SKIP","floor":49}],"player_experience":923703,"relics_obtained":[{"floor":7.0,"key":"PreservedInsect"},{"floor":9.0,"key":"Orichalcum"},{"floor":12.0,"key":"Blood Vial"},{"floor":21.0,"key":"HollowMod:StagPassRelic"},{"floor":28.0,"key":"Gremlin Horn"},{"floor":39,"key":"Counterbalance"},{"floor":47,"key":"Mercury Hourglass"}],"event_choices":[{"damage_healed":16.0,"max_hp_gain":0.0,"max_hp_loss":0.0,"gold_gain":0.0,"event_name":"The Cleric","player_choice":"Healed","floor":5.0,"gold_loss":35.0,"damage_taken":0.0},{"cards_removed":["animator:Strike"],"damage_healed":0.0,"max_hp_gain":0.0,"max_hp_loss":0.0,"gold_gain":0.0,"event_name":"Golden Wing","player_choice":"Card Removal","floor":10.0,"gold_loss":0.0,"damage_taken":7.0},{"damage_healed":16.0,"max_hp_gain":0.0,"max_hp_loss":0.0,"gold_gain":0.0,"event_name":"Mushrooms","player_choice":"Healed and dodged fight","floor":14.0,"gold_loss":0.0,"damage_taken":0.0,"cards_obtained":["Parasite"]},{"damage_healed":0,"gold_gain":3,"player_choice":"1","damage_taken":0,"max_hp_gain":0,"max_hp_loss":0,"event_name":"betterStone:BetterStone","floor":38,"gold_loss":0},{"damage_healed":0,"gold_gain":0,"player_choice":"Fight","damage_taken":0,"max_hp_gain":0,"max_hp_loss":0,"event_name":"MindBloom","floor":39,"gold_loss":0},{"damage_healed":0,"gold_gain":0,"player_choice":"Max HP","damage_taken":0,"max_hp_gain":0,"max_hp_loss":3,"event_name":"Winding Halls","floor":41,"gold_loss":0}],"is_beta":false,"boss_relics":[{"not_picked":["Replay:Ancient Bell","Runesmith:UraniumAnvil"],"picked":"Busted Crown"},{"not_picked":["Mark of Pain","Replay:Wanted Poster"],"picked":"Cursed Key"}],"items_purged_floors":[22,32],"is_endless":false,"potions_floor_spawned":[1,2,12,13,20,29,30,33,37,44,47],"killed_by":"Spire Growth","ascension_level":13}}