{"host":"28p8ce41sjwa6lzf","time":1610467694,"event":{"mods":["BaseMod","Bestiary","Colored Map","Colored Powertips","Dark Map","Highlight Path","Minty Spire (QoL Compilation)","Permanent Neow","Quick Restart","Random Character Button","Rare Cards Sparkle","Relic Stats","StSLib","Unceasing Turn Reminder"],"gold_per_floor":[113,123,139,139,159,159,192,204,204,204,204,216,216,248,248,326,326,343,343,360,360,374,374,18,47,127,145,155,155,183,26,26,102,102,112,112,138,138,157,157,67,87,112,129,160,177,177,205,205,205,205,205,205,22,51,51],"floor_reached":57,"playtime":5042,"items_purged":["Strike_B","Defend_B"],"score":2649,"play_id":"d2962097-33bc-420b-b36c-042785045acd","local_time":"20210112100814","is_ascension_mode":true,"campfire_choices":[{"data":"Electrodynamics","floor":6.0,"key":"SMITH"},{"data":"Glacier","floor":11.0,"key":"SMITH"},{"data":"Glacier","floor":13.0,"key":"SMITH"},{"data":"Ball Lightning","floor":15.0,"key":"SMITH"},{"data":"Biased Cognition","floor":23.0,"key":"SMITH"},{"data":"Hologram","floor":32.0,"key":"SMITH"},{"data":"White Noise","floor":40.0,"key":"SMITH"},{"floor":49.0,"key":"RECALL"},{"floor":53.0,"key":"REST"}],"circlet_count":0,"master_deck":["AscendersBane","Strike_B+1","Defend_B","Defend_B","Zap","Dualcast+1","Electrodynamics+1","Melter","Glacier+1","Rebound","Ball Lightning+1","Glacier+1","Self Repair","Biased Cognition+1","Core Surge+1","Cold Snap+1","Undo+1","Storm","Capacitor","Hologram","Cold Snap","White Noise+1","Hologram+1","Capacitor","Core Surge","Secret Technique","Reinforced Body","Heatsinks","Hello World","Storm","Coolheaded","Coolheaded"],"relics":["Cracked Core","Meat on the Bone","Shuriken","Mummified Hand","Astrolabe","FaceOfCleric","Cables","Tiny Chest","White Beast Statue","Bottled Flame","DataDisk","SlaversCollar","Toy Ornithopter","Symbiotic Virus","Du-Vu Doll","Smiling Mask","Kunai"],"acts_visited":["Exordium","TheCity","TheBeyond","TheEnding"],"potions_floor_usage":[56,56],"damage_taken":[{"damage":0.0,"enemies":"2 Louse","floor":1.0,"turns":3.0},{"damage":9.0,"enemies":"Jaw Worm","floor":2.0,"turns":3.0},{"damage":0.0,"enemies":"Cultist","floor":3.0,"turns":3.0},{"damage":0.0,"enemies":"3 Louse","floor":5.0,"turns":3.0},{"damage":19.0,"enemies":"Lagavulin","floor":7.0,"turns":7.0},{"damage":8.0,"enemies":"Exordium Thugs","floor":8.0,"turns":3.0},{"damage":0.0,"enemies":"Exordium Wildlife","floor":12.0,"turns":3.0},{"damage":8.0,"enemies":"Gremlin Nob","floor":14.0,"turns":3.0},{"damage":11.0,"enemies":"The Guardian","floor":16.0,"turns":18.0},{"damage":0.0,"enemies":"Shell Parasite","floor":18.0,"turns":2.0},{"damage":11.0,"enemies":"Spheric Guardian","floor":20.0,"turns":3.0},{"damage":4.0,"enemies":"Centurion and Healer","floor":22.0,"turns":6.0},{"damage":29.0,"enemies":"Slavers","floor":25.0,"turns":4.0},{"damage":9.0,"enemies":"Snecko","floor":27.0,"turns":5.0},{"damage":0.0,"enemies":"Chosen and Byrds","floor":28.0,"turns":6.0},{"damage":24.0,"enemies":"Gremlin Leader","floor":30.0,"turns":6.0},{"damage":8.0,"enemies":"Automaton","floor":33.0,"turns":11.0},{"damage":0.0,"enemies":"Orb Walker","floor":35.0,"turns":4.0},{"damage":9.0,"enemies":"3 Darklings","floor":39.0,"turns":5.0},{"damage":10.0,"enemies":"Maw","floor":42.0,"turns":7.0},{"damage":28.0,"enemies":"Spire Growth","floor":44.0,"turns":4.0},{"damage":13.0,"enemies":"Nemesis","floor":45.0,"turns":5.0},{"damage":16.0,"enemies":"Jaw Worm Horde","floor":46.0,"turns":5.0},{"damage":10.0,"enemies":"Giant Head","floor":48.0,"turns":7.0},{"damage":49.0,"enemies":"Time Eater","floor":50.0,"turns":15.0},{"damage":40.0,"enemies":"Awakened One","floor":51.0,"turns":25.0},{"damage":57.0,"enemies":"Shield and Spear","floor":55.0,"turns":6.0},{"damage":53,"enemies":"The Heart","floor":56,"turns":12}],"seed_played":"1343165320596978703","potions_obtained":[{"floor":1.0,"key":"SpeedPotion"},{"floor":7.0,"key":"Fire Potion"},{"floor":8.0,"key":"EssenceOfSteel"},{"floor":18.0,"key":"DuplicationPotion"},{"floor":25.0,"key":"Energy Potion"},{"floor":27.0,"key":"EntropicBrew"},{"floor":30.0,"key":"Fruit Juice"},{"floor":33.0,"key":"FocusPotion"},{"floor":39.0,"key":"EntropicBrew"},{"floor":44.0,"key":"Energy Potion"},{"floor":46.0,"key":"ColorlessPotion"},{"floor":55.0,"key":"LiquidMemories"}],"is_trial":false,"path_per_floor":["M","M","M","?","M","R","E","M","T","?","R","M","R","E","R","B",null,"M","?","M","?","M","R","$","E","T","M","M","?","E","$","R","B",null,"M","?","T","?","M","R","$","M","T","M","E","M","T","E","R","B","B",null,"R","$","E","B",null],"character_chosen":"DEFECT","items_purchased":["Cables","DataDisk","Heatsinks","Coolheaded","GamblersBrew"],"campfire_rested":1,"item_purchase_floors":[24,31,41,54,54],"current_hp_per_floor":[64,55,55,55,55,55,36,40,40,21,21,33,33,44,44,40,58,58,74,70,70,74,74,74,53,53,52,60,60,56,56,56,61,79,86,86,86,86,85,85,85,83,83,68,63,60,60,58,58,44,17,75,94,94,62,39],"gold":51,"neow_bonus":"THREE_RARE_CARDS","is_daily":false,"chose_seed":false,"campfire_upgraded":7,"win_rate":0.0,"timestamp":1610467694,"path_taken":["M","M","M","?","M","R","E","M","T","?","R","M","R","E","R","BOSS","M","?","?","?","?","R","$","E","T","M","M","?","E","?","R","BOSS","M","?","?","?","?","R","?","M","T","M","E","M","?","E","R","BOSS","BOSS","R","$","E","BOSS"],"items_purchased_type":["Relic","Relic","Card","Card","Potion"],"build_version":"2020-12-22","purchased_purges":2,"victory":true,"max_hp_per_floor":[64,64,64,64,64,64,64,64,64,64,64,64,64,64,64,64,64,64,74,74,74,75,75,75,76,76,77,78,78,79,79,79,85,85,86,86,86,86,87,87,87,88,88,89,90,91,91,92,92,93,94,94,94,94,95,96],"relic_stats":{"FaceOfCleric":17,"counters":[28,184],"Shuriken":[15],"Mummified Hand":[160],"Astrolabe":["Core Surge","Cold Snap","Undo"],"Tiny Chest":2,"Kunai":[4],"Smiling Mask":50,"obtain_stats":[{"Astrolabe":17,"Smiling Mask":48,"White Beast Statue":26,"Cables":24,"Du-Vu Doll":47,"SlaversCollar":34,"Bottled Flame":30,"DataDisk":31,"FaceOfCleric":21,"Shuriken":9,"Mummified Hand":14,"Tiny Chest":25,"Kunai":55,"Cracked Core":0,"Symbiotic Virus":45,"Toy Ornithopter":43,"Meat on the Bone":7},{"Astrolabe":9,"Smiling Mask":24,"White Beast Statue":13,"Cables":12,"Du-Vu Doll":23,"SlaversCollar":17,"Bottled Flame":16,"DataDisk":16,"FaceOfCleric":11,"Shuriken":6,"Mummified Hand":8,"Tiny Chest":13,"Kunai":27,"Cracked Core":0,"Symbiotic Virus":22,"Toy Ornithopter":20,"Meat on the Bone":5},{"Astrolabe":46,"Smiling Mask":126,"White Beast Statue":61,"Cables":57,"Du-Vu Doll":119,"SlaversCollar":89,"Bottled Flame":78,"DataDisk":78,"FaceOfCleric":51,"Shuriken":22,"Mummified Hand":28,"Tiny Chest":61,"Kunai":172,"Cracked Core":0,"Symbiotic Virus":114,"Toy Ornithopter":105,"Meat on the Bone":19}],"Toy Ornithopter":40,"Meat on the Bone":96,"Cables":[117,59,56,2,0]},"card_choices":[{"not_picked":["All For One","Rainbow"],"picked":"Electrodynamics","floor":0.0},{"not_picked":["Redo","Leap"],"picked":"Melter","floor":1.0},{"not_picked":["Compile Driver","Steam"],"picked":"Glacier","floor":2.0},{"not_picked":["Fusion","Aggregate"],"picked":"Rebound","floor":3.0},{"not_picked":["Gash","Go for the Eyes"],"picked":"Ball Lightning","floor":5.0},{"not_picked":["Blizzard","Sweeping Beam"],"picked":"Glacier","floor":7.0},{"not_picked":["Steam Power","Rebound","Go for the Eyes"],"picked":"SKIP","floor":8.0},{"not_picked":["Conserve Battery","Rebound"],"picked":"Self Repair","floor":12.0},{"not_picked":["Storm","Skim"],"picked":"Machine Learning","floor":14.0},{"not_picked":["Reboot","Core Surge"],"picked":"Biased Cognition","floor":16.0},{"not_picked":["Sweeping Beam","Double Energy"],"picked":"Storm","floor":18.0},{"not_picked":["Coolheaded","Turbo"],"picked":"Capacitor","floor":20.0},{"not_picked":["Auto Shields","Ball Lightning+1"],"picked":"Hologram","floor":22.0},{"not_picked":["Compile Driver","Reprogram"],"picked":"Cold Snap","floor":25.0},{"not_picked":["Chill","Steam+1"],"picked":"White Noise","floor":27.0},{"not_picked":["Steam","Rebound"],"picked":"Hologram","floor":28.0},{"not_picked":["Chill","Static Discharge","Ball Lightning"],"picked":"SKIP","floor":30.0},{"not_picked":["Electrodynamics","Machine Learning"],"picked":"Core Surge","floor":33.0},{"not_picked":["Aggregate","Chill","Go for the Eyes"],"picked":"SKIP","floor":35.0},{"not_picked":["Jack Of All Trades","Swift Strike"],"picked":"Secret Technique","floor":36.0},{"not_picked":["FTL+1","Gash"],"picked":"Reinforced Body","floor":39.0},{"not_picked":["Rip and Tear","Ball Lightning","Melter"],"picked":"SKIP","floor":42.0},{"not_picked":["Blizzard","Steam","Hologram"],"picked":"SKIP","floor":44.0},{"not_picked":["All For One","Stack","Steam"],"picked":"SKIP","floor":45.0},{"not_picked":["Gash","Cold Snap"],"picked":"Hello World","floor":46.0},{"not_picked":["Beam Cell","Multi-Cast"],"picked":"Storm","floor":48.0},{"not_picked":["Cold Snap","Heatsinks"],"picked":"Coolheaded","floor":55.0}],"player_experience":1131138,"relics_obtained":[{"floor":7.0,"key":"Meat on the Bone"},{"floor":9.0,"key":"Shuriken"},{"floor":14.0,"key":"Mummified Hand"},{"floor":25.0,"key":"Tiny Chest"},{"floor":26.0,"key":"White Beast Statue"},{"floor":30.0,"key":"Bottled Flame"},{"floor":43.0,"key":"Toy Ornithopter"},{"floor":45.0,"key":"Symbiotic Virus"},{"floor":47.0,"key":"Du-Vu Doll"},{"floor":48.0,"key":"Smiling Mask"},{"floor":55.0,"key":"Kunai"}],"event_choices":[{"damage_healed":0.0,"max_hp_gain":0.0,"max_hp_loss":0.0,"gold_gain":0.0,"event_name":"Liars Game","player_choice":"Ignored","floor":4.0,"gold_loss":0.0,"damage_taken":0.0},{"damage_healed":0.0,"max_hp_gain":0.0,"max_hp_loss":0.0,"gold_gain":0.0,"event_name":"Shining Light","player_choice":"Entered Light","floor":10.0,"gold_loss":0.0,"damage_taken":19.0,"cards_upgraded":["Strike_B","Dualcast"]},{"cards_removed":["Machine Learning"],"damage_healed":6.0,"max_hp_gain":10.0,"max_hp_loss":0.0,"gold_gain":0.0,"event_name":"Bonfire Elementals","player_choice":"Offered Rare","floor":19.0,"gold_loss":0.0,"damage_taken":0.0},{"damage_healed":0.0,"max_hp_gain":0.0,"max_hp_loss":0.0,"gold_gain":0.0,"event_name":"FaceTrader","player_choice":"Trade","floor":21.0,"gold_loss":0.0,"damage_taken":0.0,"relics_obtained":["FaceOfCleric"]},{"damage_healed":0.0,"max_hp_gain":0.0,"max_hp_loss":0.0,"gold_gain":0.0,"event_name":"The Library","player_choice":"Read","floor":29.0,"gold_loss":0.0,"damage_taken":0.0,"cards_obtained":["Capacitor"]},{"damage_healed":0.0,"max_hp_gain":0.0,"max_hp_loss":0.0,"gold_gain":0.0,"event_name":"SensoryStone","player_choice":"Memory 1","floor":36.0,"gold_loss":0.0,"damage_taken":0.0},{"damage_healed":0.0,"max_hp_gain":0.0,"max_hp_loss":0.0,"gold_gain":0.0,"event_name":"Tomb of Lord Red Mask","player_choice":"Ignored","floor":38.0,"gold_loss":0.0,"damage_taken":0.0}],"is_beta":false,"boss_relics":[{"not_picked":["Tiny House","Ectoplasm"],"picked":"Astrolabe"},{"not_picked":["Inserter","Black Star"],"picked":"SlaversCollar"}],"items_purged_floors":[24,54],"is_endless":false,"potions_floor_spawned":[1,7,8,18,25,27,28,30,33,35,39,42,44,45,46,48,55],"ascension_level":20}}