{"host":"hvwa7s69zr612rn1","time":1610494456,"event":{"mods":["BaseMod","Colored Map","Colored Powertips","Minty Spire (QoL Compilation)","StSLib","The Bug Knight"],"gold_per_floor":[116,116,128,146,71,105,5,5,55,68,84,100,116,116,116,221,221,236,264,283,296,296,296,324,343,368,368,243,243,243,243],"floor_reached":30,"language":"ENG","playtime":1853,"items_purged":["HollowMod:ShadowDash","HollowMod:QuickDashStart","HollowMod:NailStrikeStart"],"score":265,"play_id":"7f7f89d1-6af2-47ef-92a7-a633d811cd02","local_time":"20210113103416","is_ascension_mode":true,"campfire_choices":[{"data":"HollowMod:TaintedHusks","floor":8,"key":"SMITH"},{"data":"HollowMod:PogoStrike","floor":15,"key":"SMITH"},{"data":"HollowMod:RadiancesLament","floor":23,"key":"SMITH"},{"data":"HollowMod:InfectedCysts","floor":27,"key":"SMITH"}],"circlet_count":0,"master_deck":["HollowMod:NailStrikeStart","HollowMod:NailStrikeStart+1","HollowMod:QuickDashStart","HollowMod:QuickDashStart+1","HollowMod:QuickDashStart","HollowMod:FocusHealStart","HollowMod:PogoStrike+1","HollowMod:InfectedAttack","HollowMod:TaintedHusks+1","HollowMod:DungDefenderAura+1","HollowMod:CloakDash+1","HollowMod:FastStrike+1","HollowMod:RadiancesLament+1","HollowMod:NewGlowingWomb","HollowMod:InfectedCysts+1","HollowMod:MothsMistake+1"],"relics":["HollowMod:VesselMask","Nunchaku","Akabeko","SacredBark","Red Mask","War Paint","Whetstone","HollowMod:MantisClawRelic"],"acts_visited":["Exordium","TheCity"],"potions_floor_usage":[13,16,19,24,25],"damage_taken":[{"damage":0,"enemies":"2 Louse","floor":1,"turns":2},{"damage":2,"enemies":"Cultist","floor":3,"turns":3},{"damage":9,"enemies":"Jaw Worm","floor":4,"turns":4},{"damage":45,"enemies":"HollowMod:MossKnight","floor":6,"turns":6},{"damage":16,"enemies":"2 Fungi Beasts","floor":10,"turns":3},{"damage":7,"enemies":"Large Slime","floor":11,"turns":7},{"damage":8,"enemies":"Exordium Thugs","floor":12,"turns":5},{"damage":0,"enemies":"Blue Slaver","floor":13,"turns":1},{"damage":15,"enemies":"Hexaghost","floor":16,"turns":7},{"damage":8,"enemies":"Chosen","floor":18,"turns":4},{"damage":48,"enemies":"Masked Bandits","floor":19,"turns":6},{"damage":9,"enemies":"Spheric Guardian","floor":20,"turns":4},{"damage":15,"enemies":"Cultist and Chosen","floor":21,"turns":6},{"damage":48,"enemies":"Book of Stabbing","floor":24,"turns":4},{"damage":16,"enemies":"Centurion and Healer","floor":25,"turns":6},{"damage":32,"enemies":"Snake Plant","floor":30,"turns":2}],"seed_played":"-3228186753499427859","potions_obtained":[{"floor":3,"key":"ColorlessPotion"},{"floor":6,"key":"ColorlessPotion"},{"floor":12,"key":"AttackPotion"},{"floor":13,"key":"PowerPotion"},{"floor":16,"key":"Regen Potion"},{"floor":19,"key":"SpeedPotion"},{"floor":24,"key":"Energy Potion"},{"floor":25,"key":"Explosive Potion"}],"is_trial":false,"path_per_floor":["M","?","M","M","$","E","$","R","T","M","M","M","M","?","R","B",null,"M","?","M","M","?","R","E","M","T","R","$","?","M"],"character_chosen":"THE_BUGKNIGHT","items_purchased":[],"campfire_rested":0,"item_purchase_floors":[],"current_hp_per_floor":[82,82,80,77,77,42,42,42,42,32,35,33,33,33,33,18,82,82,34,31,26,53,53,11,32,32,32,32,32,0,0],"gold":243,"neow_bonus":"TEN_PERCENT_HP_BONUS","is_daily":false,"chose_seed":false,"campfire_upgraded":4,"win_rate":0.0,"timestamp":1610494456,"path_taken":["M","?","M","M","?","E","$","R","T","M","M","M","M","?","R","BOSS","M","?","M","M","?","R","E","?","T","R","$","?","M"],"items_purchased_type":[],"build_version":"2020-12-22","purchased_purges":3,"victory":false,"max_hp_per_floor":[82,82,82,82,82,82,82,82,82,82,82,82,82,82,82,82,82,82,82,82,82,82,82,82,82,82,82,82,82,82,82],"card_choices":[{"not_picked":["HollowMod:NewJinnsSoul","HollowMod:SiblingsSouls"],"picked":"HollowMod:InfectedAttack","floor":1},{"not_picked":["HollowMod:SharpenedNail","HollowMod:SiblingsSouls"],"picked":"HollowMod:TaintedHusks","floor":3},{"not_picked":["HollowMod:BaldurShell","HollowMod:SoulVessel","HollowMod:BlackTendrils"],"picked":"SKIP","floor":4},{"not_picked":["HollowMod:VengefulSpirit","HollowMod:DashSlash"],"picked":"HollowMod:DungDefenderAura","floor":6},{"not_picked":["HollowMod:DashSlash","HollowMod:LifebloodCocoon","HollowMod:SharpenedShadows"],"picked":"SKIP","floor":10},{"not_picked":["HollowMod:CornifersMapStart","HollowMod:CycloneSlash"],"picked":"HollowMod:CloakDash","floor":11},{"not_picked":["HollowMod:DungDefenderAura","HollowMod:Weaversong"],"picked":"HollowMod:FastStrike","floor":12},{"not_picked":["HollowMod:ChannelNail","HollowMod:GoodIntentions","HollowMod:TaintedHusks"],"picked":"SKIP","floor":13},{"not_picked":["HollowMod:AwokenDreamNail","HollowMod:LordofShades"],"picked":"HollowMod:RadiancesLament","floor":16},{"not_picked":["HollowMod:NewJinnsSoul","HollowMod:DescendingDark"],"picked":"HollowMod:NewGlowingWomb","floor":18},{"not_picked":["HollowMod:SharpenedNail","HollowMod:TaintedHusks"],"picked":"HollowMod:InfectedCysts","floor":19},{"not_picked":["HollowMod:CycloneSlash","HollowMod:SoulEater+1"],"picked":"HollowMod:MothsMistake+1","floor":20},{"not_picked":["HollowMod:GrimmsGift","HollowMod:DescendingDark+1","HollowMod:TaintedHusks"],"picked":"SKIP","floor":21},{"not_picked":["HollowMod:PureNailStrike","HollowMod:LifebloodCocoon+1","HollowMod:ChannelNail+1"],"picked":"SKIP","floor":24},{"not_picked":["HollowMod:TaintedHusks","HollowMod:GreatSlash","HollowMod:HeavyBlow"],"picked":"SKIP","floor":25}],"player_experience":355873,"relics_obtained":[{"floor":6,"key":"Nunchaku"},{"floor":9,"key":"Akabeko"},{"floor":19,"key":"Red Mask"},{"floor":24,"key":"War Paint"},{"floor":26,"key":"Whetstone"}],"event_choices":[{"damage_healed":0,"gold_gain":0,"cards_transformed":["HollowMod:NailStrikeStart"],"player_choice":"Transformed","damage_taken":0,"max_hp_gain":0,"max_hp_loss":0,"event_name":"Transmorgrifier","floor":2,"gold_loss":0,"cards_obtained":["HollowMod:ShadowDash"]},{"damage_healed":0,"gold_gain":0,"player_choice":"Grow","damage_taken":0,"max_hp_gain":0,"max_hp_loss":0,"event_name":"Living Wall","floor":14,"gold_loss":0,"cards_upgraded":["HollowMod:DungDefenderAura"]},{"damage_healed":0,"gold_gain":0,"player_choice":"Fought Bandits","damage_taken":0,"max_hp_gain":0,"max_hp_loss":0,"event_name":"Masked Bandits","floor":19,"gold_loss":0},{"damage_healed":27,"gold_gain":0,"player_choice":"Heal","damage_taken":0,"max_hp_gain":0,"max_hp_loss":0,"event_name":"The Library","floor":22,"gold_loss":0},{"damage_healed":0,"gold_gain":0,"player_choice":"Opened","damage_taken":0,"relics_obtained":["HollowMod:MantisClawRelic"],"max_hp_gain":0,"max_hp_loss":0,"event_name":"The Mausoleum","floor":29,"gold_loss":0}],"is_beta":false,"boss_relics":[{"not_picked":["Sozu","Snecko Eye"],"picked":"SacredBark"}],"items_purged_floors":[5,7,28],"is_endless":false,"potions_floor_spawned":[3,6,12,13,16,19,24,25],"killed_by":"Snake Plant","ascension_level":1}}