{"host":"oehe2dxjvdgux73m","time":1610458154,"event":{"mods":["AchievementEnabler","BaseMod","Colored Map","Colored Powertips","DeckTracker","Keyboard Shortcuts","Minty Spire (QoL Compilation)","Permanent Neow","Quick Restart","StSLib","SuperFastMode"],"gold_per_floor":[115,131,143,143,143,178,6,6,6,6,23,52,63,98,98,98,98],"floor_reached":16,"playtime":678,"items_purged":["Strike_R"],"score":156,"play_id":"1238e5ac-7b8e-4042-bafe-a1e166b62571","local_time":"20210112222914","is_ascension_mode":true,"campfire_choices":[{"floor":8,"key":"REST"},{"data":"Bash","floor":10,"key":"SMITH"},{"floor":15,"key":"REST"}],"circlet_count":0,"master_deck":["Strike_R","Strike_R","Defend_R","Defend_R","Defend_R","Defend_R","Bash+1","Clumsy","Sword Boomerang","Reaper","Body Slam","Battle Trance","Headbutt","Finesse","Offering","Shrug It Off","Fire Breathing"],"relics":["Burning Blood","CaptainsWheel","Blue Candle","Toy Ornithopter","Dream Catcher"],"acts_visited":["Exordium"],"potions_floor_usage":[6,12,16],"damage_taken":[{"damage":18.0,"enemies":"Jaw Worm","floor":1.0,"turns":4.0},{"damage":4.0,"enemies":"Small Slimes","floor":2.0,"turns":4.0},{"damage":17.0,"enemies":"2 Louse","floor":3.0,"turns":3.0},{"damage":80,"enemies":"3 Sentries","floor":6,"turns":13},{"damage":12,"enemies":"2 Fungi Beasts","floor":11,"turns":4},{"damage":13,"enemies":"Gremlin Nob","floor":12,"turns":4},{"damage":22,"enemies":"Lots of Slimes","floor":13,"turns":3},{"damage":44,"enemies":"3 Sentries","floor":14,"turns":9},{"damage":44,"enemies":"Hexaghost","floor":16,"turns":10}],"seed_played":"-8814117644711083792","potions_obtained":[{"floor":1.0,"key":"Weak Potion"},{"floor":2.0,"key":"SneckoOil"},{"floor":14,"key":"Energy Potion"}],"is_trial":false,"path_per_floor":["M","M","M","?","?","E","$","R","T","R","M","E","M","E","R","B"],"character_chosen":"IRONCLAD","items_purchased":["Finesse"],"campfire_rested":2,"item_purchase_floors":[7],"current_hp_per_floor":[66,76,71,76,76,11,11,36,36,36,38,37,33,7,32,0,0],"gold":98,"neow_bonus":"TRANSFORM_TWO_CARDS","is_daily":false,"chose_seed":false,"campfire_upgraded":1,"win_rate":0.0,"timestamp":1610458154,"path_taken":["M","M","M","?","?","E","?","R","T","R","M","E","M","E","R","BOSS"],"items_purchased_type":["Card"],"build_version":"2020-12-22","purchased_purges":1,"victory":false,"max_hp_per_floor":[80,80,80,85,85,85,85,85,85,85,85,85,85,85,85,85,85],"card_choices":[{"not_picked":["Dark Embrace","Clash"],"picked":"Body Slam","floor":1.0},{"not_picked":["Wild Strike","Cleave"],"picked":"Battle Trance","floor":2.0},{"not_picked":["Thunderclap","Sever Soul","Burning Pact"],"picked":"SKIP","floor":3.0},{"not_picked":["Corruption","Clothesline"],"picked":"Headbutt","floor":6},{"not_picked":["Clothesline","Infernal Blade"],"picked":"Offering","floor":11},{"not_picked":["Combust","Fiend Fire","Rage"],"picked":"SKIP","floor":12},{"not_picked":["Combust","Fiend Fire","Rage"],"picked":"SKIP","floor":12},{"not_picked":["Disarm","Warcry"],"picked":"Shrug It Off","floor":13},{"not_picked":["Seeing Red","Perfected Strike","Spot Weakness"],"picked":"SKIP","floor":14},{"not_picked":["Pommel Strike","Warcry"],"picked":"Fire Breathing","floor":15}],"player_experience":135964,"relics_obtained":[{"floor":6,"key":"CaptainsWheel"},{"floor":9,"key":"Blue Candle"},{"floor":12,"key":"Toy Ornithopter"},{"floor":14,"key":"Dream Catcher"}],"event_choices":[{"damage_healed":0.0,"max_hp_gain":5.0,"max_hp_loss":0.0,"gold_gain":0.0,"event_name":"Big Fish","player_choice":"Donut","floor":4.0,"gold_loss":0.0,"damage_taken":0.0},{"damage_healed":0.0,"max_hp_gain":0.0,"max_hp_loss":0.0,"gold_gain":0.0,"event_name":"Liars Game","player_choice":"Ignored","floor":5.0,"gold_loss":0.0,"damage_taken":0.0}],"is_beta":false,"boss_relics":[],"items_purged_floors":[7],"is_endless":false,"potions_floor_spawned":[1,2,14],"killed_by":"Hexaghost","ascension_level":6}}