{"host":"9l1knhxfturzliqa","time":1610440652,"event":{"mods":["BaseMod","Colored Map","Colored Powertips","DeckTracker","Highlight Path","Keyboard Shortcuts","Minty Spire (QoL Compilation)","Random Character Button"],"gold_per_floor":[115,17,28,5,24,24,67,96,96,124,124,124,143,169,169,257,329,348,348,370,393,430,430,466,478,490,502,550,581,593,129,129,211,211,239,258,9,66,66,101,101,126,199,216,243,262,286,304,304,304,304,304,16,51,51],"floor_reached":56,"playtime":5007,"items_purged":["Decay"],"score":2036,"play_id":"8492aa9a-5693-413d-a41d-785636ebc5df","local_time":"20210112173732","is_ascension_mode":true,"campfire_choices":[{"data":"Venomology","floor":6.0,"key":"SMITH"},{"data":"Sucker Punch","floor":11.0,"key":"SMITH"},{"data":"Tactician","floor":15.0,"key":"SMITH"},{"data":"Envenom","floor":23.0,"key":"SMITH"},{"data":"After Image","floor":25.0,"key":"SMITH"},{"data":"Burst","floor":30.0,"key":"SMITH"},{"data":"Panache","floor":32.0,"key":"SMITH"},{"data":"Setup","floor":41.0,"key":"SMITH"},{"floor":49.0,"key":"RECALL"},{"data":"Transmutation","floor":52.0,"key":"SMITH"}],"circlet_count":0,"master_deck":["AscendersBane","Survivor","Neutralize","Die Die Die","Acrobatics","Riddle With Holes","Sucker Punch+1","Blade Dance","Deflect","Venomology+1","Eviscerate","Tactician+1","PiercingWail","Heel Hook","Dagger Spray","Burst","Burst+1","PiercingWail","Unload","Envenom+1","Bouncing Flask","Crippling Poison","After Image+1","Leg Sweep","Reflex","Quick Slash+1","Backflip","Blade Dance","Finisher","Corpse Explosion+1","Prepared+1","Panache+1","Infinite Blades","Doppelganger","Choke","Setup+1","Distraction+1","Prepared+1","Panache","Transmutation+1","PiercingWail"],"relics":["Ring of the Snake","CeramicFish","Meat on the Bone","Blue Candle","Pandora\u0027s Box","InkBottle","Red Mask","MawBank","The Specimen","Shuriken","Membership Card","War Paint","Ice Cream","WristBlade","Oddly Smooth Stone","Nunchaku","ClockworkSouvenir","Thread and Needle","Letter Opener","Pantograph","Bronze Scales","Bottled Tornado","FossilizedHelix","Snake Skull"],"acts_visited":["Exordium","TheCity","TheBeyond","TheEnding"],"potions_floor_usage":[55,55,55],"damage_taken":[{"damage":6.0,"enemies":"Cultist","floor":1.0,"turns":4.0},{"damage":2.0,"enemies":"Small Slimes","floor":3.0,"turns":3.0},{"damage":4.0,"enemies":"Jaw Worm","floor":5.0,"turns":3.0},{"damage":11.0,"enemies":"3 Sentries","floor":7.0,"turns":4.0},{"damage":14.0,"enemies":"Exordium Thugs","floor":8.0,"turns":4.0},{"damage":0.0,"enemies":"Large Slime","floor":10.0,"turns":4.0},{"damage":0.0,"enemies":"Blue Slaver","floor":13.0,"turns":2.0},{"damage":1.0,"enemies":"Looter","floor":14.0,"turns":2.0},{"damage":35.0,"enemies":"Slime Boss","floor":16.0,"turns":11.0},{"damage":2.0,"enemies":"3 Byrds","floor":18.0,"turns":6.0},{"damage":20.0,"enemies":"2 Thieves","floor":20.0,"turns":4.0},{"damage":31.0,"enemies":"Shelled Parasite and Fungi","floor":21.0,"turns":8.0},{"damage":19.0,"enemies":"Masked Bandits","floor":22.0,"turns":4.0},{"damage":11.0,"enemies":"Gremlin Leader","floor":24.0,"turns":7.0},{"damage":1.0,"enemies":"Book of Stabbing","floor":28.0,"turns":6.0},{"damage":0.0,"enemies":"Snake Plant","floor":29.0,"turns":5.0},{"damage":35.0,"enemies":"Automaton","floor":33.0,"turns":8.0},{"damage":1.0,"enemies":"3 Shapes","floor":35.0,"turns":6.0},{"damage":7.0,"enemies":"3 Darklings","floor":36.0,"turns":3.0},{"damage":3.0,"enemies":"2 Orb Walkers","floor":38.0,"turns":3.0},{"damage":6.0,"enemies":"Reptomancer","floor":40.0,"turns":4.0},{"damage":0.0,"enemies":"Giant Head","floor":42.0,"turns":4.0},{"damage":0.0,"enemies":"Transient","floor":44.0,"turns":5.0},{"damage":5.0,"enemies":"Reptomancer","floor":45.0,"turns":4.0},{"damage":6.0,"enemies":"Spire Growth","floor":46.0,"turns":4.0},{"damage":4.0,"enemies":"Sphere and 2 Shapes","floor":47.0,"turns":5.0},{"damage":15.0,"enemies":"Donu and Deca","floor":50.0,"turns":5.0},{"damage":43.0,"enemies":"Shield and Spear","floor":54.0,"turns":4.0},{"damage":58,"enemies":"The Heart","floor":55,"turns":7}],"seed_played":"-4967012534317760186","potions_obtained":[{"floor":3.0,"key":"GamblersBrew"},{"floor":8.0,"key":"SkillPotion"},{"floor":14.0,"key":"Ancient Potion"},{"floor":24.0,"key":"DistilledChaos"},{"floor":28.0,"key":"SkillPotion"},{"floor":40.0,"key":"Fire Potion"},{"floor":42.0,"key":"Explosive Potion"},{"floor":44.0,"key":"BlessingOfTheForge"},{"floor":54.0,"key":"LiquidBronze"}],"is_trial":false,"path_per_floor":["M","$","M","$","M","R","E","M","T","M","R","T","M","M","R","B",null,"M","?","M","M","?","R","E","R","T","?","E","M","R","$","R","B",null,"M","M","$","?","?","E","R","E","T","M","E","M","M","?","R","B",null,"R","$","E","B",null],"character_chosen":"THE_SILENT","items_purchased":["Sucker Punch","Deflect","Membership Card","War Paint","Ice Cream","Panache","Infinite Blades","Oddly Smooth Stone","Nunchaku","ClockworkSouvenir","AttackPotion","Bottled Tornado","FossilizedHelix"],"campfire_rested":0,"item_purchase_floors":[2,4,31,31,31,31,31,37,37,37,37,53,53],"current_hp_per_floor":[57,57,55,55,51,51,40,26,26,38,38,38,38,37,37,14,56,54,54,46,27,20,20,21,21,21,44,43,43,43,43,43,20,58,57,50,50,47,40,46,46,46,46,46,41,47,43,38,38,48,65,65,65,39,18],"gold":51,"neow_bonus":"TRANSFORM_TWO_CARDS","is_daily":false,"chose_seed":false,"campfire_upgraded":9,"win_rate":0.0,"timestamp":1610440652,"path_taken":["M","$","M","?","M","R","E","M","T","?","R","?","M","M","R","BOSS","M","?","M","M","?","R","E","R","T","?","E","M","R","$","R","BOSS","M","M","$","?","?","E","R","E","T","M","E","?","M","?","R","BOSS","R","$","E","BOSS"],"items_purchased_type":["Card","Card","Relic","Relic","Relic","Card","Card","Relic","Relic","Relic","Potion","Relic","Relic"],"build_version":"2020-12-22","purchased_purges":1,"victory":true,"max_hp_per_floor":[70,70,70,70,70,70,70,70,70,70,70,70,70,70,70,70,70,70,70,70,70,70,70,70,70,70,70,70,70,70,70,70,70,70,70,70,70,70,70,70,70,70,70,70,70,70,70,70,70,70,70,70,70,70,70],"card_choices":[{"not_picked":["All Out Attack","Footwork"],"picked":"Riddle With Holes","floor":1.0},{"not_picked":["Underhanded Strike","Prepared"],"picked":"Blade Dance","floor":3.0},{"not_picked":["Dagger Throw","Cloak And Dagger"],"picked":"Venomology","floor":5.0},{"not_picked":["Catalyst","Slice"],"picked":"Eviscerate","floor":7.0},{"not_picked":["Acrobatics","Prepared"],"picked":"Tactician","floor":8.0},{"not_picked":["Deadly Poison","Dagger Throw"],"picked":"PiercingWail","floor":10.0},{"not_picked":["Bane","Outmaneuver"],"picked":"Heel Hook","floor":13.0},{"not_picked":["Dodge and Roll","PiercingWail"],"picked":"Dagger Spray","floor":14.0},{"not_picked":["Glass Knife","Venomology"],"picked":"Burst","floor":16.0},{"not_picked":["Predator","Prepared"],"picked":"Reflex","floor":18.0},{"not_picked":["Skewer+1","Bane"],"picked":"Quick Slash+1","floor":20.0},{"not_picked":["Dagger Spray","Cloak And Dagger"],"picked":"Backflip","floor":21.0},{"not_picked":["Quick Slash","Terror"],"picked":"Blade Dance","floor":22.0},{"not_picked":["Dagger Spray","Slice"],"picked":"Finisher","floor":24.0},{"not_picked":["Setup","Deflect"],"picked":"Corpse Explosion","floor":28.0},{"not_picked":["Sucker Punch","Blade Dance"],"picked":"Prepared","floor":29.0},{"not_picked":["Burst","Venomology"],"picked":"Doppelganger","floor":33.0},{"not_picked":["Skewer","Dodge and Roll"],"picked":"Choke","floor":35.0},{"not_picked":["Dagger Spray","Deflect","Dodge and Roll+1"],"picked":"SKIP","floor":36.0},{"not_picked":["Blade Dance","Prepared"],"picked":"Setup","floor":38.0},{"not_picked":["Leg Sweep","Underhanded Strike","Catalyst"],"picked":"SKIP","floor":40.0},{"not_picked":["Venomology","Deflect+1","Reflex"],"picked":"SKIP","floor":42.0},{"not_picked":["Endless Agony","Catalyst","Slice"],"picked":"SKIP","floor":44.0},{"not_picked":["Slice+1","Quick Slash","All Out Attack+1"],"picked":"SKIP","floor":45.0},{"not_picked":["Outmaneuver+1","Endless Agony"],"picked":"Distraction+1","floor":46.0},{"not_picked":["Bouncing Flask","Dagger Throw"],"picked":"Prepared+1","floor":47.0},{"not_picked":["HandOfGreed","Chrysalis"],"picked":"Panache","floor":48.0},{"not_picked":["The Bomb","Purity"],"picked":"Transmutation","floor":48.0},{"not_picked":["Prepared","Dash"],"picked":"PiercingWail","floor":54.0}],"player_experience":405876,"relics_obtained":[{"floor":7.0,"key":"CeramicFish"},{"floor":9.0,"key":"Meat on the Bone"},{"floor":12.0,"key":"Blue Candle"},{"floor":22.0,"key":"Red Mask"},{"floor":24.0,"key":"MawBank"},{"floor":26.0,"key":"The Specimen"},{"floor":28.0,"key":"Shuriken"},{"floor":38.0,"key":"Thread and Needle"},{"floor":40.0,"key":"Letter Opener"},{"floor":42.0,"key":"Pantograph"},{"floor":45.0,"key":"Bronze Scales"},{"floor":54.0,"key":"Snake Skull"}],"event_choices":[{"damage_healed":0.0,"max_hp_gain":0.0,"max_hp_loss":0.0,"gold_gain":0.0,"event_name":"The Mausoleum","player_choice":"Opened","floor":19.0,"gold_loss":0.0,"damage_taken":0.0,"relics_obtained":["InkBottle"]},{"damage_healed":0.0,"max_hp_gain":0.0,"max_hp_loss":0.0,"gold_gain":0.0,"event_name":"Masked Bandits","player_choice":"Fought Bandits","floor":22.0,"gold_loss":0.0,"damage_taken":0.0},{"damage_healed":23.0,"max_hp_gain":0.0,"max_hp_loss":0.0,"gold_gain":0.0,"event_name":"The Library","player_choice":"Heal","floor":27.0,"gold_loss":0.0,"damage_taken":0.0},{"damage_healed":0.0,"max_hp_gain":0.0,"max_hp_loss":0.0,"gold_gain":0.0,"event_name":"Mysterious Sphere","player_choice":"Fight","floor":38.0,"gold_loss":0.0,"damage_taken":0.0},{"damage_healed":0.0,"max_hp_gain":0.0,"max_hp_loss":0.0,"gold_gain":0.0,"event_name":"Wheel of Change","player_choice":"Damaged","floor":39.0,"gold_loss":0.0,"damage_taken":7.0},{"damage_healed":0.0,"max_hp_gain":0.0,"max_hp_loss":0.0,"gold_gain":0.0,"event_name":"SensoryStone","player_choice":"Memory 2","floor":48.0,"gold_loss":0.0,"damage_taken":5.0}],"is_beta":false,"boss_relics":[{"not_picked":["Empty Cage","Fusion Hammer"],"picked":"Pandora\u0027s Box"},{"not_picked":["Snecko Eye","Busted Crown"],"picked":"WristBlade"}],"items_purged_floors":[2],"is_endless":false,"potions_floor_spawned":[3,8,14,24,28,29,40,42,44,54],"ascension_level":13}}