{"host":"byizzf0lry06owoh","time":1610437889,"event":{"mods":["Act Like it!","Aspiration","BaseMod","BetterRewards","Card Forge","Conspire","Downfall","Friendly Minions","GifTheSpireLib","Hallownest","Hubris","Infinite Spire","Minty Spire (QoL Compilation)","Relic Sorter","Replay The Spire","StSLib","Wandering Minibosses"],"gold_per_floor":[99,99,99,99,99,99,167,177,211,661,661,661,671,118,138,235,235,85,96,118,118,132,143,143,143,143,157,157,157,168,168,168,168],"floor_reached":31,"playtime":7413,"items_purged":["Slimebound:Icky"],"score":233,"play_id":"d6c3e89c-dd5a-497c-8abd-cedd2fffd47a","local_time":"20210111235129","is_ascension_mode":false,"campfire_choices":[{"floor":1,"key":"RECALL"},{"floor":12,"key":"REST"},{"floor":26,"key":"REST"},{"data":"Ghostly","floor":29,"key":"SMITH"}],"circlet_count":0,"master_deck":["hexamod:Sear+1","hexamod:Float","hexamod:ChargedBarrage+1","hexamod:VolcanoVisage","hexamod:SpectersWail","hexamod:HeatMetal","hexamod:CatchUp","Slimebound:Icky","hexamod:BacktrackSmack","hexamod:GhostShield","hexamod:PhantomFireball+1","hexamod:CatchUp+1","hexamod:Hexaguard","hexamod:DynamicBlow","hexamod:SixthSeal","hexamod:Firestarter","hexamod:InspiringFlames","hexamod:HeatShield","hexamod:PhantomFireball","Ghostly","Ghostly","Ghostly+1","hexamod:CouncilsJustice","hexamod:CouncilsJustice","hexamod:CouncilsJustice","hexamod:ThermalTransfer","hexamod:FastForward+1"],"relics":["hexamod:SpiritBrand","Hammer of Thor","Seething Fire","Anvil of the Gods","downfall:HeartsMalice","Art of War","hubris:Towel","Gremlin Horn","Runic Pyramid","downfall:HeartBlessingRed","downfall:HeartBlessingBlue","Replay:Baseball"],"acts_visited":["Exordium","TheCity"],"potions_floor_usage":[],"damage_taken":[{"damage":0,"enemies":"Small Slimes","floor":2,"turns":1},{"damage":0,"enemies":"2 Louse","floor":5,"turns":1},{"damage":0,"enemies":"Cultist","floor":6,"turns":1},{"damage":18,"enemies":"Large Slime","floor":8,"turns":4},{"damage":26,"enemies":"Lagavulin","floor":9,"turns":7},{"damage":3,"enemies":"Blue Slaver","floor":13,"turns":4},{"damage":0,"enemies":"downfall:FleeingMerchant","floor":14,"turns":4},{"damage":2,"enemies":"Lots of Slimes","floor":15,"turns":4},{"damage":37,"enemies":"downfall:Watcher","floor":16,"turns":9},{"damage":18,"enemies":"Chosen","floor":19,"turns":5},{"damage":0,"enemies":"3 Byrds","floor":20,"turns":6},{"damage":24,"enemies":"Snake Plant","floor":22,"turns":5},{"damage":19,"enemies":"3 Cultists","floor":23,"turns":6},{"damage":1,"enemies":"Snecko","floor":27,"turns":5},{"damage":18,"enemies":"Chosen and Byrds","floor":30,"turns":5},{"damage":14,"enemies":"Snake Plant","floor":31,"turns":1}],"seed_played":"-1709331965192148781","potions_obtained":[{"floor":8,"key":"Strength Potion"},{"floor":9,"key":"SteroidPotion"},{"floor":13,"key":"Venom Potion"},{"floor":16,"key":"DuplicationPotion"},{"floor":19,"key":"LiquidMemories"},{"floor":23,"key":"Energy Potion"}],"is_trial":false,"path_per_floor":["R","M","?","?","M","M","T","M","E","?","?","R","M","$","M","B",null,"R","M","M","?","M","M","T","?","R","M","?","R","M","M"],"character_chosen":"THE_SPIRIT","items_purchased":["hexamod:PhantomFireball","hexamod:CatchUp","hexamod:Hexaguard","Gremlin Horn"],"campfire_rested":2,"item_purchase_floors":[14,14,14,14],"current_hp_per_floor":[70,70,70,70,70,70,70,52,26,26,26,47,44,44,42,5,70,80,62,62,62,38,19,19,19,31,30,30,30,12,0,0,0],"gold":168,"neow_bonus":"THREE_ENEMY_KILL","is_daily":false,"chose_seed":false,"campfire_upgraded":1,"win_rate":0.0,"timestamp":1610437889,"path_taken":["R","M","?","?","M","M","T","?","E","?","?","R","M","?","M","BOSS","R","M","?","?","M","M","T","?","R","M","?","R","M","M"],"items_purchased_type":["Card","Card","Card","Relic"],"build_version":"2020-12-22","purchased_purges":1,"victory":false,"max_hp_per_floor":[70,70,70,70,70,70,70,70,70,70,70,70,70,70,70,70,70,80,80,80,80,80,80,80,40,40,40,40,40,40,40,40,40],"card_choices":[{"not_picked":["hexamod:FastForward","hexamod:HauntingEcho"],"picked":"hexamod:ChargedBarrage","floor":2},{"not_picked":["hexamod:SwordOfDarkness","hexamod:ShieldOfDarkness"],"picked":"hexamod:VolcanoVisage","floor":5},{"not_picked":["hexamod:SwordOfDarkness","hexamod:PhantomCloak"],"picked":"hexamod:SpectersWail","floor":6},{"not_picked":["hexamod:SoulSteal","hexamod:NightmareStrike"],"picked":"hexamod:HeatMetal","floor":8},{"not_picked":["hexamod:HeatMetal","hexamod:BurningTouch"],"picked":"hexamod:CatchUp","floor":9},{"not_picked":["hexamod:ChargedBarrage","hexamod:RadiantFlame"],"picked":"hexamod:BacktrackSmack","floor":13},{"not_picked":["hexamod:SpectersWail","hexamod:BacktrackSmack"],"picked":"hexamod:GhostShield","floor":14},{"not_picked":["hexamod:Incineration","hexamod:BurningTouch"],"picked":"hexamod:DynamicBlow","floor":15},{"not_picked":["hexamod:UnleashSpirits","hexamod:TimeOfNeed"],"picked":"hexamod:SixthSeal","floor":16},{"not_picked":["hexamod:BacktrackSmack","hexamod:CatchUp"],"picked":"hexamod:Firestarter","floor":19},{"not_picked":["hexamod:HeatCrush","hexamod:BurningTouch"],"picked":"hexamod:InspiringFlames","floor":20},{"not_picked":["hexamod:NightmareStrike","hexamod:Haunt"],"picked":"hexamod:HeatShield","floor":22},{"not_picked":["hexamod:NecessarySacrifice","hexamod:GhostOfSpireFuture"],"picked":"hexamod:PhantomFireball","floor":23},{"not_picked":["hexamod:EtherealExpedition","hexamod:SwordOfDarkness"],"picked":"hexamod:ThermalTransfer","floor":27},{"not_picked":["hexamod:ParanormalForm","hexamod:NightmareStrike+1"],"picked":"hexamod:FastForward+1","floor":30}],"player_experience":102111,"relics_obtained":[{"floor":9,"key":"Art of War"},{"floor":24,"key":"Replay:Baseball"}],"event_choices":[{"cards_removed":["hexamod:Defend"],"damage_healed":0,"gold_gain":0,"player_choice":"Offered Basic","damage_taken":0,"max_hp_gain":0,"max_hp_loss":0,"event_name":"Bonfire Elementals","floor":4,"gold_loss":0},{"cards_removed":["Slimebound:Icky"],"damage_healed":0,"gold_gain":0,"player_choice":"Elegance","damage_taken":0,"max_hp_gain":0,"max_hp_loss":0,"event_name":"Back to Basics","floor":21,"gold_loss":0}],"is_beta":false,"boss_relics":[{"not_picked":["hubris:TerracottaHorce","aspiration:RitualDagger"],"picked":"Runic Pyramid"}],"items_purged_floors":[14],"is_endless":false,"potions_floor_spawned":[8,9,13,15,16,19,23],"killed_by":"Snake Plant","ascension_level":0}}