{"host":"y9jgkjnf95sujozk","time":1610473060,"event":{"mods":["2.2 Compatiblity","AchievementEnabler","Act Like it!","BaseMod","Block Reminder","Colored Map","Colored Powertips","Decade(王小明)","Downfall","Friendly Minions","Gensokyo","GifTheSpireLib","Hallownest","Hermit","Highlight Path","HololiveMod","Hubris","Infinite Spire","Jorbs\u0027s Wanderer Trilogy","Koishi","Marisa（霧雨　魔理沙）","Minty Spire (QoL Compilation)","Quick Restart","Random Character Button","Rare Cards Sparkle","Reimu（博??梦）","Remilia（蕾米莉?）","Replay The Spire","Shop Mod","StSLib","SuperFastMode","The Animator","The Bug Knight","The Cursed","The Disciple","The Hierophant","The Jungle","The Senshi","The Servant 0.9.4"],"gold_per_floor":[119,36,55,73,93,93,119,131,183,183,183,183,183,259,259,361,361,381,381,399,349,349,349,349],"floor_reached":23,"playtime":593,"items_purged":[],"score":224,"play_id":"b0b3fdc7-f583-4d43-85ff-e50f11daaa7b","local_time":"20210112183740","is_ascension_mode":true,"campfire_choices":[{"floor":6,"key":"REST"},{"floor":10,"key":"REST"},{"floor":13,"key":"REST"},{"floor":15,"key":"REST"}],"circlet_count":0,"master_deck":["expansioncontent:Flail","Strike_S","Strike_S","Strike_S","Defend_S","Defend_S","Defend_S","Defend_S","KidneyShot","Exchange","Revamp","Blind","Replace","Desolation","Replace","Potential","PendulumOfEternity","Alleviate","DualDimension","Deadline","Alleviate","Revamp","Alleviate","Rewind","theJungle:PetSnecko"],"relics":["Uniform","MealTicket","infinitespire:Lucky Rock","Gensokyo:OccultBall","Mirror","Philosopher\u0027s Stone","Orrery","SplendidAttire"],"acts_visited":["Exordium","Gensokyo:Gensokyo"],"potions_floor_usage":[1,5,7,7,7,23],"damage_taken":[{"damage":12,"enemies":"Gensokyo:Python","floor":1,"turns":1},{"damage":0,"enemies":"Gensokyo:3_Fairies","floor":3,"turns":3},{"damage":17,"enemies":"Gensokyo:Gryphon","floor":4,"turns":6},{"damage":8,"enemies":"Gensokyo:2_Rabbits","floor":5,"turns":7},{"damage":0,"enemies":"Gensokyo:Aya","floor":7,"turns":5},{"damage":23,"enemies":"Gensokyo:Python_and_Kodama","floor":8,"turns":8},{"damage":36,"enemies":"Gensokyo:Reimu","floor":16,"turns":6},{"damage":20,"enemies":"theJungle:Flameango_and_Byrd","floor":18,"turns":3},{"damage":34,"enemies":"theJungle:GiantWrat","floor":20,"turns":3},{"damage":14,"enemies":"theJungle:Cassacara","floor":23,"turns":3}],"seed_played":"538127396116404632","potions_obtained":[{"floor":0,"key":"Death Potion"},{"floor":0,"key":"LiquidBronze"},{"floor":0,"key":"hexamod:EctoCoolerPotion"},{"floor":3,"key":"Swift Potion"},{"floor":5,"key":"AttackPotion"},{"floor":20,"key":"SkillPotion"}],"is_trial":false,"path_per_floor":["M","$","M","M","M","R","E","M","T","R","?","?","R","T","R","B",null,"M","AVR","M","?","?","E"],"character_chosen":"THE_SERVANT","items_purchased":["Blind"],"campfire_rested":4,"item_purchase_floors":[2],"current_hp_per_floor":[53,53,53,36,28,47,47,24,24,43,43,43,62,62,65,29,65,45,45,11,11,11,0,0],"gold":349,"neow_bonus":"THREE_SMALL_POTIONS","is_daily":false,"chose_seed":false,"campfire_upgraded":0,"win_rate":0.0,"timestamp":1610473060,"path_taken":["M","$","M","M","M","R","E","?","T","R","?","?","R","?","R","BOSS","M","AVR","M","?","?","E"],"items_purchased_type":["Card"],"build_version":"2020-12-22","purchased_purges":0,"victory":false,"max_hp_per_floor":[65,65,65,65,65,65,65,65,65,65,65,65,65,65,65,65,65,65,65,65,65,65,65,65],"card_choices":[{"not_picked":["GearUp","Rewind"],"picked":"Revamp","floor":1},{"not_picked":["Ricochet","Defy"],"picked":"Replace","floor":3},{"not_picked":["Luminosity","WasteNot"],"picked":"Deny","floor":4},{"not_picked":["Defy","Spin"],"picked":"Desolation","floor":5},{"not_picked":["Desolation","BestPractice"],"picked":"Replace","floor":7},{"not_picked":["Manipulate","Collapse"],"picked":"Potential","floor":8},{"not_picked":["MurderousAura","TrueSight"],"picked":"PendulumOfEternity","floor":16},{"not_picked":["DoubleEdge","FastForward"],"picked":"Alleviate","floor":18},{"not_picked":["Moondial+1","BottledTime"],"picked":"DualDimension","floor":19},{"not_picked":["Collapse","Rearm"],"picked":"Deadline","floor":19},{"not_picked":["Luminosity","Shuttle"],"picked":"Alleviate","floor":19},{"not_picked":["Replace","Foresight"],"picked":"Revamp","floor":19},{"not_picked":["Defy+1","Rewind+1"],"picked":"Alleviate","floor":19},{"not_picked":["WasteNot","Hightail"],"picked":"Rewind","floor":20}],"player_experience":144702,"relics_obtained":[{"floor":7,"key":"MealTicket"},{"floor":9,"key":"infinitespire:Lucky Rock"},{"floor":14,"key":"Mirror"},{"floor":16,"key":"Gensokyo:OccultBall"}],"event_choices":[],"is_beta":false,"boss_relics":[{"not_picked":["Tiny House","Ring of Chaos"],"picked":"Philosopher\u0027s Stone"}],"items_purged_floors":[],"is_endless":false,"potions_floor_spawned":[3,4,5,20],"killed_by":"theJungle:Cassacara","ascension_level":1}}