{"host":"5wznv0010959mrmz","time":1610424586,"event":{"mods":["BaseMod","Highlight Path","Minty Spire (QoL Compilation)","Relic Stats"],"gold_per_floor":[219,232,212,50,62,89,89,105,128,49,67,80,230,230,230],"floor_reached":14,"playtime":355,"items_purged":[],"score":184,"play_id":"5ee37917-91f1-4e74-b58f-aaf9abac471e","local_time":"20210111220946","is_ascension_mode":true,"campfire_choices":[{"data":"Cloak And Dagger","floor":7,"key":"SMITH"}],"circlet_count":0,"master_deck":["AscendersBane","Strike_G","Strike_G","Strike_G","Strike_G","Strike_G","Defend_G","Defend_G","Defend_G","Defend_G","Defend_G","Survivor","Neutralize","Dagger Throw","Cloak And Dagger+1","Acrobatics","Cloak And Dagger","Cloak And Dagger","Accuracy","Catalyst","Doubt"],"relics":["Ring of the Snake","TwistedFunnel","Strawberry"],"acts_visited":["Exordium"],"potions_floor_usage":[6,11,14],"damage_taken":[{"damage":1,"enemies":"Small Slimes","floor":1,"turns":3},{"damage":4,"enemies":"Cultist","floor":2,"turns":4},{"damage":1,"enemies":"Jaw Worm","floor":5,"turns":3},{"damage":32,"enemies":"Gremlin Nob","floor":6,"turns":5},{"damage":2,"enemies":"Lots of Slimes","floor":8,"turns":2},{"damage":0,"enemies":"Looter","floor":11,"turns":3},{"damage":11,"enemies":"Red Slaver","floor":12,"turns":5},{"damage":17,"enemies":"Lagavulin","floor":14,"turns":6}],"seed_played":"5653995229025359568","potions_obtained":[{"floor":3,"key":"GhostInAJar"},{"floor":5,"key":"GhostInAJar"},{"floor":8,"key":"DuplicationPotion"},{"floor":12,"key":"EssenceOfSteel"}],"is_trial":false,"path_per_floor":["M","M","?","$","M","E","R","M","T","$","M","M","?","E"],"character_chosen":"THE_SILENT","items_purchased":["TwistedFunnel","Accuracy"],"campfire_rested":0,"item_purchase_floors":[4,10],"current_hp_per_floor":[58,54,54,54,53,28,28,26,26,26,26,15,15,0,0],"gold":230,"neow_bonus":"HUNDRED_GOLD","is_daily":false,"chose_seed":false,"campfire_upgraded":1,"win_rate":0.0,"timestamp":1610424586,"path_taken":["M","M","?","$","M","E","R","M","T","?","M","M","?","E"],"items_purchased_type":["Relic","Card"],"build_version":"2020-12-22","purchased_purges":0,"victory":false,"max_hp_per_floor":[66,66,66,66,66,73,73,73,73,73,73,73,73,73,73],"relic_stats":{"counters":[8,31],"obtain_stats":[{"TwistedFunnel":4,"Strawberry":6,"Ring of the Snake":0},{"TwistedFunnel":2,"Strawberry":4,"Ring of the Snake":0},{"TwistedFunnel":7,"Strawberry":15,"Ring of the Snake":0}],"Ring of the Snake":[16]},"card_choices":[{"not_picked":["Deadly Poison","Setup"],"picked":"Dagger Throw","floor":1},{"not_picked":["Bane","Blur"],"picked":"Cloak And Dagger","floor":2},{"not_picked":["Skewer","Outmaneuver"],"picked":"Acrobatics","floor":5},{"not_picked":["Distraction","Acrobatics"],"picked":"Cloak And Dagger","floor":6},{"not_picked":["Backflip","Outmaneuver"],"picked":"Cloak And Dagger","floor":8},{"not_picked":["Underhanded Strike","Cloak And Dagger","Distraction"],"picked":"SKIP","floor":11},{"not_picked":["Deadly Poison","Caltrops"],"picked":"Catalyst","floor":12}],"player_experience":445047,"relics_obtained":[{"floor":6,"key":"Strawberry"}],"event_choices":[{"damage_healed":0,"gold_gain":0,"player_choice":"Bought 1 Potion","damage_taken":0,"max_hp_gain":0,"max_hp_loss":0,"event_name":"The Woman in Blue","floor":3,"gold_loss":0},{"damage_healed":0,"gold_gain":150,"player_choice":"AGREE","damage_taken":0,"max_hp_gain":0,"max_hp_loss":0,"event_name":"Liars Game","floor":13,"gold_loss":0,"cards_obtained":["Doubt"]}],"is_beta":false,"boss_relics":[],"items_purged_floors":[],"is_endless":false,"potions_floor_spawned":[5,8,12],"killed_by":"Lagavulin","ascension_level":20}}