{"host":"1a3cjta80tad0aqj","time":1610436789,"event":{"mods":["2.2 Compatiblity","AchievementEnabler","BaseMod","Colored Map","DeckTracker","KOR Keyword Fix","Keyboard Shortcuts","Minty Spire (QoL Compilation)","Permanent Neow","Quick Restart","Random Character Button","StSLib","SuperFastMode","everything is the same but u backflip on backflip"],"gold_per_floor":[109,128,128,138,154,154,166,196,196,229,244,262,117,133,133,232,232,252,152,170,184,59,59,106,126,149,74,24,59,59,75,75,176,176,176,176],"floor_reached":35,"playtime":2064,"items_purged":["Strike_R","Defend_R","Strike_R","Defend_R"],"score":441,"play_id":"ee96c7f0-4e66-4734-8c0b-45d97841ced6","local_time":"20210112163309","is_ascension_mode":false,"campfire_choices":[{"data":"True Grit","floor":6.0,"key":"SMITH"},{"floor":15.0,"key":"REST"},{"floor":23.0,"key":"REST"},{"floor":32.0,"key":"REST"}],"circlet_count":0,"master_deck":["Bash","True Grit+1","Dropkick","Pommel Strike","Feed","Dropkick","Offering","Armaments+1","Pummel+1","Searing Blow+1","Shrug It Off","Offering"],"relics":["Burning Blood","NeowsBlessing","Darkstone Periapt","Oddly Smooth Stone","PreservedInsect","Astrolabe","Red Skull","Smiling Mask","Ornamental Fan","Philosopher\u0027s Stone"],"acts_visited":["Exordium","TheCity","TheBeyond"],"potions_floor_usage":[],"damage_taken":[{"damage":0.0,"enemies":"2 Louse","floor":1.0,"turns":1.0},{"damage":0.0,"enemies":"Cultist","floor":2.0,"turns":1.0},{"damage":0.0,"enemies":"Jaw Worm","floor":4.0,"turns":1.0},{"damage":9.0,"enemies":"Blue Slaver","floor":5.0,"turns":3.0},{"damage":15.0,"enemies":"Exordium Thugs","floor":7.0,"turns":4.0},{"damage":40.0,"enemies":"Gremlin Nob","floor":8.0,"turns":5.0},{"damage":20.0,"enemies":"3 Sentries","floor":10.0,"turns":8.0},{"damage":13.0,"enemies":"Red Slaver","floor":11.0,"turns":3.0},{"damage":14.0,"enemies":"Exordium Wildlife","floor":12.0,"turns":6.0},{"damage":9.0,"enemies":"3 Louse","floor":14.0,"turns":4.0},{"damage":34.0,"enemies":"Hexaghost","floor":16.0,"turns":12.0},{"damage":17.0,"enemies":"2 Thieves","floor":18.0,"turns":5.0},{"damage":12.0,"enemies":"3 Byrds","floor":20.0,"turns":7.0},{"damage":31.0,"enemies":"3 Cultists","floor":21.0,"turns":7.0},{"damage":22.0,"enemies":"Snecko","floor":25.0,"turns":5.0},{"damage":26.0,"enemies":"Slavers","floor":29.0,"turns":7.0},{"damage":6.0,"enemies":"Snake Plant","floor":31.0,"turns":2.0},{"damage":8.0,"enemies":"Champ","floor":33.0,"turns":4.0},{"damage":22,"enemies":"3 Darklings","floor":35,"turns":9}],"seed_played":"227891742465937396","potions_obtained":[{"floor":1.0,"key":"BloodPotion"},{"floor":4.0,"key":"DuplicationPotion"},{"floor":7.0,"key":"Explosive Potion"},{"floor":12.0,"key":"Weak Potion"},{"floor":14.0,"key":"Strength Potion"},{"floor":20.0,"key":"DistilledChaos"},{"floor":29.0,"key":"Block Potion"},{"floor":33.0,"key":"SpeedPotion"}],"is_trial":false,"path_per_floor":["M","M","?","M","M","R","M","E","T","E","M","M","$","M","R","B",null,"M","$","M","M","$","R","T","M","T","?","$","E","?","M","R","B",null,"M"],"character_chosen":"IRONCLAD","items_purchased":["Dropkick"],"campfire_rested":3,"item_purchase_floors":[13],"current_hp_per_floor":[80,80,80,80,77,77,68,34,34,20,13,24,24,24,49,24,89,81,81,78,57,57,86,86,73,73,73,73,56,56,56,87,89,109,87,87],"gold":176,"neow_bonus":"THREE_ENEMY_KILL","is_daily":false,"chose_seed":true,"campfire_upgraded":1,"win_rate":0.0,"timestamp":1610436789,"path_taken":["M","M","?","M","?","R","M","E","T","E","M","M","$","M","R","BOSS","M","$","M","M","$","R","?","M","T","?","$","E","?","?","R","BOSS","M"],"items_purchased_type":["Card"],"build_version":"2020-12-22","purchased_purges":4,"victory":false,"max_hp_per_floor":[80,80,80,80,80,80,80,80,80,80,80,83,83,86,86,89,89,92,92,95,99,99,99,99,102,102,102,102,105,105,105,105,109,109,109,109],"card_choices":[{"not_picked":["Intimidate","Blood for Blood","Sword Boomerang"],"picked":"SKIP","floor":1.0},{"not_picked":["Rage","Whirlwind"],"picked":"True Grit","floor":2.0},{"not_picked":["Warcry","Shockwave"],"picked":"Dropkick","floor":4.0},{"not_picked":["Metallicize","Heavy Blade","Body Slam"],"picked":"SKIP","floor":5.0},{"not_picked":["Twin Strike","Headbutt","Wild Strike"],"picked":"SKIP","floor":7.0},{"not_picked":["Flex","Uppercut"],"picked":"Pommel Strike","floor":8.0},{"not_picked":["Armaments","Entrench","Body Slam"],"picked":"SKIP","floor":10.0},{"not_picked":["Perfected Strike","Pommel Strike"],"picked":"Feed","floor":11.0},{"not_picked":["Havoc","Uppercut","Fire Breathing"],"picked":"SKIP","floor":12.0},{"not_picked":["Thunderclap","Rage","Entrench"],"picked":"SKIP","floor":14.0},{"not_picked":["Immolate","Limit Break"],"picked":"Offering","floor":16.0},{"not_picked":["Armaments","Perfected Strike"],"picked":"Shrug It Off","floor":18.0},{"not_picked":["Clothesline+1","Armaments+1","Cleave"],"picked":"SKIP","floor":20.0},{"not_picked":["Body Slam","Sentinel+1","Disarm"],"picked":"SKIP","floor":21.0},{"not_picked":["Anger","Body Slam+1","Cleave+1"],"picked":"SKIP","floor":25.0},{"not_picked":["Rage","Headbutt+1","Entrench"],"picked":"SKIP","floor":29.0},{"not_picked":["Clothesline","Body Slam","Warcry"],"picked":"SKIP","floor":31.0},{"not_picked":["Reaper","Juggernaut"],"picked":"Offering","floor":33.0}],"player_experience":318079,"relics_obtained":[{"floor":8.0,"key":"Darkstone Periapt"},{"floor":9.0,"key":"Oddly Smooth Stone"},{"floor":10.0,"key":"PreservedInsect"},{"floor":24.0,"key":"Red Skull"},{"floor":26.0,"key":"Smiling Mask"},{"floor":29.0,"key":"Ornamental Fan"}],"event_choices":[{"cards_removed":["Defend_R"],"damage_healed":0.0,"max_hp_gain":0.0,"max_hp_loss":0.0,"gold_gain":0.0,"event_name":"Bonfire Elementals","player_choice":"Offered Basic","floor":3.0,"gold_loss":0.0,"damage_taken":0.0},{"cards_removed":["Strike_R"],"damage_healed":0.0,"max_hp_gain":0.0,"max_hp_loss":0.0,"gold_gain":0.0,"event_name":"Beggar","player_choice":"Gave Gold","floor":27.0,"gold_loss":75.0,"damage_taken":0.0},{"damage_healed":0.0,"max_hp_gain":0.0,"max_hp_loss":0.0,"gold_gain":0.0,"event_name":"Duplicator","player_choice":"Ignored","floor":30.0,"gold_loss":0.0,"damage_taken":0.0}],"is_beta":false,"boss_relics":[{"not_picked":["Coffee Dripper","Runic Cube"],"picked":"Astrolabe"},{"not_picked":["Mark of Pain","Sozu"],"picked":"Philosopher\u0027s Stone"}],"items_purged_floors":[13,19,22,28],"is_endless":false,"potions_floor_spawned":[1,4,7,12,14,20,29,33],"killed_by":"3 Darklings","ascension_level":0}}