{"host":"sdjng9zhqonqi3uc","time":1610452323,"event":{"mods":["2.2 Compatiblity","AchievementEnabler","BaseMod","BetterRewards","Colored Powertips","Hero for Fun","Minty Spire (QoL Compilation)","Shop Mod","StSLib","Td1madao Mod","The Animator","The Cursed","The Servant 0.9.4"],"gold_per_floor":[117,117,128,145,32,42,52,52,52],"floor_reached":8,"playtime":367,"items_purged":["Strike_B"],"score":50,"play_id":"0ed73c5b-9513-4037-90de-f7129372a0f8","local_time":"20210112125203","is_ascension_mode":false,"campfire_choices":[],"circlet_count":0,"master_deck":["Strike_B","Strike_B","Strike_B","Defend_B","Defend_B","Defend_B","Defend_B","Zap","Dualcast","Capacitor","Loop","Static Discharge","Barrage","Defragment","Ball Lightning","Self Repair"],"relics":["Cracked Core","Singing Bowl","Turnip","Membership Card","FaceOfCleric","PreservedInsect"],"acts_visited":["Exordium"],"potions_floor_usage":[8,8],"damage_taken":[{"damage":1,"enemies":"Cultist","floor":1,"turns":4},{"damage":2,"enemies":"2 Louse","floor":3,"turns":3},{"damage":0,"enemies":"Small Slimes","floor":4,"turns":4},{"damage":16,"enemies":"Exordium Thugs","floor":6,"turns":4},{"damage":6,"enemies":"Large Slime","floor":7,"turns":4},{"damage":31,"enemies":"Gremlin Nob","floor":8,"turns":3}],"seed_played":"-9057062431597100108","potions_obtained":[{"floor":4,"key":"SkillPotion"},{"floor":6,"key":"Energy Potion"}],"is_trial":false,"path_per_floor":["M","?","M","M","$","M","M","E"],"character_chosen":"DEFECT","items_purchased":["Singing Bowl","Capacitor","Membership Card","Loop","PreservedInsect","Defragment"],"campfire_rested":0,"item_purchase_floors":[0,0,0,0,5,5],"current_hp_per_floor":[39,39,40,41,41,26,21,0,0],"gold":52,"neow_bonus":"","is_daily":false,"chose_seed":false,"campfire_upgraded":0,"win_rate":0.0,"timestamp":1610452323,"path_taken":["M","?","M","?","$","M","M","E"],"items_purchased_type":["Relic","Card","Relic","Card","Relic","Card"],"build_version":"2020-12-22","purchased_purges":1,"victory":false,"max_hp_per_floor":[75,75,78,79,79,80,81,81,81],"card_choices":[{"not_picked":["White Noise","Gash"],"picked":"Static Discharge","floor":1},{"not_picked":["Steam","Beam Cell","Turbo"],"picked":"Singing Bowl","floor":3},{"not_picked":["Rebound","FTL"],"picked":"Barrage","floor":4},{"not_picked":["Doom and Gloom","Stack"],"picked":"Ball Lightning","floor":6},{"not_picked":["Redo","Defragment"],"picked":"Self Repair","floor":7}],"player_experience":309503,"relics_obtained":[],"event_choices":[{"damage_healed":0,"gold_gain":0,"player_choice":"Trade","damage_taken":0,"relics_obtained":["FaceOfCleric"],"max_hp_gain":0,"max_hp_loss":0,"event_name":"FaceTrader","floor":2,"gold_loss":0}],"is_beta":false,"boss_relics":[],"items_purged_floors":[0],"is_endless":false,"potions_floor_spawned":[4,6],"killed_by":"Gremlin Nob","ascension_level":0}}