{"host":"w3q5ijqu8eoknil3","time":1610416030,"event":{"mods":["AchievementEnabler","BaseMod","Block Reminder","Colored Powertips","Curses Come First","Minty Spire (QoL Compilation)","Quick Restart","Relic Stats","StSLib","ojb\u0027s Better Paths Mod","ojb\u0027s Info Mod","slay the spire mod where everything is the same but ironclad has a cowboy hat"],"gold_per_floor":[119,119,119,129,204,204,235,67,67,87,87,2,29,56,56,128,128,145,164,164,179,198,198,198,198],"floor_reached":24,"playtime":759,"items_purged":[],"score":435,"play_id":"e1aa6904-a6b4-43db-83d1-2512b65549e9","local_time":"20210112014710","is_ascension_mode":true,"campfire_choices":[{"data":"Poisoned Stab","floor":6.0,"key":"SMITH"},{"data":"Crippling Poison","floor":11,"key":"SMITH"},{"data":"Noxious Fumes","floor":15,"key":"SMITH"},{"floor":23,"key":"REST"}],"circlet_count":0,"master_deck":["AscendersBane","Strike_G","Strike_G","Strike_G+1","Strike_G","Strike_G","Defend_G+1","Defend_G","Defend_G","Defend_G","Defend_G","Survivor","Neutralize","Dash","Poisoned Stab+1","After Image","Crippling Poison+1","Noxious Fumes+1","Leg Sweep","Night Terror+1","Blade Dance","Deflect+1","Outmaneuver","After Image"],"relics":["Ring of the Snake","NeowsBlessing","Anchor","ClockworkSouvenir","HornCleat","Sundial","Pen Nib","Black Star"],"acts_visited":["Exordium","TheCity"],"potions_floor_usage":[13,19,21],"damage_taken":[{"damage":0.0,"enemies":"2 Louse","floor":1.0,"turns":1.0},{"damage":0.0,"enemies":"Small Slimes","floor":4.0,"turns":1.0},{"damage":0.0,"enemies":"3 Sentries","floor":7.0,"turns":1.0},{"damage":0.0,"enemies":"Cultist","floor":10.0,"turns":3.0},{"damage":5,"enemies":"Gremlin Nob","floor":13,"turns":5},{"damage":14,"enemies":"The Guardian","floor":16,"turns":10},{"damage":8,"enemies":"Shell Parasite","floor":18,"turns":7},{"damage":14,"enemies":"3 Byrds","floor":19,"turns":6},{"damage":38,"enemies":"Sentry and Sphere","floor":21,"turns":9},{"damage":6,"enemies":"Snake Plant","floor":22,"turns":5},{"damage":22,"enemies":"Slavers","floor":24,"turns":4}],"seed_played":"-4915210805015072433","potions_obtained":[{"floor":1.0,"key":"SpeedPotion"},{"floor":18,"key":"ColorlessPotion"},{"floor":19,"key":"Regen Potion"}],"is_trial":false,"path_per_floor":["M","?","?","M","?","R","E","$","T","M","R","$","E","T","R","B",null,"M","M","?","M","M","R","E"],"character_chosen":"THE_SILENT","items_purchased":["ClockworkSouvenir","Noxious Fumes"],"campfire_rested":1,"item_purchase_floors":[8,12],"current_hp_per_floor":[59,39,39,39,28,28,28,28,28,28,28,28,23,23,23,9,52,44,30,30,7,1,20,0,0],"gold":198,"neow_bonus":"THREE_ENEMY_KILL","is_daily":false,"chose_seed":false,"campfire_upgraded":3,"win_rate":0.0,"timestamp":1610416030,"path_taken":["M","?","?","M","?","R","E","$","T","M","R","$","E","?","R","BOSS","M","M","?","M","M","R","E"],"items_purchased_type":["Relic","Card"],"build_version":"2020-12-22","purchased_purges":0,"victory":false,"max_hp_per_floor":[66,66,66,66,66,66,66,66,66,66,66,66,66,66,66,66,66,66,66,66,66,66,66,66,66],"relic_stats":{"counters":[11,52],"Sundial":[6],"Pen Nib":[6],"Black Star":0,"obtain_stats":[{"Anchor":7,"HornCleat":9,"NeowsBlessing":0,"Sundial":13,"Pen Nib":14,"Black Star":17,"Ring of the Snake":0,"ClockworkSouvenir":8},{"Anchor":3,"HornCleat":3,"NeowsBlessing":0,"Sundial":5,"Pen Nib":5,"Black Star":6,"Ring of the Snake":0,"ClockworkSouvenir":3},{"Anchor":3,"HornCleat":3,"NeowsBlessing":0,"Sundial":11,"Pen Nib":11,"Black Star":21,"Ring of the Snake":0,"ClockworkSouvenir":3}],"Ring of the Snake":[22]},"card_choices":[{"not_picked":["Deadly Poison","Cloak And Dagger"],"picked":"Dash","floor":1.0},{"not_picked":["Reflex","Flying Knee"],"picked":"Poisoned Stab","floor":4.0},{"not_picked":["Doppelganger","Dodge and Roll"],"picked":"After Image","floor":7.0},{"not_picked":["Blade Dance","Noxious Fumes"],"picked":"Crippling Poison","floor":10.0},{"not_picked":["Concentrate","Dodge and Roll"],"picked":"Leg Sweep","floor":13},{"not_picked":["Unload","A Thousand Cuts"],"picked":"Night Terror","floor":16},{"not_picked":["Slice","Prepared"],"picked":"Blade Dance","floor":18},{"not_picked":["Blade Dance","Quick Slash"],"picked":"Deflect+1","floor":19},{"not_picked":["Quick Slash","Leg Sweep"],"picked":"Outmaneuver","floor":21},{"not_picked":["Flying Knee","Quick Slash"],"picked":"After Image","floor":22}],"player_experience":968072,"relics_obtained":[{"floor":7.0,"key":"Anchor"},{"floor":9.0,"key":"HornCleat"},{"floor":13,"key":"Sundial"},{"floor":14,"key":"Pen Nib"}],"event_choices":[{"damage_healed":0.0,"max_hp_gain":0.0,"max_hp_loss":0.0,"gold_gain":0.0,"event_name":"Shining Light","player_choice":"Entered Light","floor":2.0,"gold_loss":0.0,"damage_taken":20.0,"cards_upgraded":["Strike_G","Defend_G"]},{"damage_healed":0.0,"max_hp_gain":0.0,"max_hp_loss":0.0,"gold_gain":0.0,"event_name":"Liars Game","player_choice":"Ignored","floor":3.0,"gold_loss":0.0,"damage_taken":0.0},{"damage_healed":0.0,"max_hp_gain":0.0,"max_hp_loss":0.0,"gold_gain":75.0,"event_name":"World of Goop","player_choice":"Gather Gold","floor":5.0,"gold_loss":0.0,"damage_taken":11.0},{"damage_healed":0,"gold_gain":0,"player_choice":"Upgraded","damage_taken":0,"max_hp_gain":0,"max_hp_loss":0,"event_name":"Upgrade Shrine","floor":20,"gold_loss":0,"cards_upgraded":["Night Terror"]}],"is_beta":false,"boss_relics":[{"not_picked":["Ring of the Serpent","Sozu"],"picked":"Black Star"}],"items_purged_floors":[],"is_endless":false,"potions_floor_spawned":[1,18,19],"killed_by":"Slavers","ascension_level":18}}