{"host":"wgo6ezn0zcq3jgqa","time":1610430184,"event":{"mods":["Act Like it!","BaseMod","Downfall","GifTheSpireLib","Hallownest","Hermit","KinomotoSakuraMod(木之本樱)","Marisa（F雨　魔理沙）","Minty Spire (QoL Compilation)","RumiaBox-露米娅的神秘盒子","SOS（斯巴达之子）","StSLib","The Bug Knight","The Cursed","【功能Mod】混沌之环修复补丁"],"gold_per_floor":[99,99,199,199,199,199,199,299,339,135,181,331,331,442,472,472,472],"floor_reached":16,"playtime":1065,"items_purged":[],"score":96,"play_id":"3c9ed0a0-395c-4570-9ca0-848ff3f27ddc","local_time":"20210112134304","is_ascension_mode":false,"campfire_choices":[{"data":"Redorb","floor":1,"key":"SMITH"},{"floor":13,"key":"RECALL"}],"circlet_count":0,"master_deck":["Attack_a","Attack_a","Shoot","Shoot","Provocation","Defend_Dante","Defend_Dante","Defend_Dante","Defend_Dante","Redorb+1","Chargeshoot","Stinger","Pandora+1","Dash2","Demonreform","Honeycombofire","Weaponchange","Rebellion"],"relics":["SSS","Combocheck","downfall:HeartsMalice","Ancient Tea Set","The Courier","GodSword4","Sling","Bottled Flame","downfall:CloakOfManyFaces","CultistMask","FaceOfCleric","NlothsMask","GremlinMask","SsserpentHead"],"acts_visited":["Exordium"],"potions_floor_usage":[12,16,16],"damage_taken":[{"damage":0,"enemies":"Cultist","floor":2,"turns":1},{"damage":0,"enemies":"Jaw Worm","floor":6,"turns":1},{"damage":0,"enemies":"downfall:Heads","floor":8,"turns":1},{"damage":0,"enemies":"2 Louse","floor":9,"turns":2},{"damage":6,"enemies":"downfall:FleeingMerchant","floor":10,"turns":4},{"damage":35,"enemies":"HollowMod:MossKnight","floor":11,"turns":5},{"damage":13,"enemies":"downfall:FaceTrader","floor":12,"turns":3},{"damage":3,"enemies":"3 Louse","floor":14,"turns":2},{"damage":5,"enemies":"2 Fungi Beasts","floor":15,"turns":3},{"damage":58,"enemies":"downfall:Defect","floor":16,"turns":5}],"seed_played":"-5925338055502434253","potions_obtained":[{"floor":11,"key":"Weak Potion"},{"floor":14,"key":"AttackPotion"},{"floor":15,"key":"hexamod:EctoCoolerPotion"}],"is_trial":false,"path_per_floor":["R","M","?","?","T","M","T","?","M","$","E","?","R","M","M","B"],"character_chosen":"DANTE","items_purchased":["Honeycombofire","Sling"],"campfire_rested":0,"item_purchase_floors":[10,10],"current_hp_per_floor":[80,80,80,80,80,80,80,80,80,74,45,44,44,42,38,0,0],"gold":472,"neow_bonus":"THREE_ENEMY_KILL","is_daily":false,"chose_seed":false,"campfire_upgraded":1,"win_rate":0.0,"timestamp":1610430184,"path_taken":["R","M","?","?","?","M","T","?","M","$","E","?","R","?","M","BOSS"],"items_purchased_type":["Card","Relic"],"build_version":"2020-12-22","purchased_purges":0,"victory":false,"max_hp_per_floor":[80,80,80,80,80,80,80,80,80,80,80,80,80,81,82,82,82],"card_choices":[{"not_picked":["DT","GilgameshcomboA"],"picked":"Chargeshoot","floor":2},{"not_picked":["GilgameshcomboA","Chargeshoot2"],"picked":"Stinger","floor":6},{"not_picked":["Greenorb","Kick13"],"picked":"Dash2","floor":8},{"not_picked":["Lucifer","Whiteorb","Chargeshoot2"],"picked":"SKIP","floor":9},{"not_picked":["Unrisingdragon","Straight"],"picked":"Demonreform","floor":10},{"not_picked":["Trickster","Lucifer"],"picked":"Weaponchange","floor":11},{"not_picked":["Pandora","Straight","Millionkick"],"picked":"SKIP","floor":14},{"not_picked":["Fullhouse","Purpleorb"],"picked":"Rebellion","floor":15}],"player_experience":135919,"relics_obtained":[{"floor":5,"key":"The Courier"},{"floor":7,"key":"GodSword4"},{"floor":11,"key":"Bottled Flame"},{"floor":12,"key":"downfall:CloakOfManyFaces"}],"event_choices":[{"damage_healed":0,"gold_gain":0,"player_choice":"Box","damage_taken":0,"relics_obtained":["Ancient Tea Set"],"max_hp_gain":0,"max_hp_loss":0,"event_name":"Big Fish","floor":4,"gold_loss":0,"cards_obtained":["Regret"]}],"is_beta":false,"boss_relics":[],"items_purged_floors":[],"is_endless":false,"potions_floor_spawned":[11,14,15],"killed_by":"downfall:Defect","ascension_level":0}}