{"host":"52m1o8iwwagurbjs","time":1610462562,"event":{"mods":["AchievementEnabler","BaseMod","Bestiary","Colored Powertips","GifTheSpireLib","Minty Spire (QoL Compilation)","Quick Restart","RNG Fix","Relic Stats","StSLib"],"gold_per_floor":[117,117,192,212,5,5,26,26,103,3,3,43,43,193,193,193,193],"floor_reached":16,"playtime":288,"items_purged":["Strike_G","Strike_G"],"score":192,"play_id":"694f9459-def1-4f49-a2d9-d5e93873f4f7","local_time":"20210112094242","is_ascension_mode":true,"campfire_choices":[{"data":"Deadly Poison","floor":6.0,"key":"SMITH"},{"data":"Masterful Stab","floor":8.0,"key":"SMITH"},{"data":"Footwork","floor":11.0,"key":"SMITH"},{"floor":15,"key":"REST"}],"circlet_count":0,"master_deck":["AscendersBane","Strike_G","Strike_G","Strike_G","Defend_G","Defend_G","Defend_G","Defend_G","Defend_G","Survivor","Neutralize","Deadly Poison+1","Quick Slash","Masterful Stab+1","Footwork+1","Dagger Throw","Slice","Doubt"],"relics":["Ring of the Snake","Golden Idol","Kunai","StrikeDummy"],"acts_visited":["Exordium"],"potions_floor_usage":[16],"damage_taken":[{"damage":6.0,"enemies":"Cultist","floor":1.0,"turns":4.0},{"damage":0.0,"enemies":"Jaw Worm","floor":4.0,"turns":4.0},{"damage":0.0,"enemies":"Small Slimes","floor":7.0,"turns":2.0},{"damage":33.0,"enemies":"Gremlin Nob","floor":12.0,"turns":4.0},{"damage":27,"enemies":"Slime Boss","floor":16,"turns":4}],"seed_played":"185346864815173459","potions_obtained":[{"floor":7.0,"key":"Dexterity Potion"}],"is_trial":false,"path_per_floor":["M","?","?","M","$","R","M","R","T","$","R","E","?","?","R","B"],"character_chosen":"THE_SILENT","items_purchased":["Poison Potion","Footwork"],"campfire_rested":1,"item_purchase_floors":[5,5],"current_hp_per_floor":[53,53,42,42,42,42,42,42,42,42,42,9,9,9,27,0,0],"gold":193,"neow_bonus":"THREE_CARDS","is_daily":false,"chose_seed":false,"campfire_upgraded":3,"win_rate":0.0,"timestamp":1610462562,"path_taken":["M","?","?","M","$","R","M","R","T","$","R","E","?","?","R","BOSS"],"items_purchased_type":["Potion","Card"],"build_version":"2020-12-22","purchased_purges":2,"victory":false,"max_hp_per_floor":[66,60,60,60,60,60,60,60,60,60,60,60,60,60,60,60,60],"relic_stats":{"counters":[5,18],"Golden Idol":24,"Kunai":[3],"obtain_stats":[{"Golden Idol":2,"Kunai":9,"StrikeDummy":12,"Ring of the Snake":0},{"Golden Idol":1,"Kunai":3,"StrikeDummy":4,"Ring of the Snake":0},{"Golden Idol":4,"Kunai":10,"StrikeDummy":14,"Ring of the Snake":0}],"Ring of the Snake":[10]},"card_choices":[{"not_picked":["Distraction","Footwork"],"picked":"Deadly Poison","floor":0.0},{"not_picked":["Deadly Poison","Choke"],"picked":"Quick Slash","floor":1.0},{"not_picked":["Escape Plan","Outmaneuver"],"picked":"Masterful Stab","floor":4.0},{"not_picked":["Underhanded Strike","Deflect"],"picked":"Dagger Throw","floor":7.0},{"not_picked":["Riddle With Holes","Expertise"],"picked":"Slice","floor":12}],"player_experience":1112105,"relics_obtained":[{"floor":9.0,"key":"Kunai"},{"floor":12,"key":"StrikeDummy"}],"event_choices":[{"damage_healed":0.0,"max_hp_gain":0.0,"max_hp_loss":6.0,"gold_gain":0.0,"event_name":"Golden Idol","player_choice":"Lose Max HP","floor":2.0,"gold_loss":0.0,"damage_taken":0.0,"relics_obtained":["Golden Idol"]},{"damage_healed":0.0,"max_hp_gain":0.0,"max_hp_loss":0.0,"gold_gain":75.0,"event_name":"World of Goop","player_choice":"Gather Gold","floor":3.0,"gold_loss":0.0,"damage_taken":11.0},{"damage_healed":0,"gold_gain":0,"player_choice":"Ignored","damage_taken":0,"max_hp_gain":0,"max_hp_loss":0,"event_name":"Shining Light","floor":13,"gold_loss":0},{"damage_healed":0,"gold_gain":150,"player_choice":"AGREE","damage_taken":0,"max_hp_gain":0,"max_hp_loss":0,"event_name":"Liars Game","floor":14,"gold_loss":0,"cards_obtained":["Doubt"]}],"is_beta":false,"boss_relics":[],"items_purged_floors":[5,10],"is_endless":false,"potions_floor_spawned":[7],"killed_by":"Slime Boss","ascension_level":20}}