{"host":"709gjpjg43u3i5a8","time":1610481879,"event":{"mods":["Act Like it!","BaseMod","Colored Map","Colored Powertips","Downfall","Duelist Mod","Gensokyo","GifTheSpireLib","Hallownest","Hermit","Hubris","Infinite Spire","Koishi","Marisa????????","Minty Spire (QoL Compilation)","Remilia??????","Shop Mod","StSLib","Td1madao Mod","The Administrix","The Animator","The Bug Knight","The Construct","The Cursed","The Disciple","The Hierophant","The Jungle","The Necromancer","The Poker Player","The Runesmith","The Servant 0.9.4"],"gold_per_floor":[226,226,301,71,71,71,94,117,117,161,161,161,194,237,237,357,357,372,372,372,372,395,436,436,457,482,496,521,521,565,589,589,589,589],"floor_reached":33,"language":"ENG","playtime":2338,"items_purged":["Writhe"],"score":464,"play_id":"54e6b308-f997-4308-bb35-3f076e10bef0","local_time":"20210112130439","is_ascension_mode":true,"campfire_choices":[{"data":"animator:MetalKnight","floor":6,"key":"SMITH"},{"floor":12,"key":"REST"},{"floor":15,"key":"REST"},{"floor":24,"key":"REST"},{"data":"animator:Saitama","floor":29,"key":"SMITH"},{"floor":32,"key":"REST"}],"circlet_count":0,"master_deck":["animator:Strike_OnePunchMan","animator:Defend_OnePunchMan","animator:Strike","animator:Strike","animator:Strike","animator:Defend","animator:Defend","animator:Defend","animator:Genos","animator:MumenRider","animator:Tatsumaki","animator:Sonic","animator:MetalKnight+1","animator:MumenRider","animator:Saitama+1","animator:MumenRider","animator:Tatsumaki","animator:Rimuru","animator:MumenRider"],"relics":["animator:LivingPicture","animator:TheMissingPiece","Golden Idol","animator:CerealBox","Strawberry","WingedGreaves","hubris:GlazedTorus","Red Skull","Runesmith:Nanobots","hubris:RunicObelisk","hubris:FunFungus","hubris:Towel","hubris:SlimyHat","animator:HolyGrailRelic","infinitespire:EmpoweringShard","Toy Ornithopter","animator:BattleDrones","MealTicket"],"acts_visited":["Exordium","TheCity"],"potions_floor_usage":[13,14,16,27,30],"damage_taken":[{"damage":5,"enemies":"2 Louse","floor":1,"turns":3},{"damage":0,"enemies":"Small Slimes","floor":7,"turns":2},{"damage":9,"enemies":"Jaw Worm","floor":8,"turns":3},{"damage":25,"enemies":"Lagavulin","floor":10,"turns":6},{"damage":0,"enemies":"HollowMod:MossKnight","floor":13,"turns":7},{"damage":10,"enemies":"Gremlin Nob","floor":14,"turns":4},{"damage":0,"enemies":"Slime Boss","floor":16,"turns":7},{"damage":26,"enemies":"Shell Parasite","floor":18,"turns":5},{"damage":28,"enemies":"2 Thieves","floor":22,"turns":3},{"damage":31,"enemies":"theDuelist:KaibaA2","floor":23,"turns":4},{"damage":31,"enemies":"Centurion and Healer","floor":25,"turns":5},{"damage":18,"enemies":"Sentry and Sphere","floor":27,"turns":4},{"damage":4,"enemies":"Cultist and Chosen","floor":28,"turns":6},{"damage":51,"enemies":"Gremlin Leader","floor":30,"turns":6},{"damage":50,"enemies":"hubris:MusketHawk","floor":33,"turns":6}],"seed_played":"882291466111151138","potions_obtained":[{"floor":7,"key":"infinitespire:BlackPotion"},{"floor":13,"key":"Explosive Potion"},{"floor":14,"key":"DistilledChaos"},{"floor":22,"key":"Swift Potion"},{"floor":23,"key":"LiquidBronze"},{"floor":25,"key":"FairyPotion"}],"is_trial":false,"path_per_floor":["M","?","?","$","?","R","M","M","T","E","?","R","E","E","R","B",null,"M","?","?","AVR","M","E","R","M","T","M","M","R","E","T","R","B"],"character_chosen":"THE_ANIMATOR","items_purchased":["animator:Sonic","animator:MetalKnight","animator:CerealBox"],"campfire_rested":4,"item_purchase_floors":[4,4,4],"current_hp_per_floor":[61,45,34,34,34,34,34,25,32,8,13,35,35,25,47,47,74,48,48,48,56,30,13,38,11,11,50,51,51,11,11,39,0,0],"gold":589,"neow_bonus":"HUNDRED_GOLD","is_daily":false,"chose_seed":false,"campfire_upgraded":2,"win_rate":0.0,"timestamp":1610481879,"path_taken":["M","?","?","?","?","R","M","?","T","E","?","R","E","E","R","BOSS","M","?","?","AVR","M","E","R","M","T","M","?","R","E","?","R","BOSS"],"items_purchased_type":["Card","Card","Relic"],"build_version":"2020-12-22","purchased_purges":1,"victory":false,"max_hp_per_floor":[66,66,66,66,66,66,66,66,73,74,74,74,74,74,74,74,74,74,74,74,82,84,86,86,88,88,90,92,92,94,94,94,91,91],"card_choices":[{"not_picked":["animator:Emonzaemon","animator:ZankiKiguchi"],"picked":"animator:Tatsumaki","floor":1},{"not_picked":["animator:DolaSchwi","animator:Jibril","animator:HighElfArcher"],"picked":"SKIP","floor":7},{"not_picked":["animator:Kuribayashi","animator:Bozes"],"picked":"animator:MumenRider","floor":8},{"not_picked":["animator:MumenRider","animator:Genos"],"picked":"animator:Saitama","floor":10},{"not_picked":["animator:YaoHaDucy","animator:Kuribayashi"],"picked":"animator:MumenRider","floor":13},{"not_picked":["animator:UneriGinkaku","animator:GoblinSlayer"],"picked":"animator:Tatsumaki","floor":14},{"not_picked":["animator:Sora","animator:ItamiYouji"],"picked":"animator:Rimuru","floor":16},{"not_picked":["animator:Tyuule","animator:CowGirl"],"picked":"animator:MumenRider","floor":18},{"not_picked":["animator:Benimaru","animator:DolaCouronne","animator:Yoichi"],"picked":"SKIP","floor":22},{"not_picked":["animator:Yuuichirou","animator:Tet","animator:CowGirl+1"],"picked":"SKIP","floor":23},{"not_picked":["animator:Spearman","animator:Shuna","animator:DolaCouronne+1"],"picked":"SKIP","floor":25},{"not_picked":["animator:FeridBathory","animator:Jibril","animator:Mikaela"],"picked":"SKIP","floor":27},{"not_picked":["animator:Hakurou","animator:Togame","animator:SilverFang"],"picked":"SKIP","floor":28},{"not_picked":["animator:CrowleyEusford","animator:Kuribayashi","animator:Mitsuba"],"picked":"SKIP","floor":30}],"player_experience":478596,"relics_obtained":[{"floor":9,"key":"Strawberry"},{"floor":10,"key":"WingedGreaves"},{"floor":13,"key":"Red Skull"},{"floor":14,"key":"Runesmith:Nanobots"},{"floor":23,"key":"infinitespire:EmpoweringShard"},{"floor":26,"key":"Toy Ornithopter"},{"floor":30,"key":"animator:BattleDrones"},{"floor":31,"key":"MealTicket"}],"event_choices":[{"damage_healed":0,"gold_gain":0,"player_choice":"Take Damage","damage_taken":16,"relics_obtained":["Golden Idol"],"max_hp_gain":0,"max_hp_loss":0,"event_name":"Golden Idol","floor":2,"gold_loss":0},{"damage_healed":0,"gold_gain":75,"player_choice":"Gather Gold","damage_taken":11,"max_hp_gain":0,"max_hp_loss":0,"event_name":"World of Goop","floor":3,"gold_loss":0},{"damage_healed":0,"gold_gain":0,"player_choice":"Success","damage_taken":3,"relics_obtained":["hubris:GlazedTorus"],"max_hp_gain":0,"max_hp_loss":0,"event_name":"Scrap Ooze","floor":11,"gold_loss":0},{"damage_healed":0,"gold_gain":0,"player_choice":"Opened","damage_taken":0,"relics_obtained":["hubris:FunFungus"],"max_hp_gain":0,"max_hp_loss":0,"event_name":"The Mausoleum","floor":19,"gold_loss":0,"cards_obtained":["Writhe"]}],"is_beta":false,"boss_relics":[{"not_picked":["hubris:ScarierMask","Ectoplasm"],"picked":"hubris:RunicObelisk"}],"items_purged_floors":[21],"is_endless":false,"potions_floor_spawned":[7,13,14,22,23,25],"killed_by":"hubris:MusketHawk","ascension_level":2}}