{"host":"6lk96jvvnndj23n5","time":1610479423,"event":{"mods":["BaseMod","Hermit","Minty Spire (QoL Compilation)","StSLib"],"gold_per_floor":[117,117,133,133,146,178,178,190,190,238,249,249,148,167,167,167,167],"floor_reached":16,"language":"ENG","playtime":588,"items_purged":["hermit:Strike_Hermit"],"score":102,"play_id":"e54827df-26f6-46f2-b4f7-6b76c1a7d90b","local_time":"20210112192343","is_ascension_mode":false,"campfire_choices":[{"floor":7,"key":"REST"},{"floor":12,"key":"REST"},{"floor":15,"key":"REST"}],"circlet_count":0,"master_deck":["hermit:Strike_Hermit","hermit:Strike_Hermit+1","hermit:Defend_Hermit","hermit:Defend_Hermit","hermit:Defend_Hermit","hermit:Defend_Hermit","hermit:Snapshot+1","hermit:Covet","hermit:Ricochet","hermit:SprayPray","hermit:Enervate","hermit:Grudge+1","hermit:BodyArmor","hermit:SprayPray+1","hermit:Misfire+1","hermit:HighCaliber+1"],"relics":["hermit:Momento","Molten Egg 2","Unceasing Top","Smiling Mask"],"acts_visited":["Exordium"],"potions_floor_usage":[14,16],"damage_taken":[{"damage":12,"enemies":"2 Louse","floor":1,"turns":3},{"damage":0,"enemies":"Cultist","floor":3,"turns":2},{"damage":11,"enemies":"Jaw Worm","floor":5,"turns":2},{"damage":18,"enemies":"3 Sentries","floor":6,"turns":7},{"damage":17,"enemies":"Exordium Wildlife","floor":8,"turns":4},{"damage":0,"enemies":"2 Fungi Beasts","floor":11,"turns":2},{"damage":9,"enemies":"Gremlin Gang","floor":14,"turns":2},{"damage":50,"enemies":"The Guardian","floor":16,"turns":10}],"seed_played":"5259401495560698864","potions_obtained":[{"floor":3,"key":"Weak Potion"},{"floor":11,"key":"SteroidPotion"}],"is_trial":false,"path_per_floor":["M","?","M","?","M","E","R","M","T","T","M","R","$","M","R","B"],"character_chosen":"HERMIT","items_purchased":["hermit:Misfire+1"],"campfire_rested":3,"item_purchase_floors":[13],"current_hp_per_floor":[56,38,38,38,27,9,35,18,18,18,18,44,44,35,61,11,11],"gold":167,"neow_bonus":"TWENTY_PERCENT_HP_BONUS","is_daily":false,"chose_seed":false,"campfire_upgraded":0,"win_rate":0.0,"timestamp":1610479423,"path_taken":["M","?","M","?","?","E","R","M","T","?","M","R","?","M","R","BOSS"],"items_purchased_type":["Card"],"build_version":"2020-12-22","purchased_purges":1,"victory":false,"max_hp_per_floor":[89,89,89,89,89,89,89,89,89,89,89,89,89,89,89,89,89],"card_choices":[{"not_picked":["hermit:Dive","hermit:CalledShot"],"picked":"hermit:Ricochet","floor":1},{"not_picked":["hermit:Roulette","hermit:TrackingShot"],"picked":"hermit:SprayPray","floor":3},{"not_picked":["hermit:CalledShot","hermit:LowProfile"],"picked":"hermit:Enervate","floor":5},{"not_picked":["hermit:GoldenBullet+1","hermit:Roughhouse+1"],"picked":"hermit:Grudge+1","floor":6},{"not_picked":["hermit:Showdown+1","hermit:Roulette+1"],"picked":"hermit:BodyArmor","floor":8},{"not_picked":["hermit:BigShot","hermit:GhostlyPresence"],"picked":"hermit:SprayPray+1","floor":11},{"not_picked":["hermit:CursedWeapon+1","hermit:Desperado+1"],"picked":"hermit:HighCaliber+1","floor":14}],"player_experience":161561,"relics_obtained":[{"floor":6,"key":"Molten Egg 2"},{"floor":9,"key":"Unceasing Top"},{"floor":10,"key":"Smiling Mask"}],"event_choices":[{"damage_healed":0,"gold_gain":0,"player_choice":"Entered Light","damage_taken":18,"max_hp_gain":0,"max_hp_loss":0,"event_name":"Shining Light","floor":2,"gold_loss":0,"cards_upgraded":["hermit:Snapshot","hermit:Strike_Hermit"]},{"cards_removed":["hermit:Strike_Hermit"],"damage_healed":0,"gold_gain":0,"player_choice":"Purged","damage_taken":0,"max_hp_gain":0,"max_hp_loss":0,"event_name":"Purifier","floor":4,"gold_loss":0}],"is_beta":false,"boss_relics":[],"items_purged_floors":[13],"is_endless":false,"potions_floor_spawned":[3,11],"killed_by":"The Guardian","ascension_level":0}}