{"host":"ykruzxakfolvqoa7","time":1610472633,"event":{"mods":["Act Like it!","BaseMod","Colored Powertips","Downfall","Elementarium","Hubris","Ironclad Rager","Menagerie","Mimic Mod","Minty Spire (QoL Compilation)","Spicy Shops","Spikes Relics","StSLib","Swap Starting Deck Mod","Wandering Minibosses"],"gold_per_floor":[118,118,129,54,54,87,87,112,135,160,171,171,171,171,171,272,272,300,84,108,383,89,114,114,34,80,101,123,123,158,193,193,297,297,325,325,342,407,457,490,526,20,57,57,57,72,72,72,72,72],"floor_reached":51,"playtime":4824,"items_purged":["Doubt","Pain"],"score":839,"play_id":"1e2937dd-b835-48b8-9be0-b199d0dfddf6","local_time":"20210112173033","is_ascension_mode":true,"campfire_choices":[{"floor":7,"key":"REST"},{"floor":15,"key":"REST"},{"floor":24,"key":"REST"},{"floor":29,"key":"REST"},{"floor":32,"key":"REST"},{"data":"Menagerie:Tinker","floor":44,"key":"SMITH"},{"data":"Menagerie:WallOfBlossoms","floor":47,"key":"SMITH"},{"data":"Menagerie:Languish","floor":49,"key":"SMITH"}],"circlet_count":0,"master_deck":["Gash","Gash","Gash","Gash","Rip and Tear","Reprogram+1","Steam","Steam","Steam+1","Steam","Gash","Menagerie:WallOfBlossoms+1","Menagerie:Tinker+1","Menagerie:Languish+1","Heatsinks","Menagerie:BeastSpirit","Storm+1","Defragment+1","Echo Form+1","Go for the Eyes+1","Creative AI+1","Gash+1","Storm+1","Storm+1","Regret","Go for the Eyes+1","Static Discharge+1","Beam Cell+1","Echo Form+1","Sunder+1","Force Field","hubris:Ukulele+1","Gash+1"],"relics":["Cracked Core","Frozen Egg 2","War Paint","Vajra","Molten Egg 2","Menagerie:HuntersKnife","WarpedTongs","Menagerie:ShiftingBlessing","Tiny Chest","DollysMirror","Nunchaku","Strange Spoon","SnailShell","MiniBlackHole","wanderingMiniBosses:CarrionFlame","hubris:DeckOfHolding","Inserter","SpikesRelics:DaevaFist","Bird Faced Urn","Emotion Chip","Gambling Chip","hubris:PeanutButter","Prayer Wheel","hubris:CuriousFeather"],"acts_visited":["Exordium","TheCity","TheBeyond"],"potions_floor_usage":[3,6,16,18,23,30,31,33,38,43,46],"damage_taken":[{"damage":0,"enemies":"Menagerie:StygianBoar","floor":1,"turns":2},{"damage":3,"enemies":"Menagerie:MonstrousExperiment","floor":3,"turns":2},{"damage":1,"enemies":"Menagerie:VoidReaper","floor":6,"turns":4},{"damage":4,"enemies":"Menagerie:MaskedSummoner","floor":8,"turns":5},{"damage":0,"enemies":"Menagerie:Hydra","floor":10,"turns":4},{"damage":7,"enemies":"Menagerie:WhisperingWraith","floor":11,"turns":3},{"damage":21,"enemies":"Menagerie:Chimera","floor":16,"turns":6},{"damage":4,"enemies":"3 Byrds","floor":18,"turns":3},{"damage":7,"enemies":"Chosen","floor":20,"turns":3},{"damage":29,"enemies":"Gremlin Leader","floor":23,"turns":5},{"damage":20,"enemies":"Snake Plant","floor":27,"turns":5},{"damage":5,"enemies":"Cultist and Chosen","floor":28,"turns":3},{"damage":13,"enemies":"Book of Stabbing","floor":30,"turns":3},{"damage":0,"enemies":"3 Cultists","floor":31,"turns":2},{"damage":33,"enemies":"Champ","floor":33,"turns":5},{"damage":7,"enemies":"3 Shapes","floor":35,"turns":3},{"damage":15,"enemies":"3 Darklings","floor":37,"turns":3},{"damage":29,"enemies":"2 Orb Walkers","floor":38,"turns":3},{"damage":6,"enemies":"Mind Bloom Boss Battle","floor":39,"turns":6},{"damage":26,"enemies":"Giant Head","floor":40,"turns":5},{"damage":7,"enemies":"4 Shapes","floor":41,"turns":3},{"damage":0,"enemies":"Maw","floor":43,"turns":4},{"damage":0,"enemies":"Maw","floor":46,"turns":6},{"damage":15,"enemies":"hubris:GrandSnecko","floor":50,"turns":5}],"seed_played":"-5963353270451864545","potions_obtained":[{"floor":1,"key":"Explosive Potion"},{"floor":3,"key":"Weak Potion"},{"floor":8,"key":"Regen Potion"},{"floor":16,"key":"Energy Potion"},{"floor":18,"key":"FearPotion"},{"floor":23,"key":"Explosive Potion"},{"floor":27,"key":"sneckomod:MuddlingPotion"},{"floor":31,"key":"FearPotion"},{"floor":35,"key":"ColorlessPotion"},{"floor":40,"key":"Block Potion"},{"floor":46,"key":"Slimebound:ThreeZeroPotion"}],"is_trial":false,"path_per_floor":["M","?","M","$","?","E","R","E","T","E","M","?","?","?","R","B",null,"M","$","M","?","$","E","R","$","T","M","M","R","E","M","R","B",null,"M","T","M","?","?","E","M","$","MIM","R","?","M","R","T","R","B",null],"character_chosen":"DEFECT","items_purchased":["Tiny Chest","DollysMirror","Nunchaku","Strange Spoon","Static Discharge+1","hubris:PeanutButter","Force Field","PowerPotion"],"campfire_rested":5,"item_purchase_floors":[19,19,22,22,25,42,42,42],"current_hp_per_floor":[38,38,35,35,35,34,53,49,49,49,42,42,42,33,51,45,60,56,56,49,49,49,20,38,38,38,18,13,31,18,18,36,3,60,53,53,38,9,23,27,30,30,50,50,50,57,57,57,57,57],"gold":72,"neow_bonus":"","is_daily":false,"chose_seed":false,"campfire_upgraded":3,"win_rate":0.0,"timestamp":1610472633,"path_taken":["M","?","M","$","?","E","R","E","T","E","?","?","?","?","R","BOSS","M","$","M","?","?","E","R","$","T","?","M","R","E","M","R","BOSS","M","?","M","?","?","E","M","$","MIM","R","?","M","R","?","R","BOSS"],"items_purchased_type":["Relic","Relic","Relic","Relic","Card","Relic","Card","Potion"],"build_version":"2020-12-22","purchased_purges":2,"victory":true,"max_hp_per_floor":[75,68,68,68,65,65,65,65,65,65,65,60,60,60,60,60,60,60,60,60,60,60,60,60,60,60,60,60,60,60,60,60,60,60,60,60,60,60,60,60,60,60,60,60,57,57,57,57,57,57],"card_choices":[{"not_picked":["Melter","Stack"],"picked":"Gash","floor":1},{"not_picked":["Menagerie:Foresee","Menagerie:DarkRitual"],"picked":"Menagerie:WallOfBlossoms","floor":2},{"not_picked":["Menagerie:MirarisWake","Menagerie:RelicOfProgenitus"],"picked":"Menagerie:Tinker","floor":2},{"not_picked":["Menagerie:Dismember","Menagerie:CrumblingSanctuary"],"picked":"Menagerie:Languish","floor":2},{"not_picked":["Barrage","FTL"],"picked":"Heatsinks","floor":3},{"not_picked":["Skim","Barrage"],"picked":"Storm+1","floor":6},{"not_picked":["Streamline","Chaos"],"picked":"Defragment+1","floor":8},{"not_picked":["Darkness","Gash+1"],"picked":"Echo Form+1","floor":10},{"not_picked":["Redo","Sweeping Beam+1"],"picked":"Go for the Eyes+1","floor":11},{"not_picked":["hubris:Prefetch","Multi-Cast"],"picked":"Creative AI+1","floor":16},{"not_picked":["FTL+1","Defragment+1"],"picked":"Gash+1","floor":18},{"not_picked":["hubris:PowerSurge+1","Coolheaded"],"picked":"Storm+1","floor":20},{"not_picked":["Barrage+1","Reinforced Body"],"picked":"Go for the Eyes+1","floor":23},{"not_picked":["Streamline+1","Storm+1"],"picked":"Beam Cell+1","floor":27},{"not_picked":["Coolheaded","Go for the Eyes+1","Rebound+1"],"picked":"SKIP","floor":28},{"not_picked":["Melter+1","Double Energy","Glacier+1"],"picked":"SKIP","floor":30},{"not_picked":["Leap","Compile Driver+1","Rebound+1"],"picked":"SKIP","floor":31},{"not_picked":["Creative AI+1","hubris:SpecializedCircuitry+1"],"picked":"Echo Form+1","floor":33},{"not_picked":["Cold Snap+1","Stack","Streamline+1"],"picked":"SKIP","floor":35},{"not_picked":["Streamline+1","Barrage+1","Leap+1"],"picked":"SKIP","floor":37},{"not_picked":["Machine Learning+1","Ball Lightning+1"],"picked":"Sunder+1","floor":39},{"not_picked":["Go for the Eyes+1","BootSequence+1","Cold Snap+1"],"picked":"SKIP","floor":40},{"not_picked":["Cold Snap+1","Barrage+1","Ball Lightning+1"],"picked":"SKIP","floor":41},{"not_picked":["Steam","Conserve Battery"],"picked":"hubris:Ukulele+1","floor":43},{"not_picked":["Rebound+1","Consume+1"],"picked":"Gash+1","floor":46},{"not_picked":["Steam","Coolheaded","Hologram+1"],"picked":"SKIP","floor":46}],"player_experience":347128,"relics_obtained":[{"floor":6,"key":"Frozen Egg 2"},{"floor":8,"key":"War Paint"},{"floor":9,"key":"Vajra"},{"floor":10,"key":"Molten Egg 2"},{"floor":23,"key":"SnailShell"},{"floor":26,"key":"MiniBlackHole"},{"floor":27,"key":"wanderingMiniBosses:CarrionFlame"},{"floor":30,"key":"hubris:DeckOfHolding"},{"floor":36,"key":"SpikesRelics:DaevaFist"},{"floor":38,"key":"Bird Faced Urn"},{"floor":39,"key":"Emotion Chip"},{"floor":40,"key":"Gambling Chip"},{"floor":43,"key":"Prayer Wheel"},{"floor":48,"key":"hubris:CuriousFeather"}],"event_choices":[{"damage_healed":0,"gold_gain":0,"player_choice":"Read","damage_taken":0,"max_hp_gain":0,"max_hp_loss":7,"event_name":"Menagerie:OvergrownLibrary","floor":2,"gold_loss":0,"cards_obtained":["Doubt"]},{"damage_healed":0,"gold_gain":0,"player_choice":"Knelt","damage_taken":0,"max_hp_gain":0,"max_hp_loss":3,"event_name":"Menagerie:BeastSpiritShrine","floor":5,"gold_loss":0,"cards_obtained":["Menagerie:BeastSpirit"]},{"damage_healed":0,"gold_gain":0,"player_choice":"Take","damage_taken":0,"relics_obtained":["Menagerie:HuntersKnife"],"max_hp_gain":0,"max_hp_loss":5,"event_name":"Menagerie:BigGameHunter","floor":12,"gold_loss":0},{"damage_healed":0,"gold_gain":0,"player_choice":"Rummage","damage_taken":0,"relics_obtained":["WarpedTongs"],"max_hp_gain":0,"max_hp_loss":0,"event_name":"Accursed Blacksmith","floor":13,"gold_loss":0,"cards_obtained":["Pain"]},{"damage_healed":0,"gold_gain":0,"player_choice":"Touch","damage_taken":9,"relics_obtained":["Menagerie:ShiftingBlessing"],"max_hp_gain":0,"max_hp_loss":0,"event_name":"Menagerie:LunarGift","floor":14,"gold_loss":0},{"damage_healed":0,"gold_gain":275,"player_choice":"Desecrate","damage_taken":0,"max_hp_gain":0,"max_hp_loss":0,"event_name":"Golden Shrine","floor":21,"gold_loss":0,"cards_obtained":["Regret"]},{"damage_healed":0,"gold_gain":0,"player_choice":"Fight","damage_taken":0,"max_hp_gain":0,"max_hp_loss":0,"event_name":"Mysterious Sphere","floor":38,"gold_loss":0},{"damage_healed":0,"gold_gain":0,"player_choice":"Fight","damage_taken":0,"max_hp_gain":0,"max_hp_loss":0,"event_name":"MindBloom","floor":39,"gold_loss":0},{"damage_healed":0,"gold_gain":0,"player_choice":"Max HP","damage_taken":0,"max_hp_gain":0,"max_hp_loss":3,"event_name":"Winding Halls","floor":45,"gold_loss":0}],"is_beta":false,"boss_relics":[{"not_picked":[]},{"not_picked":["SacredBark","Tiny House"],"picked":"Inserter"}],"items_purged_floors":[4,42],"is_endless":false,"potions_floor_spawned":[1,3,8,16,18,23,27,31,35,40,46],"ascension_level":1}}