{"host":"tnsigirk6wurdark","time":1610480858,"event":{"mods":["BaseMod","Colored Map","Colored Powertips","Highlight Path","Minty Spire (QoL Compilation)","Quick Restart","Relic Sorter","StSLib","Synergy Search"],"gold_per_floor":[119,119,131,131,2,2,32,42,65,65,85,85,102,135,135,135,135],"floor_reached":16,"playtime":696,"items_purged":["Regret"],"score":193,"play_id":"5f53f22b-51b1-439d-9ba3-229382e15d54","local_time":"20210112194738","is_ascension_mode":true,"campfire_choices":[{"data":"Slice","floor":6,"key":"SMITH"},{"data":"Endless Agony","floor":10,"key":"SMITH"},{"floor":15,"key":"REST"}],"circlet_count":0,"master_deck":["AscendersBane","Strike_G","Strike_G","Strike_G","Strike_G","Strike_G","Defend_G","Defend_G","Defend_G","Defend_G","Defend_G","Survivor","Neutralize","Quick Slash","Slice+1","Endless Agony+1","Deflect","Slice"],"relics":["Ring of the Snake","Oddly Smooth Stone","Mercury Hourglass","PreservedInsect","Smiling Mask","Darkstone Periapt"],"acts_visited":["Exordium"],"potions_floor_usage":[14,16],"damage_taken":[{"damage":0,"enemies":"Cultist","floor":1,"turns":3},{"damage":7,"enemies":"Small Slimes","floor":3,"turns":7},{"damage":18,"enemies":"Gremlin Nob","floor":7,"turns":4},{"damage":0,"enemies":"2 Louse","floor":8,"turns":1},{"damage":0,"enemies":"Lots of Slimes","floor":11,"turns":3},{"damage":0,"enemies":"Exordium Wildlife","floor":13,"turns":3},{"damage":5,"enemies":"3 Sentries","floor":14,"turns":5},{"damage":62,"enemies":"Hexaghost","floor":16,"turns":14}],"seed_played":"8717558207912704703","potions_obtained":[{"floor":8,"key":"Swift Potion"},{"floor":11,"key":"PowerPotion"}],"is_trial":false,"path_per_floor":["M","?","M","?","$","R","E","M","T","R","M","?","M","E","R","B"],"character_chosen":"THE_SILENT","items_purchased":["Slice"],"campfire_rested":1,"item_purchase_floors":[5],"current_hp_per_floor":[65,65,58,58,58,58,40,40,40,40,40,40,40,35,56,0,0],"gold":135,"neow_bonus":"TEN_PERCENT_HP_BONUS","is_daily":false,"chose_seed":false,"campfire_upgraded":2,"win_rate":0.0,"timestamp":1610480858,"path_taken":["M","?","M","?","$","R","E","M","T","R","M","?","M","E","R","BOSS"],"items_purchased_type":["Card"],"build_version":"2020-12-22","purchased_purges":1,"victory":false,"max_hp_per_floor":[72,72,72,72,72,72,72,72,72,72,72,72,72,72,72,72,72],"card_choices":[{"not_picked":["Bane","Skewer","Masterful Stab"],"picked":"SKIP","floor":1},{"not_picked":["Dagger Spray","Blade Dance"],"picked":"Quick Slash","floor":3},{"not_picked":["Backstab","Flechettes"],"picked":"Endless Agony","floor":7},{"not_picked":["Terror","Dodge and Roll"],"picked":"Deflect","floor":8},{"not_picked":["Cloak And Dagger","Masterful Stab"],"picked":"Slice","floor":11},{"not_picked":["Outmaneuver","Well Laid Plans","Dagger Throw"],"picked":"SKIP","floor":13},{"not_picked":["Expertise","Die Die Die"],"picked":"Slice","floor":14}],"player_experience":690291,"relics_obtained":[{"floor":7,"key":"Mercury Hourglass"},{"floor":9,"key":"PreservedInsect"},{"floor":14,"key":"Darkstone Periapt"}],"event_choices":[{"damage_healed":0,"gold_gain":0,"player_choice":"Box","damage_taken":0,"relics_obtained":["Oddly Smooth Stone"],"max_hp_gain":0,"max_hp_loss":0,"event_name":"Big Fish","floor":2,"gold_loss":0,"cards_obtained":["Regret"]},{"damage_healed":0,"gold_gain":0,"player_choice":"Ignored","damage_taken":0,"max_hp_gain":0,"max_hp_loss":0,"event_name":"Shining Light","floor":4,"gold_loss":0},{"cards_removed":["Slice"],"damage_healed":0,"gold_gain":0,"player_choice":"Gave Card","damage_taken":0,"relics_obtained":["Smiling Mask"],"max_hp_gain":0,"max_hp_loss":0,"event_name":"WeMeetAgain","floor":12,"gold_loss":0}],"is_beta":false,"boss_relics":[],"items_purged_floors":[5],"is_endless":false,"potions_floor_spawned":[8,11,13],"killed_by":"Hexaghost","ascension_level":15}}