{"host":"8zow35rkxv448q2r","time":1610477984,"event":{"mods":["AchievementEnabler","BaseMod","Colored Map","Colored Powertips","Minty Spire (QoL Compilation)","Relic Stats"],"gold_per_floor":[111,111,111,122,999550,999575,999615,999615,999615,999657,999675,999691,999705,999020,999020,999124,999124,999153,999172,999181,999203,999203,999203],"floor_reached":22,"playtime":1224,"items_purged":[],"score":300,"play_id":"693fd6db-2ef4-46d0-9326-40291641e921","local_time":"20210112135944","is_ascension_mode":true,"campfire_choices":[{"data":"ThirdEye","floor":8,"key":"SMITH"},{"floor":15,"key":"REST"}],"circlet_count":0,"master_deck":["Strike_P","Strike_P","Strike_P","Strike_P","Defend_P","Defend_P","Defend_P","Defend_P","Eruption","Vigilance","FearNoEvil","WaveOfTheHand","FollowUp","ThirdEye+1","Consecrate","Consecrate","Alpha","Weave+1","PathToVictory","JustLucky+1"],"relics":["HolyWater","CeramicFish","Strawberry","Sling","Ancient Tea Set","Mercury Hourglass","Shuriken","Frozen Eye","Ginger","Juzu Bracelet"],"acts_visited":["Exordium","TheCity"],"potions_floor_usage":[7,12,19,21,22],"damage_taken":[{"damage":0,"enemies":"Small Slimes","floor":1,"turns":2},{"damage":4,"enemies":"2 Louse","floor":4,"turns":3},{"damage":2,"enemies":"Cultist","floor":6,"turns":3},{"damage":0,"enemies":"Gremlin Nob","floor":7,"turns":2},{"damage":21,"enemies":"3 Sentries","floor":10,"turns":5},{"damage":12,"enemies":"Blue Slaver","floor":11,"turns":3},{"damage":0,"enemies":"Exordium Wildlife","floor":12,"turns":3},{"damage":3,"enemies":"Looter","floor":13,"turns":2},{"damage":0,"enemies":"Slime Boss","floor":16,"turns":5},{"damage":12,"enemies":"Chosen","floor":18,"turns":4},{"damage":31,"enemies":"Shell Parasite","floor":19,"turns":6},{"damage":35,"enemies":"Centurion and Healer","floor":21,"turns":4},{"damage":8,"enemies":"Snecko","floor":22,"turns":2}],"seed_played":"6872345371107592294","potions_obtained":[{"floor":6,"key":"AttackPotion"},{"floor":10,"key":"BlessingOfTheForge"},{"floor":11,"key":"LiquidBronze"},{"floor":16,"key":"Strength Potion"},{"floor":21,"key":"Ancient Potion"}],"is_trial":false,"path_per_floor":["M","?","?","M","$","M","E","R","T","E","M","M","M","$","R","B",null,"M","M","?","M","M"],"character_chosen":"WATCHER","items_purchased":["BottledMiracle","CeramicFish","Strawberry","Sling","Frozen Eye","Ginger","Juzu Bracelet","ColorlessPotion","Consecrate"],"campfire_rested":1,"item_purchase_floors":[5,5,5,5,14,14,14,14,14],"current_hp_per_floor":[79,79,79,75,82,80,80,80,80,59,47,47,44,44,69,69,86,74,43,43,8,0,0],"gold":999203,"neow_bonus":"TEN_PERCENT_HP_BONUS","is_daily":false,"chose_seed":false,"campfire_upgraded":1,"win_rate":0.0,"timestamp":1610477984,"path_taken":["M","?","?","M","$","M","E","R","T","E","M","M","?","$","R","BOSS","M","M","?","M","M"],"items_purchased_type":["Potion","Relic","Relic","Relic","Relic","Relic","Relic","Potion","Card"],"build_version":"2020-12-22","purchased_purges":0,"victory":false,"max_hp_per_floor":[79,79,79,79,86,86,86,86,86,86,86,86,86,86,86,86,86,86,86,86,86,86,86],"relic_stats":{"counters":[13,43],"Shuriken":[11],"CeramicFish":72,"Juzu Bracelet":0,"Ginger":[3],"obtain_stats":[{"Frozen Eye":14,"Shuriken":10,"CeramicFish":5,"Strawberry":5,"HolyWater":17,"Juzu Bracelet":14,"Ginger":14,"PureWater":0,"Sling":5,"Ancient Tea Set":7,"Mercury Hourglass":9},{"Frozen Eye":8,"Shuriken":5,"CeramicFish":2,"Strawberry":2,"HolyWater":9,"Juzu Bracelet":8,"Ginger":8,"PureWater":0,"Sling":2,"Ancient Tea Set":4,"Mercury Hourglass":4},{"Frozen Eye":22,"Shuriken":15,"CeramicFish":5,"Strawberry":5,"HolyWater":27,"Juzu Bracelet":22,"Ginger":22,"PureWater":0,"Sling":5,"Ancient Tea Set":10,"Mercury Hourglass":10}],"Mercury Hourglass":[116]},"card_choices":[{"not_picked":["JustLucky","EmptyFist"],"picked":"FollowUp","floor":1},{"not_picked":["Crescendo","Meditate"],"picked":"WaveOfTheHand","floor":4},{"not_picked":["BattleHymn","Weave"],"picked":"FollowUp","floor":6},{"not_picked":["CrushJoints","FollowUp"],"picked":"ThirdEye","floor":7},{"not_picked":["EmptyBody","Halt"],"picked":"Consecrate","floor":10},{"not_picked":["Evaluate","MentalFortress","WheelKick"],"picked":"SKIP","floor":11},{"not_picked":["FlurryOfBlows","Perseverance","Brilliance"],"picked":"SKIP","floor":12},{"not_picked":["FlyingSleeves","ClearTheMind","Study"],"picked":"SKIP","floor":13},{"not_picked":["Ragnarok","DeusExMachina"],"picked":"Alpha","floor":16},{"not_picked":["CutThroughFate","WheelKick"],"picked":"Weave+1","floor":18},{"not_picked":["EmptyFist","Halt","FollowUp"],"picked":"SKIP","floor":19},{"not_picked":["Prostrate","SashWhip"],"picked":"JustLucky+1","floor":21}],"player_experience":157239,"relics_obtained":[{"floor":7,"key":"Ancient Tea Set"},{"floor":9,"key":"Mercury Hourglass"},{"floor":10,"key":"Shuriken"}],"event_choices":[{"damage_healed":0,"gold_gain":0,"cards_transformed":["FollowUp"],"player_choice":"Change","damage_taken":0,"max_hp_gain":0,"max_hp_loss":0,"event_name":"Living Wall","floor":2,"gold_loss":0,"cards_obtained":["ReachHeaven"]},{"damage_healed":0,"gold_gain":0,"cards_transformed":["ReachHeaven"],"player_choice":"Transformed","damage_taken":0,"max_hp_gain":0,"max_hp_loss":0,"event_name":"Transmorgrifier","floor":3,"gold_loss":0,"cards_obtained":["FearNoEvil"]},{"damage_healed":0,"gold_gain":0,"player_choice":"Read","damage_taken":0,"max_hp_gain":0,"max_hp_loss":0,"event_name":"The Library","floor":20,"gold_loss":0,"cards_obtained":["PathToVictory"]}],"is_beta":false,"boss_relics":[{"not_picked":["Astrolabe","Pandora\u0027s Box"],"picked":"HolyWater"}],"items_purged_floors":[],"is_endless":false,"potions_floor_spawned":[6,10,11,16,19,21],"killed_by":"Snecko","ascension_level":2}}