{"host":"bhbf7zxbh2qxgvbr","time":1610465598,"event":{"mods":["BaseMod","Chen","Friendly Minions","Marisa£®ÏF”Í°°ƒß¿Ì…≥£©","Minty Spire (QoL Compilation)","Quick Restart","Reimu£®≤©¿ˆ¡È√Œ£©","Remilia£®¿Ÿ√◊¿Ú—«£©","StSLib","The Administrix","The Servant 0.9.4","Youmu£®ªÍ∆«—˝√Œ£©","vexMod"],"gold_per_floor":[116,116,116,116,116,149,74,110,110,110,128,128,169,69,69,188,188,203,203,226,247,75,111,111,111,137,151,151,151,151],"floor_reached":29,"playtime":1684,"items_purged":["Strike_MRS","Defend_MRS","Defend_MRS"],"score":393,"play_id":"3b763c67-ed54-4879-ad4f-5a1b461fbd74","local_time":"20210112233318","is_ascension_mode":true,"campfire_choices":[{"floor":10.0,"key":"DIG"},{"data":"MilkyWay","floor":12.0,"key":"SMITH"},{"data":"MilkyWay","floor":15.0,"key":"SMITH"},{"floor":25,"key":"REST"}],"circlet_count":0,"master_deck":["Strike_MRS","Strike_MRS+1","Defend_MRS+1","Defend_MRS","MasterSpark+1","UpSweep+1","PowerUp+1","MilkyWay+1","MilkyWay+1","PowerUp+1","TreasureHunter+1","AsteroidBelt","MilkyWay+1"],"relics":["MiniHakkero","NeowsBlessing","Golden Idol","HornCleat","Shovel","StrikeDummy","Unceasing Top","Akabeko","vexMod:ImprovementManual","Omamori","ShroomBag","ScarletDevilRocket"],"acts_visited":["Exordium","TheCity"],"potions_floor_usage":[],"damage_taken":[{"damage":0.0,"enemies":"Jaw Worm","floor":1.0,"turns":1.0},{"damage":0.0,"enemies":"3 Sentries","floor":6.0,"turns":2.0},{"damage":0.0,"enemies":"Gremlin Nob","floor":8.0,"turns":1.0},{"damage":2.0,"enemies":"2 Louse","floor":11.0,"turns":2.0},{"damage":0.0,"enemies":"3 Sentries","floor":13.0,"turns":7.0},{"damage":3.0,"enemies":"Hexaghost","floor":16.0,"turns":8.0},{"damage":5.0,"enemies":"Chosen","floor":18.0,"turns":3.0},{"damage":14.0,"enemies":"2 Thieves","floor":20.0,"turns":4.0},{"damage":25.0,"enemies":"Centurion and Healer","floor":21.0,"turns":4.0},{"damage":31,"enemies":"Slavers","floor":23,"turns":8},{"damage":26,"enemies":"Cultist and Chosen","floor":27,"turns":6},{"damage":0,"enemies":"Gremlin Leader","floor":29,"turns":3}],"seed_played":"-3708782247200164631","potions_obtained":[{"floor":6.0,"key":"GamblersBrew"},{"floor":8.0,"key":"BlessingOfTheForge"},{"floor":16.0,"key":"SteroidPotion"}],"is_trial":false,"path_per_floor":["M","?","?","T","?","E","$","E","T","R","M","R","E","$","R","B",null,"M","?","M","M","$","E","$","R","T","M","?","E"],"character_chosen":"MARISA","items_purchased":["MilkyWay"],"campfire_rested":1,"item_purchase_floors":[22],"current_hp_per_floor":[75,80,60,60,44,44,44,44,44,44,42,42,42,42,42,39,80,75,75,61,36,36,5,5,29,29,3,3,3,3],"gold":151,"neow_bonus":"THREE_ENEMY_KILL","is_daily":false,"chose_seed":false,"campfire_upgraded":2,"win_rate":0.0,"timestamp":1610465598,"path_taken":["M","?","?","?","?","E","?","E","T","R","?","R","E","$","R","BOSS","M","?","?","M","$","E","$","R","T","?","?","E"],"items_purchased_type":["Card"],"build_version":"2020-12-22","purchased_purges":3,"victory":false,"max_hp_per_floor":[75,80,80,80,80,80,80,80,80,80,80,80,80,80,80,80,80,80,80,80,80,80,80,80,80,80,80,80,80,80],"card_choices":[{"not_picked":["WitchOfGreed","DC"],"picked":"PowerUp","floor":1.0},{"not_picked":["PowerUp","EnergyRecoil"],"picked":"MilkyWay","floor":6.0},{"not_picked":["GravityBeat","Occultation","ShootingEcho"],"picked":"SKIP","floor":8.0},{"not_picked":["WitchOfGreed","GalacticHalo"],"picked":"MilkyWay","floor":11.0},{"not_picked":["WitchLeyline","MagicAbsorber"],"picked":"PowerUp","floor":13.0},{"not_picked":["ManaRampage","SuperNova"],"picked":"TreasureHunter","floor":16.0},{"not_picked":["DoubleSpark","GravityBeat","UnstableBomb+1"],"picked":"SKIP","floor":18.0},{"not_picked":["StarBarrage","SporeBomb+1","Acceleration"],"picked":"SKIP","floor":20.0},{"not_picked":["UnstableBomb","MagicAbsorber+1"],"picked":"AsteroidBelt","floor":21.0},{"not_picked":["MilkyWay","SprinkleStarSeal","DragonMeteor+1"],"picked":"SKIP","floor":23},{"not_picked":["OneTimeOff+1","NonDirectionalLaser","GravityBeat"],"picked":"SKIP","floor":27}],"player_experience":362494,"relics_obtained":[{"floor":4.0,"key":"HornCleat"},{"floor":6.0,"key":"Shovel"},{"floor":8.0,"key":"StrikeDummy"},{"floor":10.0,"key":"Unceasing Top"},{"floor":13.0,"key":"Akabeko"},{"floor":23,"key":"Omamori"},{"floor":23,"key":"ShroomBag"},{"floor":26,"key":"ScarletDevilRocket"}],"event_choices":[{"damage_healed":0.0,"max_hp_gain":5.0,"max_hp_loss":0.0,"gold_gain":0.0,"event_name":"Big Fish","player_choice":"Donut","floor":2.0,"gold_loss":0.0,"damage_taken":0.0},{"damage_healed":0.0,"max_hp_gain":0.0,"max_hp_loss":0.0,"gold_gain":0.0,"event_name":"Golden Idol","player_choice":"Take Damage","floor":3.0,"gold_loss":0.0,"damage_taken":20.0,"relics_obtained":["Golden Idol"]},{"damage_healed":0.0,"max_hp_gain":0.0,"max_hp_loss":0.0,"gold_gain":0.0,"event_name":"Shining Light","player_choice":"Entered Light","floor":5.0,"gold_loss":0.0,"damage_taken":16.0,"cards_upgraded":["MasterSpark","Strike_MRS"]},{"cards_removed":["Strike_MRS"],"damage_healed":0.0,"max_hp_gain":0.0,"max_hp_loss":0.0,"gold_gain":0.0,"event_name":"Bonfire Elementals","player_choice":"Offered Basic","floor":19.0,"gold_loss":0.0,"damage_taken":0.0},{"damage_healed":0,"gold_gain":0,"player_choice":"Upgraded","damage_taken":0,"max_hp_gain":0,"max_hp_loss":0,"event_name":"Upgrade Shrine","floor":28,"gold_loss":0,"cards_upgraded":["MilkyWay"]}],"is_beta":false,"boss_relics":[{"not_picked":["Coffee Dripper","SacredBark"],"picked":"vexMod:ImprovementManual"}],"items_purged_floors":[7,14,22],"is_endless":false,"potions_floor_spawned":[6,8,16,23],"killed_by":"Gremlin Leader","ascension_level":2}}