{"host":"5rhdqk7nbnm087ui","time":1610450190,"event":{"mods":["AchievementEnabler","Act Like it!","BaseMod","Downfall","HololiveMod","Minty Spire (QoL Compilation)","Replay The Spire","Spicy Shops","StSLib","[IsaacMod]ÒÔÈö¼âËþ","¡¾ÒÅÎï¿¨ÅÆ¡¿REMEMod"],"gold_per_floor":[79,94,105,30,229,229,45,59,59,76,76,76,105,105,105,105,105],"floor_reached":16,"playtime":508,"items_purged":[],"score":175,"play_id":"8dc46de4-c449-4313-beb4-1459ba7c0e2a","local_time":"20210112191630","is_ascension_mode":true,"campfire_choices":[{"data":"Hololive_CallAmaneKanata","floor":6,"key":"SMITH"},{"data":"Hololive_CallYozoraMel","floor":12,"key":"SMITH"},{"floor":15,"key":"DIG"}],"circlet_count":0,"master_deck":["Hololive_Strike+1","Hololive_Strike","Hololive_Defend","Hololive_Defend","Hololive_Yoholoon","Hololive_CallYozoraMel+1","Hololive_CallAmaneKanata+1","Hololive_CallNatsuiroMatsuri","Hololive_CallShiroganeNoel","Hololive_CallRoboco","Hololive_BringToTrial","Hololive_CallAkaiHaato","Hololive_CallAiraniIofifteen","Hololive_CallMomosuzuNene+3","Hololive_CallShishiroBotan","Hololive_WolfAndLamb","Hololive_CallAyundaRisu","Hololive_CallFriendA","Hololive_CallYuzukiChoco","Hololive_CallMinatoAqua"],"relics":["Hololive_TheStar","REME_ComplimentaryCards","HushsDoor","MaYiHuaBei","REME_HandOfSuture","BookofShadows","ReplayTheSpireMod:Ninjato","Bottled Lightning","DoctorsRemote","MoneyPower"],"acts_visited":["Exordium"],"potions_floor_usage":[],"damage_taken":[{"damage":11,"enemies":"Small Slimes","floor":1,"turns":4},{"damage":0,"enemies":"Cultist","floor":2,"turns":3},{"damage":3,"enemies":"2 Louse","floor":3,"turns":3},{"damage":0,"enemies":"Looter","floor":8,"turns":3},{"damage":3,"enemies":"Exordium Wildlife","floor":10,"turns":5},{"damage":0,"enemies":"Gremlin Nob","floor":13,"turns":4},{"damage":99999930,"enemies":"Hexaghost","floor":16,"turns":7}],"seed_played":"-2626830704568815185","potions_obtained":[{"floor":1,"key":"LiquidMemories"},{"floor":2,"key":"LifebloodPotion"}],"is_trial":false,"path_per_floor":["M","M","M","$","?","R","$","M","T","M","T","R","E","?","R","B"],"character_chosen":"Hololive_HololiveCharacter","items_purchased":["Hololive_CallShishiroBotan","REME_HandOfSuture","Hololive_CallAyundaRisu"],"campfire_rested":0,"item_purchase_floors":[4,7,7],"current_hp_per_floor":[21,21,18,18,10,10,10,10,10,7,7,7,25,18,18,0,0],"gold":105,"neow_bonus":"RANDOM_EVENT","is_daily":false,"chose_seed":false,"campfire_upgraded":2,"win_rate":0.0,"timestamp":1610450190,"path_taken":["M","?","M","$","?","R","$","M","T","M","?","R","E","?","R","BOSS"],"items_purchased_type":["Card","Relic","Card"],"build_version":"2020-12-22","purchased_purges":0,"victory":false,"max_hp_per_floor":[35,35,35,35,35,35,35,35,35,35,35,35,35,35,35,35,35],"card_choices":[{"not_picked":["Hololive_Trident","Bomb","Hololive_LuckPotion"],"picked":"Hololive_CallAkaiHaato","floor":1},{"not_picked":["Bomb","Hololive_OvertimeWork","Hololive_FlyingPonyTail"],"picked":"Hololive_CallAiraniIofifteen","floor":2},{"not_picked":["Hololive_CallShiroganeNoel","Hololive_Teleport","Hololive_Psychosis"],"picked":"Hololive_CallMomosuzuNene","floor":3},{"not_picked":["Hololive_OvertimeWork","Hololive_CallNatsuiroMatsuri","Hololive_HuntDinosaur"],"picked":"Hololive_WolfAndLamb","floor":5},{"not_picked":["Hololive_ManjiGathering","Hololive_CallTsunomakiWatame","Hololive_StrengthChampion"],"picked":"Hololive_CallFriendA","floor":8},{"not_picked":["Hololive_FlyingPonyTail","Hololive_CallNatsuiroMatsuri","Bomb"],"picked":"Hololive_CallYuzukiChoco","floor":10},{"not_picked":["Hololive_Trident","Hololive_LuckPotion","Hololive_CallCivia"],"picked":"Hololive_CallMinatoAqua","floor":13}],"player_experience":126920,"relics_obtained":[{"floor":9,"key":"BookofShadows"},{"floor":11,"key":"ReplayTheSpireMod:Ninjato"},{"floor":13,"key":"Bottled Lightning"},{"floor":15,"key":"MoneyPower"}],"event_choices":[{"damage_healed":0,"gold_gain":0,"player_choice":"Success","damage_taken":7,"relics_obtained":["DoctorsRemote"],"max_hp_gain":0,"max_hp_loss":0,"event_name":"Scrap Ooze","floor":14,"gold_loss":0}],"is_beta":false,"boss_relics":[],"items_purged_floors":[],"is_endless":false,"potions_floor_spawned":[1,2],"killed_by":"Hexaghost","ascension_level":8}}