{"host":"y3h3n3f7seyagppx","time":1610471483,"event":{"mods":["AlwaysNeverKeys","BaseMod","Better Vampires","Colored Powertips","DeckTracker","Emptier Cage","Minty Spire (QoL Compilation)","Permanent Neow","Quick Restart","Rare Cards Sparkle","Relic Sorter","Relic Stats","StSLib","Transform Curses"],"gold_per_floor":[115,127,138,152,152,182,182,192,192,207,233,233,260,279,279,354,354,370,295,311,322,597,597,627,627,627,957,972,972,972],"floor_reached":29,"playtime":1798,"items_purged":[],"score":574,"play_id":"d2a5a1af-7be0-4fa1-8796-fc97d4949ef9","local_time":"20210112121123","is_ascension_mode":true,"campfire_choices":[{"data":"Armaments","floor":7.0,"key":"SMITH"},{"data":"Combust","floor":12,"key":"SMITH"},{"data":"Fire Breathing","floor":15,"key":"SMITH"},{"floor":23,"key":"REST"},{"floor":25,"key":"REST"}],"circlet_count":0,"master_deck":["AscendersBane","Strike_R","Strike_R","Strike_R","Defend_R","Defend_R","Defend_R","Defend_R","Bash","Pommel Strike","Pommel Strike","Armaments+1","Feel No Pain","Entrench","Combust+1","Fire Breathing+1","Power Through+1","Impervious+1","Power Through+1","Regret","Power Through","Impervious","Metallicize"],"relics":["Burning Blood","Du-Vu Doll","Mummified Hand","Singing Bowl","Pantograph","Akabeko","Sozu","War Paint","Matryoshka","Old Coin"],"acts_visited":["Exordium","TheCity"],"potions_floor_usage":[11,13,29],"damage_taken":[{"damage":10.0,"enemies":"2 Louse","floor":1.0,"turns":2.0},{"damage":7.0,"enemies":"Small Slimes","floor":2.0,"turns":3.0},{"damage":2.0,"enemies":"Jaw Worm","floor":3.0,"turns":3.0},{"damage":9.0,"enemies":"Red Slaver","floor":4.0,"turns":2.0},{"damage":18.0,"enemies":"Gremlin Nob","floor":6.0,"turns":4.0},{"damage":5.0,"enemies":"Lots of Slimes","floor":8.0,"turns":4.0},{"damage":5.0,"enemies":"2 Fungi Beasts","floor":10.0,"turns":3.0},{"damage":24,"enemies":"Lagavulin","floor":11,"turns":8},{"damage":7,"enemies":"3 Sentries","floor":13,"turns":5},{"damage":2,"enemies":"Large Slime","floor":14,"turns":5},{"damage":18,"enemies":"Slime Boss","floor":16,"turns":6},{"damage":17,"enemies":"Spheric Guardian","floor":18,"turns":4},{"damage":32,"enemies":"Shell Parasite","floor":20,"turns":4},{"damage":7,"enemies":"Snecko","floor":21,"turns":5},{"damage":48,"enemies":"Book of Stabbing","floor":24,"turns":6},{"damage":27,"enemies":"Gremlin Leader","floor":27,"turns":8},{"damage":8,"enemies":"Chosen and Byrds","floor":28,"turns":5},{"damage":21,"enemies":"Snake Plant","floor":29,"turns":2}],"seed_played":"6562137966355364140","potions_obtained":[{"floor":1.0,"key":"CultistPotion"},{"floor":4.0,"key":"SkillPotion"},{"floor":8.0,"key":"AttackPotion"},{"floor":11,"key":"Regen Potion"}],"is_trial":false,"path_per_floor":["M","M","M","M","?","E","R","M","T","M","E","R","E","M","R","B",null,"M","?","M","M","?","R","E","R","T","E","M","M"],"character_chosen":"IRONCLAD","items_purchased":[],"campfire_rested":2,"item_purchase_floors":[],"current_hp_per_floor":[64,63,67,64,64,52,52,53,53,54,38,38,53,57,57,60,69,58,58,34,35,35,57,15,37,37,16,14,0,0],"gold":972,"neow_bonus":"ONE_RARE_RELIC","is_daily":false,"chose_seed":false,"campfire_upgraded":3,"win_rate":0.0,"timestamp":1610471483,"path_taken":["M","M","M","M","?","E","R","M","T","M","E","R","E","M","R","BOSS","M","?","M","M","?","R","E","R","T","E","M","?"],"items_purchased_type":[],"build_version":"2020-12-22","purchased_purges":0,"victory":false,"max_hp_per_floor":[68,68,68,68,68,68,68,68,68,68,70,70,72,72,72,72,72,72,72,74,76,76,76,76,76,76,76,76,76,76],"relic_stats":{"Sozu":3,"Singing Bowl":8,"counters":[18,79],"Mummified Hand":[40],"Pantograph":15,"War Paint":["Impervious","Power Through"],"obtain_stats":[{"Du-Vu Doll":0,"Sozu":17,"Matryoshka":26,"Singing Bowl":9,"Mummified Hand":6,"Pantograph":11,"War Paint":24,"Burning Blood":0,"Akabeko":13,"Old Coin":27},{"Du-Vu Doll":0,"Sozu":11,"Matryoshka":15,"Singing Bowl":6,"Mummified Hand":5,"Pantograph":8,"War Paint":15,"Burning Blood":0,"Akabeko":9,"Old Coin":16},{"Du-Vu Doll":0,"Sozu":45,"Matryoshka":64,"Singing Bowl":18,"Mummified Hand":14,"Pantograph":29,"War Paint":64,"Burning Blood":0,"Akabeko":34,"Old Coin":72}],"Burning Blood":102},"card_choices":[{"not_picked":["Second Wind","Shrug It Off"],"picked":"Pommel Strike","floor":1.0},{"not_picked":["Thunderclap","Limit Break"],"picked":"Pommel Strike","floor":2.0},{"not_picked":["Rupture","Iron Wave"],"picked":"Armaments","floor":3.0},{"not_picked":["Ghostly Armor","Rupture"],"picked":"Feel No Pain","floor":4.0},{"not_picked":["Anger","True Grit"],"picked":"Combust","floor":6.0},{"not_picked":["Headbutt","Body Slam","Sentinel"],"picked":"SKIP","floor":8.0},{"not_picked":["Bludgeon","Battle Trance"],"picked":"Fire Breathing","floor":10.0},{"not_picked":["Warcry","Seeing Red","Flex"],"picked":"Singing Bowl","floor":11},{"not_picked":["Thunderclap","Cleave","Intimidate"],"picked":"Singing Bowl","floor":13},{"not_picked":["Flex","Carnage"],"picked":"Power Through","floor":14},{"not_picked":["Brutality","Reaper"],"picked":"Impervious","floor":16},{"not_picked":["Armaments","Anger"],"picked":"Power Through+1","floor":18},{"not_picked":["Sever Soul","Perfected Strike","Havoc"],"picked":"Singing Bowl","floor":20},{"not_picked":["Twin Strike","Armaments","Pommel Strike"],"picked":"Singing Bowl","floor":21},{"not_picked":["Entrench","Wild Strike"],"picked":"Power Through","floor":24},{"not_picked":["Fire Breathing","Anger+1"],"picked":"Impervious","floor":27},{"not_picked":["Searing Blow","Twin Strike"],"picked":"Metallicize","floor":28}],"player_experience":20740583,"relics_obtained":[{"floor":6.0,"key":"Mummified Hand"},{"floor":9.0,"key":"Singing Bowl"},{"floor":11,"key":"Pantograph"},{"floor":13,"key":"Akabeko"},{"floor":24,"key":"War Paint"},{"floor":26,"key":"Matryoshka"},{"floor":27,"key":"Old Coin"}],"event_choices":[{"damage_healed":0.0,"max_hp_gain":0.0,"max_hp_loss":0.0,"gold_gain":0.0,"cards_transformed":["Strike_R"],"event_name":"Living Wall","player_choice":"Change","floor":5.0,"gold_loss":0.0,"damage_taken":0.0,"cards_obtained":["Entrench"]},{"cards_removed":["Strike_R"],"damage_healed":0,"gold_gain":0,"player_choice":"Gave Gold","damage_taken":0,"max_hp_gain":0,"max_hp_loss":0,"event_name":"Beggar","floor":19,"gold_loss":75},{"damage_healed":0,"gold_gain":275,"player_choice":"Desecrate","damage_taken":0,"max_hp_gain":0,"max_hp_loss":0,"event_name":"Golden Shrine","floor":22,"gold_loss":0,"cards_obtained":["Regret"]}],"is_beta":false,"boss_relics":[{"not_picked":["Ectoplasm","SacredBark"],"picked":"Sozu"}],"items_purged_floors":[],"is_endless":false,"potions_floor_spawned":[1,4,8,11,18,20,24],"killed_by":"Snake Plant","ascension_level":20}}