{"host":"p9t7qd83igtcp2bh","time":1610429217,"event":{"mods":["2.2 Compatiblity","AchievementEnabler","BaseMod","Colored Map","Colored Powertips","Custom Start","DeckTracker","Keyboard Shortcuts","Minty Spire (QoL Compilation)","Permanent Neow","StSLib","SuperFastMode","everything is the same but u backflip on backflip"],"gold_per_floor":[117,16,16,27,46,71,71,71,96,96,76,92,17,34,34,107,107,122,122,137,137,137],"floor_reached":21,"playtime":531,"items_purged":["Strike_B"],"score":340,"play_id":"b68d2463-9f21-49af-8493-fe6f6ecb0ada","local_time":"20210112142657","is_ascension_mode":true,"campfire_choices":[{"floor":7,"key":"REST"},{"data":"Chill","floor":10,"key":"SMITH"},{"data":"Defragment","floor":15,"key":"SMITH"}],"circlet_count":0,"master_deck":["AscendersBane","Strike_B","Strike_B","Strike_B","Defend_B","Defend_B","Defend_B","Defend_B+1","Zap","Dualcast","Core Surge+1","Beam Cell","Defragment+1","Go for the Eyes","Gash","Barrage","Chill+1","Genetic Algorithm","Cold Snap","Echo Form","Hologram","White Noise"],"relics":["Cracked Core","Blood Vial","MealTicket","Velvet Choker"],"acts_visited":["Exordium","TheCity"],"potions_floor_usage":[16,21],"damage_taken":[{"damage":1,"enemies":"Cultist","floor":1,"turns":3},{"damage":0,"enemies":"2 Louse","floor":4,"turns":2},{"damage":5,"enemies":"Small Slimes","floor":5,"turns":3},{"damage":40,"enemies":"Lagavulin","floor":6,"turns":8},{"damage":11,"enemies":"Blue Slaver","floor":12,"turns":2},{"damage":4,"enemies":"Large Slime","floor":14,"turns":5},{"damage":19,"enemies":"Slime Boss","floor":16,"turns":13},{"damage":0,"enemies":"Chosen","floor":18,"turns":5},{"damage":17,"enemies":"Shell Parasite","floor":20,"turns":5},{"damage":45,"enemies":"Masked Bandits","floor":21,"turns":4}],"seed_played":"-114866131517585453","potions_obtained":[{"floor":3,"key":"Dexterity Potion"},{"floor":3,"key":"DistilledChaos"},{"floor":11,"key":"Energy Potion"},{"floor":16,"key":"PowerPotion"}],"is_trial":false,"path_per_floor":["M","$","?","M","M","E","R","?","T","R","?","M","$","M","R","B",null,"M","?","M","?"],"character_chosen":"DEFECT","items_purchased":["Defragment","Go for the Eyes"],"campfire_rested":1,"item_purchase_floors":[2,2],"current_hp_per_floor":[63,63,63,63,58,18,39,18,18,18,18,9,24,22,22,5,55,57,57,42,0,0],"gold":137,"neow_bonus":"ONE_RANDOM_RARE_CARD","is_daily":false,"chose_seed":false,"campfire_upgraded":2,"win_rate":0.0,"timestamp":1610429217,"path_taken":["M","$","?","M","?","E","R","?","T","R","?","M","$","?","R","BOSS","M","?","M","?"],"items_purchased_type":["Card","Card"],"build_version":"2020-12-22","purchased_purges":1,"victory":false,"max_hp_per_floor":[71,71,71,71,71,71,71,71,71,71,71,71,71,71,71,71,71,71,71,71,71,71],"card_choices":[{"not_picked":["Turbo","Compile Driver"],"picked":"Beam Cell","floor":1},{"not_picked":["Heatsinks","Turbo"],"picked":"Gash","floor":4},{"not_picked":["Rainbow","Streamline"],"picked":"Barrage","floor":5},{"not_picked":["Conserve Battery","Leap"],"picked":"Chill","floor":6},{"not_picked":["Lockon","Stack"],"picked":"Genetic Algorithm","floor":12},{"not_picked":["Rebound","Melter"],"picked":"Cold Snap","floor":14},{"not_picked":["Reboot","Rainbow"],"picked":"Echo Form","floor":16},{"not_picked":["Gash","Sweeping Beam"],"picked":"Hologram","floor":18},{"not_picked":["Go for the Eyes","Compile Driver"],"picked":"White Noise","floor":20}],"player_experience":628515,"relics_obtained":[{"floor":6,"key":"Blood Vial"},{"floor":9,"key":"MealTicket"}],"event_choices":[{"damage_healed":0,"gold_gain":0,"player_choice":"Got Potions","damage_taken":0,"max_hp_gain":0,"max_hp_loss":0,"event_name":"Lab","floor":3,"gold_loss":0},{"damage_healed":0,"gold_gain":0,"player_choice":"Entered Light","damage_taken":21,"max_hp_gain":0,"max_hp_loss":0,"event_name":"Shining Light","floor":8,"gold_loss":0,"cards_upgraded":["Defend_B","Core Surge"]},{"damage_healed":0,"gold_gain":0,"player_choice":"Bought 1 Potion","damage_taken":0,"max_hp_gain":0,"max_hp_loss":0,"event_name":"The Woman in Blue","floor":11,"gold_loss":0},{"damage_healed":0,"gold_gain":0,"player_choice":"Ignored","damage_taken":0,"max_hp_gain":0,"max_hp_loss":0,"event_name":"The Mausoleum","floor":19,"gold_loss":0},{"damage_healed":0,"gold_gain":0,"player_choice":"Fought Bandits","damage_taken":0,"max_hp_gain":0,"max_hp_loss":0,"event_name":"Masked Bandits","floor":21,"gold_loss":0}],"is_beta":false,"boss_relics":[{"not_picked":["Pandora\u0027s Box","Runic Pyramid"],"picked":"Velvet Choker"}],"items_purged_floors":[13],"is_endless":false,"potions_floor_spawned":[5,12,16,20],"killed_by":"Masked Bandits","ascension_level":18}}