{"host":"80ojs5zx0tu8i1zz","time":1610463859,"event":{"mods":["AchievementEnabler","Arknights The Spire","Aspiration","BaseMod","ChefMod","Colored Map","Colored Powertips","Hermit","Hubris","Infinite Spire","Jorbs\u0027s Wanderer Trilogy","Minty Spire (QoL Compilation)","Replay The Spire","Shop Mod","StSLib","The Dragon Tamer","The Hayseed","The Hierophant","The Marked"],"gold_per_floor":[118,134,149,149,168,188,219,233,256,270,270,270],"floor_reached":11,"playtime":513,"items_purged":[],"score":104,"play_id":"d887dc25-73e8-46d5-8ae6-d4873403ee12","local_time":"20210112170419","is_ascension_mode":false,"campfire_choices":[],"circlet_count":0,"master_deck":["ats:Strike C","ats:Strike G","ats:Strike S","ats:Strike V","ats:Armor Crushing Shot","ats:Defend","ats:Defend","ats:Defend","ats:Defend","ats:Emotion Absorption+1","ats:Explosion Area Strengthen","ats:Chain Hook","ats:Red Shift","ats:Sword Rain","ats:Hammer On","ats:Disruption Kick","ats:Shadow Raid","ats:Charging Defense","ats:Revitalization"],"relics":["ats:Sanity","ats:Originium","infinitespire:Lucky Rock","hubris:TenFootPole"],"acts_visited":["Exordium"],"potions_floor_usage":[7,11],"damage_taken":[{"damage":2,"enemies":"2 Louse","floor":1,"turns":2},{"damage":1,"enemies":"Jaw Worm","floor":2,"turns":3},{"damage":6,"enemies":"Cultist","floor":3,"turns":3},{"damage":13,"enemies":"3 Louse","floor":5,"turns":2},{"damage":14,"enemies":"Blue Slaver","floor":6,"turns":3},{"damage":12,"enemies":"Gremlin Nob","floor":7,"turns":2},{"damage":10,"enemies":"Large Slime","floor":8,"turns":5},{"damage":5,"enemies":"Lots of Slimes","floor":10,"turns":3},{"damage":20,"enemies":"Lagavulin","floor":11,"turns":3}],"seed_played":"3056367091117818663","potions_obtained":[{"floor":1,"key":"ColorlessPotion"},{"floor":2,"key":"Death Potion"}],"is_trial":false,"path_per_floor":["M","M","M","?","M","M","E","M","T","M","E"],"character_chosen":"DOCTOR_CLASS","items_purchased":[],"campfire_rested":0,"item_purchase_floors":[],"current_hp_per_floor":[70,69,63,63,50,36,24,14,14,9,0,0],"gold":270,"neow_bonus":"RANDOM_EVENT","is_daily":false,"chose_seed":false,"campfire_upgraded":0,"win_rate":0.0,"timestamp":1610463859,"path_taken":["M","M","M","?","M","M","E","M","T","M","E"],"items_purchased_type":[],"build_version":"2020-12-22","purchased_purges":0,"victory":false,"max_hp_per_floor":[72,72,72,72,72,72,72,72,72,72,72,72],"card_choices":[{"not_picked":["ats:Curse Doll","ats:Steam Pump"],"picked":"ats:Chain Hook","floor":1},{"not_picked":["ats:Beaten Up","ats:Hammer On"],"picked":"ats:Red Shift","floor":2},{"not_picked":["ats:Steam Pump","ats:Hammer On"],"picked":"ats:Sword Rain","floor":3},{"not_picked":["ats:Defend Order","ats:Mental Burst"],"picked":"ats:Hammer On","floor":5},{"not_picked":["ats:Mental Burst","ats:Hammer On"],"picked":"ats:Disruption Kick","floor":6},{"not_picked":["ats:Hammer On","ats:Flexible Camouflage"],"picked":"ats:Shadow Raid","floor":7},{"not_picked":["ats:Ignite","ats:Leaping Hammer"],"picked":"ats:Charging Defense","floor":8},{"not_picked":["ats:Guardian Obelisk","ats:Ignite"],"picked":"ats:Revitalization","floor":10}],"player_experience":219746,"relics_obtained":[{"floor":7,"key":"ats:Originium"},{"floor":7,"key":"infinitespire:Lucky Rock"},{"floor":9,"key":"hubris:TenFootPole"}],"event_choices":[{"damage_healed":0,"gold_gain":0,"player_choice":"Grow","damage_taken":0,"max_hp_gain":0,"max_hp_loss":0,"event_name":"Living Wall","floor":4,"gold_loss":0,"cards_upgraded":["ats:Emotion Absorption"]}],"is_beta":false,"boss_relics":[],"items_purged_floors":[],"is_endless":false,"potions_floor_spawned":[1,2],"killed_by":"Lagavulin","ascension_level":0}}