{"host":"6swbl1yqdi8v28pk","time":1610492885,"event":{"mods":["AchievementEnabler","BaseMod","Colored Map","Minty Spire (QoL Compilation)","Quick Restart"],"gold_per_floor":[110,125,17,92,108,135,135,147,170,170,170,170,170,184,184,184,184],"floor_reached":16,"language":"SPA","playtime":493,"items_purged":["Strike_B"],"score":100,"play_id":"660e0db6-7484-4df0-a76c-6bd266ee7954","local_time":"20210112170805","is_ascension_mode":false,"campfire_choices":[{"data":"Dualcast","floor":7,"key":"SMITH"},{"data":"Zap","floor":12,"key":"SMITH"},{"floor":15,"key":"REST"}],"circlet_count":0,"master_deck":["Strike_B","Strike_B","Strike_B","Defend_B","Defend_B","Defend_B","Defend_B","Zap+1","Dualcast+1","Self Repair","Steam","Chaos","Steam","Conserve Battery","Auto Shields","Leap"],"relics":["Cracked Core","Omamori","Toy Ornithopter","Juzu Bracelet","Boot"],"acts_visited":["Exordium"],"potions_floor_usage":[6,6],"damage_taken":[{"damage":0,"enemies":"Cultist","floor":1,"turns":4},{"damage":0,"enemies":"Small Slimes","floor":2,"turns":3},{"damage":0,"enemies":"2 Louse","floor":5,"turns":3},{"damage":16,"enemies":"Lagavulin","floor":6,"turns":8},{"damage":10,"enemies":"Looter","floor":8,"turns":4},{"damage":25,"enemies":"Gremlin Gang","floor":14,"turns":6},{"damage":65,"enemies":"Slime Boss","floor":16,"turns":12}],"seed_played":"5140426231145365430","potions_obtained":[{"floor":1,"key":"Dexterity Potion"},{"floor":5,"key":"SkillPotion"}],"is_trial":false,"path_per_floor":["M","M","$","?","M","E","R","M","T","?","?","R","?","M","R","B"],"character_chosen":"DEFECT","items_purchased":["Chaos"],"campfire_rested":1,"item_purchase_floors":[3],"current_hp_per_floor":[75,75,75,64,71,62,62,59,59,59,59,59,56,38,60,0,0],"gold":184,"neow_bonus":"RANDOM_COMMON_RELIC","is_daily":false,"chose_seed":false,"campfire_upgraded":2,"win_rate":0.0,"timestamp":1610492885,"path_taken":["M","M","$","?","M","E","R","M","T","?","?","R","?","M","R","BOSS"],"items_purchased_type":["Card"],"build_version":"2020-12-22","purchased_purges":1,"victory":false,"max_hp_per_floor":[75,75,75,75,75,75,75,75,75,75,75,75,75,75,75,75,75],"card_choices":[{"not_picked":["Storm","Rebound"],"picked":"Self Repair","floor":1},{"not_picked":["Stack","Scrape"],"picked":"Steam","floor":2},{"not_picked":["Hello World","Reprogram"],"picked":"Steam","floor":5},{"not_picked":["Recycle","Go for the Eyes"],"picked":"Conserve Battery","floor":6},{"not_picked":["Barrage","Machine Learning"],"picked":"Auto Shields","floor":8},{"not_picked":["Turbo","Gash"],"picked":"Leap","floor":14}],"player_experience":130941,"relics_obtained":[{"floor":6,"key":"Toy Ornithopter"},{"floor":9,"key":"Juzu Bracelet"}],"event_choices":[{"damage_healed":0,"gold_gain":75,"player_choice":"Gather Gold","damage_taken":11,"max_hp_gain":0,"max_hp_loss":0,"event_name":"World of Goop","floor":4,"gold_loss":0},{"damage_healed":0,"gold_gain":0,"player_choice":"Searched \u00271\u0027 times","damage_taken":0,"max_hp_gain":0,"max_hp_loss":0,"event_name":"Dead Adventurer","floor":10,"gold_loss":0},{"damage_healed":0,"gold_gain":0,"player_choice":"Ignored","damage_taken":0,"max_hp_gain":0,"max_hp_loss":0,"event_name":"NoteForYourself","floor":11,"gold_loss":0},{"damage_healed":0,"gold_gain":0,"player_choice":"Success","damage_taken":3,"relics_obtained":["Boot"],"max_hp_gain":0,"max_hp_loss":0,"event_name":"Scrap Ooze","floor":13,"gold_loss":0}],"is_beta":false,"boss_relics":[],"items_purged_floors":[3],"is_endless":false,"potions_floor_spawned":[1,5],"killed_by":"Slime Boss","ascension_level":0}}