{"host":"sc0o2qwpf9j16a4i","time":1610462097,"event":{"mods":["AchievementEnabler","BaseMod","BetterRewards","Block Reminder","Colored Map","Colored Powertips","Custom Start","Highlight Path","Minty Spire (QoL Compilation)","Relic Stats"],"gold_per_floor":[209,209,228,10,10,10,42,42,42,69,69,84,95,110,110,182,182,193,207,15,15,26,26,57,71,71,71,71,96,25,59,59,130,130,147,147,164,34,51,51,51,62,62,62,75,103,103,103],"floor_reached":47,"playtime":1493,"items_purged":["Strike_G","Strike_G"],"score":1236,"play_id":"91f1c6b5-def3-4e5e-93e6-a292aed53069","local_time":"20210112163457","is_ascension_mode":true,"campfire_choices":[{"data":"Neutralize","floor":6.0,"key":"SMITH"},{"floor":8.0,"key":"REST"},{"floor":11,"key":"REST"},{"floor":15,"key":"REST"},{"floor":23,"key":"REST"},{"floor":28,"key":"REST"},{"floor":32,"key":"REST"},{"floor":40,"key":"REST"}],"circlet_count":0,"master_deck":["AscendersBane","Strike_G","Strike_G","Defend_G","Defend_G","Defend_G","Defend_G","Defend_G","Survivor","Neutralize+1","Blade Dance","Bane","Infinite Blades","Deadly Poison","Dagger Throw","PiercingWail","Night Terror","Dagger Spray","Die Die Die","Accuracy","Cloak And Dagger+1","Backflip","Cloak And Dagger+1","After Image","Accuracy","Blade Dance","Acrobatics","Noxious Fumes","Corpse Explosion","Backflip"],"relics":["Ring of the Snake","Matryoshka","Ancient Tea Set","The Courier","Bronze Scales","Philosopher\u0027s Stone","PreservedInsect","Gremlin Horn","InkBottle","Sundial","MealTicket","Busted Crown","Medical Kit","Darkstone Periapt"],"acts_visited":["Exordium","TheCity","TheBeyond"],"potions_floor_usage":[10,16,19,22,27,27,42],"damage_taken":[{"damage":0.0,"enemies":"Cultist","floor":1.0,"turns":4.0},{"damage":2.0,"enemies":"Jaw Worm","floor":3.0,"turns":4.0},{"damage":33.0,"enemies":"3 Sentries","floor":7.0,"turns":10.0},{"damage":29,"enemies":"Gremlin Nob","floor":10,"turns":4},{"damage":0,"enemies":"Small Slimes","floor":12,"turns":2},{"damage":0,"enemies":"Red Slaver","floor":13,"turns":5},{"damage":3,"enemies":"Looter","floor":14,"turns":3},{"damage":33,"enemies":"Slime Boss","floor":16,"turns":9},{"damage":27,"enemies":"2 Thieves","floor":18,"turns":4},{"damage":23,"enemies":"Shell Parasite","floor":19,"turns":5},{"damage":22,"enemies":"Snake Plant","floor":22,"turns":4},{"damage":3,"enemies":"Gremlin Leader","floor":24,"turns":7},{"damage":11,"enemies":"Centurion and Healer","floor":25,"turns":6},{"damage":0,"enemies":"Slavers","floor":27,"turns":1},{"damage":0,"enemies":"Gremlin Leader","floor":29,"turns":3},{"damage":24,"enemies":"Slavers","floor":31,"turns":4},{"damage":0,"enemies":"Automaton","floor":33,"turns":10},{"damage":14,"enemies":"Orb Walker","floor":35,"turns":4},{"damage":10,"enemies":"3 Shapes","floor":37,"turns":5},{"damage":12,"enemies":"Writhing Mass","floor":39,"turns":8},{"damage":4,"enemies":"Spire Growth","floor":42,"turns":4},{"damage":0,"enemies":"Sphere and 2 Shapes","floor":45,"turns":3},{"damage":64,"enemies":"Giant Head","floor":46,"turns":7},{"damage":6,"enemies":"Writhing Mass","floor":47,"turns":1}],"seed_played":"2902085357794022999","potions_obtained":[{"floor":1.0,"key":"CultistPotion"},{"floor":3.0,"key":"Dexterity Potion"},{"floor":7.0,"key":"SmokeBomb"},{"floor":12,"key":"Weak Potion"},{"floor":18,"key":"Regen Potion"},{"floor":24,"key":"DistilledChaos"},{"floor":33,"key":"Fruit Juice"},{"floor":39,"key":"SpeedPotion"},{"floor":42,"key":"Explosive Potion"}],"is_trial":false,"path_per_floor":["M","?","M","$","?","R","E","R","T","E","R","M","M","M","R","B",null,"M","M","$","?","M","R","E","M","T","E","R","E","$","E","R","B",null,"M","?","M","$","M","R","?","M","T","$","M","E","M"],"character_chosen":"THE_SILENT","items_purchased":["Infinite Blades","Block Potion","Regen Potion","Backflip","Noxious Fumes","Medical Kit"],"campfire_rested":7,"item_purchase_floors":[4,4,20,20,30,38],"current_hp_per_floor":[59,59,57,57,57,57,24,43,43,14,33,33,33,30,49,16,54,27,18,18,18,8,27,24,13,13,13,32,32,32,8,27,27,56,42,42,32,47,35,54,54,55,55,68,68,4,0,0],"gold":103,"neow_bonus":"HUNDRED_GOLD","is_daily":false,"chose_seed":false,"campfire_upgraded":1,"win_rate":0.0,"timestamp":1610462097,"path_taken":["M","?","M","$","?","R","E","R","T","E","R","M","M","M","R","BOSS","M","M","$","?","?","R","E","M","T","E","R","E","$","E","R","BOSS","M","?","?","?","M","R","?","M","T","$","M","E","M"],"items_purchased_type":["Card","Potion","Potion","Card","Card","Relic"],"build_version":"2020-12-22","purchased_purges":2,"victory":false,"max_hp_per_floor":[66,66,66,66,66,66,66,66,66,66,66,66,66,66,66,66,66,66,66,66,66,66,66,66,66,66,66,66,66,66,66,66,66,66,66,66,66,66,66,66,63,68,68,68,68,68,68,68],"relic_stats":{"Darkstone Periapt":0,"Busted Crown":12,"Gremlin Horn":[11,11],"counters":[24,117],"Sundial":[4],"Bronze Scales":[217],"MealTicket":28,"PreservedInsect":258,"Medical Kit":[0],"obtain_stats":[{"Darkstone Periapt":46,"Gremlin Horn":26,"The Courier":9,"PreservedInsect":24,"Ancient Tea Set":9,"Medical Kit":38,"Matryoshka":7,"Busted Crown":34,"Sundial":29,"Bronze Scales":10,"Philosopher\u0027s Stone":17,"MealTicket":31,"InkBottle":26,"Ring of the Snake":0},{"Darkstone Periapt":23,"Gremlin Horn":13,"The Courier":3,"PreservedInsect":12,"Ancient Tea Set":3,"Medical Kit":19,"Matryoshka":3,"Busted Crown":17,"Sundial":15,"Bronze Scales":4,"Philosopher\u0027s Stone":8,"MealTicket":16,"InkBottle":13,"Ring of the Snake":0},{"Darkstone Periapt":116,"Gremlin Horn":67,"The Courier":18,"PreservedInsect":61,"Ancient Tea Set":18,"Medical Kit":94,"Matryoshka":18,"Busted Crown":85,"Sundial":71,"Bronze Scales":22,"Philosopher\u0027s Stone":41,"MealTicket":75,"InkBottle":67,"Ring of the Snake":0}],"InkBottle":[32],"Ring of the Snake":[48]},"card_choices":[{"not_picked":["Endless Agony","Outmaneuver"],"picked":"Blade Dance","floor":1.0},{"not_picked":["Outmaneuver","Underhanded Strike"],"picked":"Bane","floor":3.0},{"not_picked":["Prepared","Poisoned Stab"],"picked":"Deadly Poison","floor":7.0},{"not_picked":["Backflip","Cloak And Dagger"],"picked":"Dagger Throw","floor":10},{"not_picked":["Acrobatics","Prepared"],"picked":"PiercingWail","floor":12},{"not_picked":["Outmaneuver","Prepared"],"picked":"Night Terror","floor":13},{"not_picked":["Masterful Stab","Dagger Throw"],"picked":"Dagger Spray","floor":14},{"not_picked":["Bullet Time","Storm of Steel"],"picked":"Die Die Die","floor":16},{"not_picked":["Flying Knee","Sucker Punch+1"],"picked":"Accuracy","floor":18},{"not_picked":["PiercingWail","Endless Agony"],"picked":"Cloak And Dagger+1","floor":19},{"not_picked":["Slice","Dagger Spray+1"],"picked":"After Image","floor":22},{"not_picked":["Underhanded Strike","Tactician"],"picked":"Accuracy","floor":24},{"not_picked":["Concentrate","Prepared"],"picked":"Blade Dance","floor":25},{"not_picked":["Bane","Blade Dance"],"picked":"Acrobatics","floor":29},{"not_picked":["Prepared","Dagger Throw","Underhanded Strike+1"],"picked":"SKIP","floor":31},{"not_picked":["Die Die Die","Venomology"],"picked":"Corpse Explosion","floor":33},{"not_picked":[],"picked":"Backflip","floor":35},{"not_picked":["Predator"],"picked":"SKIP","floor":37},{"not_picked":["Predator+1"],"picked":"SKIP","floor":39},{"not_picked":["Endless Agony"],"picked":"SKIP","floor":42},{"not_picked":["Bane"],"picked":"SKIP","floor":45},{"not_picked":["Dagger Spray"],"picked":"SKIP","floor":46}],"player_experience":599831,"relics_obtained":[{"floor":7.0,"key":"Matryoshka"},{"floor":9.0,"key":"Ancient Tea Set"},{"floor":9.0,"key":"The Courier"},{"floor":10,"key":"Bronze Scales"},{"floor":24,"key":"PreservedInsect"},{"floor":26,"key":"Gremlin Horn"},{"floor":26,"key":"InkBottle"},{"floor":29,"key":"Sundial"},{"floor":31,"key":"MealTicket"},{"floor":46,"key":"Darkstone Periapt"}],"event_choices":[{"damage_healed":0.0,"max_hp_gain":0.0,"max_hp_loss":0.0,"gold_gain":0.0,"event_name":"The Cleric","player_choice":"Leave","floor":2.0,"gold_loss":0.0,"damage_taken":0.0},{"damage_healed":0.0,"max_hp_gain":0.0,"max_hp_loss":0.0,"gold_gain":0.0,"event_name":"Liars Game","player_choice":"Ignored","floor":5.0,"gold_loss":0.0,"damage_taken":0.0},{"damage_healed":0,"gold_gain":0,"player_choice":"Copied","damage_taken":0,"max_hp_gain":0,"max_hp_loss":0,"event_name":"Duplicator","floor":21,"gold_loss":0,"cards_obtained":["Cloak And Dagger"]},{"cards_removed":["Strike_G"],"damage_healed":0,"gold_gain":0,"player_choice":"Card Removal","damage_taken":0,"max_hp_gain":0,"max_hp_loss":0,"event_name":"Wheel of Change","floor":36,"gold_loss":0},{"damage_healed":0,"gold_gain":0,"player_choice":"Max HP","damage_taken":0,"max_hp_gain":0,"max_hp_loss":3,"event_name":"Winding Halls","floor":41,"gold_loss":0}],"is_beta":false,"boss_relics":[{"not_picked":["HoveringKite","Calling Bell"],"picked":"Philosopher\u0027s Stone"},{"not_picked":["Empty Cage","Snecko Eye"],"picked":"Busted Crown"}],"items_purged_floors":[4,20],"is_endless":false,"potions_floor_spawned":[1,3,7,12,18,24,27,33,39,42,45],"killed_by":"Writhing Mass","ascension_level":20}}