{"host":"d66n7ln59ex8canu","time":1610427057,"event":{"mods":["AchievementEnabler","BaseMod","Colored Map","Minty Spire (QoL Compilation)","Quick Restart","StSLib"],"gold_per_floor":[115,115,125,139,139,165,165,190,190,190,190],"floor_reached":10,"playtime":228,"items_purged":[],"score":91,"play_id":"578ce60a-3273-4140-bcfc-5c75def4bb84","local_time":"20210111235057","is_ascension_mode":true,"campfire_choices":[{"data":"Distraction","floor":7,"key":"SMITH"}],"circlet_count":0,"master_deck":["Strike_G","Strike_G","Strike_G","Strike_G","Strike_G","Defend_G","Defend_G","Defend_G","Defend_G","Defend_G","Survivor","Neutralize","Blade Dance","Distraction+1","Dagger Spray","Endless Agony","Deadly Poison"],"relics":["Ring of the Snake","NeowsBlessing","Paper Crane","Mummified Hand","Kunai","Matryoshka"],"acts_visited":["Exordium"],"potions_floor_usage":[6,6,10],"damage_taken":[{"damage":0,"enemies":"2 Louse","floor":1,"turns":1},{"damage":0,"enemies":"Small Slimes","floor":3,"turns":1},{"damage":0,"enemies":"Jaw Worm","floor":4,"turns":1},{"damage":18,"enemies":"Gremlin Nob","floor":6,"turns":3},{"damage":31,"enemies":"Lagavulin","floor":8,"turns":8},{"damage":13,"enemies":"Gremlin Nob","floor":10,"turns":3}],"seed_played":"9143477031046784654","potions_obtained":[{"floor":3,"key":"CunningPotion"},{"floor":4,"key":"DistilledChaos"},{"floor":8,"key":"Block Potion"}],"is_trial":false,"path_per_floor":["M","?","M","M","$","E","R","E","T","E"],"character_chosen":"THE_SILENT","items_purchased":[],"campfire_rested":0,"item_purchase_floors":[],"current_hp_per_floor":[70,58,58,58,58,40,40,9,9,0,0],"gold":190,"neow_bonus":"THREE_ENEMY_KILL","is_daily":false,"chose_seed":false,"campfire_upgraded":1,"win_rate":0.0,"timestamp":1610427057,"path_taken":["M","?","M","M","$","E","R","E","T","E"],"items_purchased_type":[],"build_version":"2020-12-22","purchased_purges":0,"victory":false,"max_hp_per_floor":[70,70,70,70,70,70,70,70,70,70,70],"card_choices":[{"not_picked":["Dagger Spray","Catalyst"],"picked":"Blade Dance","floor":1},{"not_picked":["Dodge and Roll","Poisoned Stab"],"picked":"Distraction","floor":3},{"not_picked":["Backflip","Blade Dance"],"picked":"Dagger Spray","floor":4},{"not_picked":["PiercingWail","Dagger Spray"],"picked":"Endless Agony","floor":6},{"not_picked":["Calculated Gamble","Underhanded Strike"],"picked":"Deadly Poison","floor":8}],"player_experience":317992,"relics_obtained":[{"floor":6,"key":"Mummified Hand"},{"floor":8,"key":"Kunai"},{"floor":9,"key":"Matryoshka"}],"event_choices":[{"damage_healed":0,"gold_gain":0,"player_choice":"Success","damage_taken":12,"relics_obtained":["Paper Crane"],"max_hp_gain":0,"max_hp_loss":0,"event_name":"Scrap Ooze","floor":2,"gold_loss":0}],"is_beta":false,"boss_relics":[],"items_purged_floors":[],"is_endless":false,"potions_floor_spawned":[3,4,8],"killed_by":"Gremlin Nob","ascension_level":4}}