{"host":"840yoaz69lavfcgt","time":1610433220,"event":{"mods":["BaseMod","Colored Powertips","DeckTracker","Highlight Path","Minty Spire (QoL Compilation)","Synergy Search"],"gold_per_floor":[117,117,136,211,228,258,258,285,285,285,302,327,407,25,25,123,123,142,142,357,374,449,476,489,489,558,658,693,693,709,721,721,818,818,828,840,840,856,204,204,204,204],"floor_reached":41,"playtime":3056,"items_purged":[],"score":524,"play_id":"6bb49a19-15de-42ae-8ebd-0b5f6ab2e349","local_time":"20210112013340","is_ascension_mode":false,"campfire_choices":[{"data":"Armaments","floor":7.0,"key":"SMITH"},{"data":"Seeing Red","floor":15.0,"key":"SMITH"},{"floor":29.0,"key":"REST"},{"floor":32.0,"key":"REST"},{"data":"Flame Barrier","floor":40.0,"key":"SMITH"}],"circlet_count":0,"master_deck":["Defend_R","Defend_R","Defend_R","Defend_R","Bash+1","Clash","Armaments+1","Flex","Shrug It Off","Wild Strike","Pommel Strike","Cleave","Seeing Red+1","Anger","Armaments+1","Immolate","Headbutt","Bite","Bite","Bite","Bite","Bite","Seeing Red+1","Clothesline","Headbutt","Intimidate","Double Tap","Flex","Armaments+1","Flex+1","Clash","Berserk+1","Rage+1","Shockwave","Shockwave+1","Warcry","Clash","Sadistic Nature+1","Flame Barrier+1","Wild Strike"],"relics":["Black Blood","Boot","Calipers","Letter Opener","Lizard Tail","Frozen Egg 2","Dream Catcher","DollysMirror","Old Coin","Anchor","Gremlin Horn","StoneCalendar","Sundial","Red Mask","SlaversCollar","Blood Vial"],"acts_visited":["Exordium","TheCity","TheBeyond"],"potions_floor_usage":[41,41,41],"damage_taken":[{"damage":8.0,"enemies":"Small Slimes","floor":1.0,"turns":3.0},{"damage":0.0,"enemies":"2 Louse","floor":3.0,"turns":2.0},{"damage":0.0,"enemies":"Cultist","floor":5.0,"turns":3.0},{"damage":5.0,"enemies":"Lagavulin","floor":6.0,"turns":5.0},{"damage":9.0,"enemies":"3 Sentries","floor":8.0,"turns":6.0},{"damage":2.0,"enemies":"3 Louse","floor":11.0,"turns":4.0},{"damage":8.0,"enemies":"Gremlin Nob","floor":12.0,"turns":3.0},{"damage":29.0,"enemies":"The Guardian","floor":16.0,"turns":14.0},{"damage":10.0,"enemies":"Chosen","floor":18.0,"turns":3.0},{"damage":0.0,"enemies":"Spheric Guardian","floor":21.0,"turns":3.0},{"damage":39.0,"enemies":"Book of Stabbing","floor":23.0,"turns":5.0},{"damage":36.0,"enemies":"Centurion and Healer","floor":24.0,"turns":6.0},{"damage":4.0,"enemies":"Slavers","floor":25.0,"turns":2.0},{"damage":8.0,"enemies":"Colosseum Slavers","floor":27.0,"turns":3.0},{"damage":46.0,"enemies":"Colosseum Nobs","floor":27.0,"turns":5.0},{"damage":22.0,"enemies":"Masked Bandits","floor":28.0,"turns":5.0},{"damage":18.0,"enemies":"Snecko","floor":30.0,"turns":5.0},{"damage":19.0,"enemies":"Sentry and Sphere","floor":31.0,"turns":4.0},{"damage":93.0,"enemies":"Automaton","floor":33.0,"turns":11.0},{"damage":5.0,"enemies":"3 Shapes","floor":35.0,"turns":3.0},{"damage":16.0,"enemies":"3 Darklings","floor":36.0,"turns":5.0},{"damage":18.0,"enemies":"4 Shapes","floor":38.0,"turns":3.0},{"damage":60,"enemies":"Nemesis","floor":41,"turns":5}],"seed_played":"-2992008521437460156","potions_obtained":[{"floor":5.0,"key":"SkillPotion"},{"floor":11.0,"key":"SmokeBomb"},{"floor":12.0,"key":"Block Potion"},{"floor":16.0,"key":"DistilledChaos"},{"floor":18.0,"key":"Fire Potion"},{"floor":24.0,"key":"ElixirPotion"},{"floor":30.0,"key":"Dexterity Potion"},{"floor":36.0,"key":"LiquidMemories"}],"is_trial":false,"path_per_floor":["M","?","M","?","M","E","R","E","T","?","M","E","?","$","R","B",null,"M","?","?","M","?","E","M","E","T","?","?","R","M","M","R","B",null,"M","M","?","M","$","R","E"],"character_chosen":"IRONCLAD","items_purchased":["Seeing Red","Dream Catcher","Anger","DollysMirror","Blood Vial","Warcry","Clash","Sadistic Nature+1","LiquidMemories","Explosive Potion","Flame Barrier","Wild Strike"],"campfire_rested":2,"item_purchase_floors":[14,14,14,14,39,39,39,39,39,39,39,39],"current_hp_per_floor":[78,78,80,69,75,76,76,73,73,73,77,75,75,75,75,52,80,80,56,56,56,51,31,18,28,28,17,17,33,35,37,53,23,56,56,55,55,55,55,55,5,5],"gold":204,"neow_bonus":"RANDOM_COMMON_RELIC","is_daily":false,"chose_seed":false,"campfire_upgraded":3,"win_rate":0.0,"timestamp":1610433220,"path_taken":["M","?","M","?","M","E","R","E","T","?","?","E","?","$","R","BOSS","M","?","?","M","?","E","?","E","T","?","?","R","M","M","R","BOSS","M","M","?","?","$","R","E"],"items_purchased_type":["Card","Relic","Card","Relic","Relic","Card","Card","Card","Potion","Potion","Card","Card"],"build_version":"2020-12-22","purchased_purges":0,"victory":false,"max_hp_per_floor":[80,80,80,80,80,80,80,80,80,80,80,80,80,80,80,80,80,80,56,56,56,56,56,56,56,56,56,56,56,56,56,56,56,56,56,56,56,56,56,56,56,56],"card_choices":[{"not_picked":["Wild Strike","Dual Wield"],"picked":"Clash","floor":1.0},{"not_picked":["Entrench","Wild Strike"],"picked":"Armaments","floor":3.0},{"not_picked":["Body Slam","Warcry"],"picked":"Flex","floor":5.0},{"not_picked":["Sentinel","Havoc"],"picked":"Shrug It Off","floor":6.0},{"not_picked":["Fiend Fire","Hemokinesis"],"picked":"Wild Strike","floor":8.0},{"not_picked":["Rage","Anger"],"picked":"Pommel Strike","floor":11.0},{"not_picked":["Sword Boomerang","Wild Strike"],"picked":"Cleave","floor":12.0},{"not_picked":["Fiend Fire","Juggernaut+1"],"picked":"Immolate","floor":16.0},{"not_picked":["Sever Soul+1","Body Slam"],"picked":"Headbutt","floor":18.0},{"not_picked":["Sever Soul","Armaments"],"picked":"Seeing Red+1","floor":21.0},{"not_picked":["Power Through+1","Battle Trance"],"picked":"Clothesline","floor":23.0},{"not_picked":["Warcry","Cleave"],"picked":"Headbutt","floor":24.0},{"not_picked":["Iron Wave","Warcry"],"picked":"Intimidate","floor":27.0},{"not_picked":["Power Through","Wild Strike+1"],"picked":"Double Tap","floor":28.0},{"not_picked":["Body Slam","Disarm+1"],"picked":"Flex","floor":29.0},{"not_picked":["Pommel Strike+1","Havoc"],"picked":"Armaments","floor":30.0},{"not_picked":["True Grit","Shrug It Off"],"picked":"Flex+1","floor":31.0},{"not_picked":["Warcry","Double Tap"],"picked":"Clash","floor":32.0},{"not_picked":["Bludgeon","Corruption+1"],"picked":"Berserk+1","floor":33.0},{"not_picked":["Shrug It Off","Headbutt"],"picked":"Rage+1","floor":35.0},{"not_picked":["Seeing Red+1","Armaments"],"picked":"Shockwave","floor":36.0},{"not_picked":["Sword Boomerang","Hemokinesis"],"picked":"Shockwave+1","floor":38.0}],"player_experience":178684,"relics_obtained":[{"floor":6.0,"key":"Calipers"},{"floor":8.0,"key":"Letter Opener"},{"floor":9.0,"key":"Lizard Tail"},{"floor":12.0,"key":"Frozen Egg 2"},{"floor":23.0,"key":"Anchor"},{"floor":26.0,"key":"Gremlin Horn"},{"floor":27.0,"key":"StoneCalendar"},{"floor":27.0,"key":"Sundial"},{"floor":28.0,"key":"Red Mask"}],"event_choices":[{"damage_healed":0.0,"max_hp_gain":0.0,"max_hp_loss":0.0,"gold_gain":0.0,"event_name":"Living Wall","player_choice":"Grow","floor":2.0,"gold_loss":0.0,"damage_taken":0.0,"cards_upgraded":["Bash"]},{"damage_healed":0.0,"max_hp_gain":0.0,"max_hp_loss":0.0,"gold_gain":75.0,"event_name":"World of Goop","player_choice":"Gather Gold","floor":4.0,"gold_loss":0.0,"damage_taken":11.0},{"damage_healed":0.0,"max_hp_gain":0.0,"max_hp_loss":0.0,"gold_gain":0.0,"event_name":"Purifier","player_choice":"Ignored","floor":10.0,"gold_loss":0.0,"damage_taken":0.0},{"damage_healed":0.0,"max_hp_gain":0.0,"max_hp_loss":0.0,"gold_gain":80.0,"event_name":"Golden Wing","player_choice":"Gained Gold","floor":13.0,"gold_loss":0.0,"damage_taken":0.0},{"damage_healed":0.0,"max_hp_gain":0.0,"max_hp_loss":24.0,"gold_gain":0.0,"event_name":"Vampires","player_choice":"Became a vampire","floor":19.0,"gold_loss":0.0,"damage_taken":0.0,"cards_obtained":["Bite","Bite","Bite","Bite","Bite"]},{"damage_healed":0.0,"max_hp_gain":0.0,"max_hp_loss":0.0,"gold_gain":0.0,"event_name":"Addict","player_choice":"Obtained Relic","floor":20.0,"gold_loss":85.0,"damage_taken":0.0,"relics_obtained":["Old Coin"]},{"damage_healed":0.0,"max_hp_gain":0.0,"max_hp_loss":0.0,"gold_gain":75.0,"event_name":"FaceTrader","player_choice":"Touch","floor":22.0,"gold_loss":0.0,"damage_taken":5.0},{"damage_healed":0.0,"max_hp_gain":0.0,"max_hp_loss":0.0,"gold_gain":0.0,"event_name":"Colosseum","player_choice":"Fight","floor":27.0,"gold_loss":0.0,"damage_taken":0.0},{"damage_healed":0.0,"max_hp_gain":0.0,"max_hp_loss":0.0,"gold_gain":0.0,"event_name":"Colosseum","player_choice":"Fought Nobs","floor":27.0,"gold_loss":0.0,"damage_taken":0.0},{"damage_healed":0.0,"max_hp_gain":0.0,"max_hp_loss":0.0,"gold_gain":0.0,"event_name":"Masked Bandits","player_choice":"Fought Bandits","floor":28.0,"gold_loss":0.0,"damage_taken":0.0},{"damage_healed":0.0,"max_hp_gain":0.0,"max_hp_loss":0.0,"gold_gain":0.0,"event_name":"Upgrade Shrine","player_choice":"Upgraded","floor":37.0,"gold_loss":0.0,"damage_taken":0.0,"cards_upgraded":["Armaments"]}],"is_beta":false,"boss_relics":[{"not_picked":["Runic Cube","Philosopher\u0027s Stone"],"picked":"Black Blood"},{"not_picked":["Runic Pyramid","SacredBark"],"picked":"SlaversCollar"}],"items_purged_floors":[],"is_endless":false,"potions_floor_spawned":[5,11,12,16,18,21,24,30,36],"killed_by":"Nemesis","ascension_level":0}}