{"host":"ow66nzv2xecjoor3","time":1610420329,"event":{"mods":["BaseMod","Bestiary","Block Reminder","Colored Powertips","Curses Come First","Highlight Path","Keyboard Shortcuts","Minty Spire (QoL Compilation)","Permanent Neow","Relic Stats","StSLib","UnlockEverythingMod"],"gold_per_floor":[216,22,40,59,76,102,102,130,176,203,203,253,56,68,68,141,141,157,207,223,5,16,16,28,41,68,68,86,86,86],"floor_reached":29,"playtime":1217,"items_purged":[],"score":494,"play_id":"1b342886-3698-40e6-b64b-dac967c83341","local_time":"20210111205849","is_ascension_mode":true,"campfire_choices":[{"floor":7.0,"key":"REST"},{"floor":15.0,"key":"REST"},{"floor":23.0,"key":"REST"},{"floor":27,"key":"REST"}],"circlet_count":0,"master_deck":["AscendersBane","Survivor","Neutralize","Deadly Poison","Deadly Poison","Predator","Dash","Caltrops","Acrobatics","Escape Plan","Apotheosis","Skewer","Malaise","Quick Slash","Noxious Fumes","Riddle With Holes","Choke","All Out Attack","Night Terror","Deadly Poison","Outmaneuver","Die Die Die","Deflect","Calculated Gamble","Wraith Form v2","Distraction+1","Backflip"],"relics":["Ring of the Snake","Potion Belt","Unceasing Top","StrikeDummy","Snake Skull","Bronze Scales","Pandora\u0027s Box","TwistedFunnel"],"acts_visited":["Exordium","TheCity"],"potions_floor_usage":[28],"damage_taken":[{"damage":10.0,"enemies":"Small Slimes","floor":1.0,"turns":5.0},{"damage":1.0,"enemies":"2 Louse","floor":3.0,"turns":3.0},{"damage":0.0,"enemies":"Cultist","floor":4.0,"turns":4.0},{"damage":12.0,"enemies":"Lots of Slimes","floor":5.0,"turns":6.0},{"damage":18.0,"enemies":"Gremlin Nob","floor":6.0,"turns":4.0},{"damage":17.0,"enemies":"Lagavulin","floor":8.0,"turns":7.0},{"damage":15.0,"enemies":"3 Sentries","floor":10.0,"turns":7.0},{"damage":2.0,"enemies":"2 Fungi Beasts","floor":14.0,"turns":3.0},{"damage":6.0,"enemies":"Hexaghost","floor":16.0,"turns":9.0},{"damage":14.0,"enemies":"Spheric Guardian","floor":18.0,"turns":4.0},{"damage":12.0,"enemies":"Shell Parasite","floor":20.0,"turns":5.0},{"damage":25.0,"enemies":"Centurion and Healer","floor":22.0,"turns":6.0},{"damage":15.0,"enemies":"Shelled Parasite and Fungi","floor":24.0,"turns":4.0},{"damage":3,"enemies":"Cultist and Chosen","floor":25,"turns":6},{"damage":9,"enemies":"Snake Plant","floor":28,"turns":4},{"damage":19,"enemies":"Shelled Parasite and Fungi","floor":29,"turns":2}],"seed_played":"-3473765210340380971","potions_obtained":[{"floor":3.0,"key":"SkillPotion"},{"floor":4.0,"key":"SkillPotion"},{"floor":5.0,"key":"SkillPotion"},{"floor":8.0,"key":"AttackPotion"},{"floor":10.0,"key":"Swift Potion"},{"floor":20.0,"key":"GamblersBrew"},{"floor":22.0,"key":"BlessingOfTheForge"}],"is_trial":false,"path_per_floor":["M","$","M","M","M","E","R","E","T","E","?","?","$","M","R","B",null,"M","?","M","$","M","R","M","M","T","R","M","M"],"character_chosen":"THE_SILENT","items_purchased":["Deadly Poison","Potion Belt","Apotheosis","TwistedFunnel","Block Potion"],"campfire_rested":4,"item_purchase_floors":[2,2,13,21,21],"current_hp_per_floor":[49,49,48,48,36,18,37,20,20,5,5,5,5,3,22,16,54,40,40,28,28,3,22,7,4,4,23,14,0,0],"gold":86,"neow_bonus":"HUNDRED_GOLD","is_daily":false,"chose_seed":false,"campfire_upgraded":0,"win_rate":0.0,"timestamp":1610420329,"path_taken":["M","$","M","M","M","E","R","E","T","E","?","?","$","M","R","BOSS","M","?","M","$","M","R","M","M","T","R","M","M"],"items_purchased_type":["Card","Relic","Card","Relic","Potion"],"build_version":"2020-12-22","purchased_purges":0,"victory":false,"max_hp_per_floor":[66,66,66,66,66,66,66,66,66,66,66,66,66,66,66,66,66,66,66,66,66,66,66,66,66,66,66,66,66,66],"relic_stats":{"counters":[16,79],"Bronze Scales":[137],"Pandora\u0027s Box":["Quick Slash","Noxious Fumes","Riddle With Holes","Choke","All Out Attack","Night Terror","Deadly Poison","Outmaneuver","Die Die Die","Deflect"],"Snake Skull":[35],"obtain_stats":[{"Potion Belt":2,"TwistedFunnel":21,"Bronze Scales":10,"Pandora\u0027s Box":17,"Snake Skull":9,"StrikeDummy":8,"Unceasing Top":6,"Ring of the Snake":0},{"Potion Belt":1,"TwistedFunnel":11,"Bronze Scales":7,"Pandora\u0027s Box":9,"Snake Skull":6,"StrikeDummy":6,"Unceasing Top":5,"Ring of the Snake":0},{"Potion Belt":5,"TwistedFunnel":57,"Bronze Scales":36,"Pandora\u0027s Box":48,"Snake Skull":29,"StrikeDummy":29,"Unceasing Top":22,"Ring of the Snake":0}],"Unceasing Top":[4],"Ring of the Snake":[32]},"card_choices":[{"not_picked":["Outmaneuver","Finisher"],"picked":"Deadly Poison","floor":1.0},{"not_picked":["Escape Plan","All Out Attack"],"picked":"Predator","floor":3.0},{"not_picked":["Accuracy","Dagger Throw"],"picked":"Dash","floor":4.0},{"not_picked":["Prepared","Underhanded Strike"],"picked":"Caltrops","floor":5.0},{"not_picked":["Distraction","Underhanded Strike"],"picked":"Acrobatics","floor":6.0},{"not_picked":["Masterful Stab","Tactician"],"picked":"Escape Plan","floor":8.0},{"not_picked":["Infinite Blades","Flying Knee","Phantasmal Killer"],"picked":"SKIP","floor":10.0},{"not_picked":["Prepared","Accuracy"],"picked":"Skewer","floor":14.0},{"not_picked":["Envenom","Bullet Time"],"picked":"Malaise","floor":16.0},{"not_picked":["Flying Knee","Bane","Acrobatics"],"picked":"SKIP","floor":18.0},{"not_picked":["Heel Hook","Dodge and Roll"],"picked":"Calculated Gamble","floor":20.0},{"not_picked":["Dagger Spray","Backflip"],"picked":"Wraith Form v2","floor":22.0},{"not_picked":["Bane","Calculated Gamble"],"picked":"Distraction+1","floor":24.0},{"not_picked":["Finisher","Dodge and Roll"],"picked":"Backflip","floor":25},{"not_picked":["Acrobatics","Blade Dance","Caltrops+1"],"picked":"SKIP","floor":28}],"player_experience":2691098,"relics_obtained":[{"floor":6.0,"key":"Unceasing Top"},{"floor":8.0,"key":"StrikeDummy"},{"floor":9.0,"key":"Snake Skull"},{"floor":10.0,"key":"Bronze Scales"}],"event_choices":[{"damage_healed":0.0,"max_hp_gain":0.0,"max_hp_loss":0.0,"gold_gain":0.0,"event_name":"Scrap Ooze","player_choice":"Fled","floor":11.0,"gold_loss":0.0,"damage_taken":0.0},{"damage_healed":0.0,"max_hp_gain":0.0,"max_hp_loss":0.0,"gold_gain":50.0,"event_name":"Golden Wing","player_choice":"Gained Gold","floor":12.0,"gold_loss":0.0,"damage_taken":0.0},{"damage_healed":0.0,"max_hp_gain":0.0,"max_hp_loss":0.0,"gold_gain":100.0,"event_name":"The Joust","player_choice":"Bet on Murderer","floor":19.0,"gold_loss":50.0,"damage_taken":0.0}],"is_beta":false,"boss_relics":[{"not_picked":["Busted Crown","Astrolabe"],"picked":"Pandora\u0027s Box"}],"items_purged_floors":[],"is_endless":false,"potions_floor_spawned":[3,4,5,8,10,20,22],"killed_by":"Shelled Parasite and Fungi","ascension_level":20}}