{"host":"gf95gjygaqy6b70i","time":1610464645,"event":{"mods":["BaseMod","Colored Map","Colored Powertips","Minty Spire (QoL Compilation)"],"gold_per_floor":[214,24,43,60,60,92,106,106,106,106,8,21,21,33,33,134,134,114,16,16,35,1,1,1,1,25,25,60,60,60,71,71,167,167,180,180,55,105,151,177,177,177,202,213,213,12,26,45,45,45,45,45,45,77,77,77],"floor_reached":55,"playtime":3502,"items_purged":["Strike_R","Strike_R"],"score":686,"play_id":"f43414db-a40c-4a64-9642-c564a2362b22","local_time":"20210112161725","is_ascension_mode":false,"campfire_choices":[{"floor":8,"key":"RECALL"},{"floor":10,"key":"REST"},{"floor":13,"key":"REST"},{"data":"Apotheosis","floor":15,"key":"SMITH"},{"floor":23,"key":"REST"},{"floor":27,"key":"REST"},{"floor":29,"key":"REST"},{"data":"RitualDagger","floor":32,"key":"SMITH"},{"floor":42,"key":"REST"},{"floor":49,"key":"REST"},{"floor":52,"key":"REST"}],"circlet_count":0,"master_deck":["Strike_R","Strike_R","Strike_R","Defend_R","Defend_R","Defend_R+1","Defend_R","Bash","Fire Breathing","Apotheosis+1","Uppercut","Clash","Ghostly Armor","Disarm","Enlightenment","Cleave","Pommel Strike","Barricade+1","Warcry","Flex","RitualDagger+1","Twin Strike","Infernal Blade","Blood for Blood","Disarm","Anger","Feed","Iron Wave","Madness","Madness","Shrug It Off+1","Metallicize+1","Shrug It Off+1","Intimidate","Bandage Up","Dual Wield+1","Pommel Strike+1","Entrench","Disarm+1"],"relics":["Burning Blood","Bottled Lightning","Black Star","Enchiridion","Anchor","Ancient Tea Set","Bottled Flame","Fusion Hammer","Magic Flower","Torii","Lantern","Omamori","Potion Belt","Oddly Smooth Stone","Pear","War Paint"],"acts_visited":["Exordium","TheCity","TheBeyond","TheEnding"],"potions_floor_usage":[6,6,33,33,39,40,48,50,50,54],"damage_taken":[{"damage":6,"enemies":"2 Louse","floor":1,"turns":2},{"damage":1,"enemies":"Cultist","floor":3,"turns":4},{"damage":11,"enemies":"Jaw Worm","floor":4,"turns":3},{"damage":31,"enemies":"Lagavulin","floor":6,"turns":4},{"damage":5,"enemies":"2 Fungi Beasts","floor":7,"turns":5},{"damage":24,"enemies":"3 Louse","floor":12,"turns":4},{"damage":6,"enemies":"Exordium Wildlife","floor":14,"turns":2},{"damage":35,"enemies":"Slime Boss","floor":16,"turns":7},{"damage":26,"enemies":"2 Thieves","floor":18,"turns":4},{"damage":31,"enemies":"Spheric Guardian","floor":21,"turns":7},{"damage":13,"enemies":"Book of Stabbing","floor":28,"turns":4},{"damage":0,"enemies":"Snake Plant","floor":31,"turns":2},{"damage":38,"enemies":"Collector","floor":33,"turns":11},{"damage":1,"enemies":"Orb Walker","floor":35,"turns":3},{"damage":12,"enemies":"Mind Bloom Boss Battle","floor":38,"turns":4},{"damage":10,"enemies":"2 Orb Walkers","floor":39,"turns":5},{"damage":2,"enemies":"Reptomancer","floor":40,"turns":7},{"damage":0,"enemies":"3 Darklings","floor":44,"turns":10},{"damage":8,"enemies":"Maw","floor":47,"turns":9},{"damage":19,"enemies":"4 Shapes","floor":48,"turns":2},{"damage":28,"enemies":"Awakened One","floor":50,"turns":19},{"damage":64,"enemies":"Shield and Spear","floor":54,"turns":17},{"damage":48,"enemies":"The Heart","floor":55,"turns":5}],"seed_played":"-2579868416721527825","potions_obtained":[{"floor":3,"key":"Weak Potion"},{"floor":4,"key":"ElixirPotion"},{"floor":5,"key":"AttackPotion"},{"floor":5,"key":"Energy Potion"},{"floor":6,"key":"Swift Potion"},{"floor":31,"key":"Explosive Potion"},{"floor":33,"key":"SpeedPotion"},{"floor":38,"key":"LiquidMemories"},{"floor":39,"key":"ColorlessPotion"},{"floor":44,"key":"AttackPotion"},{"floor":48,"key":"SkillPotion"}],"is_trial":false,"path_per_floor":["M","$","M","M","?","E","M","R","T","R","$","M","R","M","R","B",null,"M","$","?","M","$","R","$","?","T","R","E","R","?","M","R","B",null,"M","?","$","?","?","E","?","R","T","M","?","$","M","M","R","B",null,"R","$","E","B"],"character_chosen":"IRONCLAD","items_purchased":["Apotheosis","Enlightenment","Flex","Infernal Blade","Shrug It Off","Oddly Smooth Stone","Explosive Potion"],"campfire_rested":8,"item_purchase_floors":[2,11,19,22,37,46,46],"current_hp_per_floor":[80,80,80,75,75,50,51,51,51,75,75,57,80,80,80,51,80,60,60,54,29,29,53,53,37,37,61,54,78,78,80,80,48,80,80,70,70,64,63,70,70,80,80,80,80,80,80,79,80,74,84,84,84,48,0,0],"gold":77,"neow_bonus":"HUNDRED_GOLD","is_daily":false,"chose_seed":false,"campfire_upgraded":2,"win_rate":0.0,"timestamp":1610464645,"path_taken":["M","$","M","M","?","E","M","R","T","R","$","M","R","M","R","BOSS","M","$","?","M","?","R","$","?","T","R","E","R","?","?","R","BOSS","M","?","$","?","?","E","?","R","T","?","?","?","M","M","R","BOSS","R","$","E","BOSS"],"items_purchased_type":["Card","Card","Card","Card","Card","Relic","Potion"],"build_version":"2020-12-22","purchased_purges":2,"victory":false,"max_hp_per_floor":[80,80,80,80,80,80,80,80,80,80,80,80,80,80,80,80,80,80,80,80,80,80,80,80,80,80,80,80,80,80,80,80,80,80,80,80,80,80,80,80,80,80,80,80,80,80,80,80,80,84,84,84,84,94,94,94],"card_choices":[{"not_picked":["Sword Boomerang","Heavy Blade"],"picked":"Fire Breathing","floor":1},{"not_picked":["Cleave","Thunderclap"],"picked":"Uppercut","floor":3},{"not_picked":["Pummel","Body Slam"],"picked":"Clash","floor":4},{"not_picked":["Headbutt","Iron Wave"],"picked":"Ghostly Armor","floor":6},{"not_picked":["Clash","Power Through"],"picked":"Disarm","floor":7},{"not_picked":["Carnage","Wild Strike"],"picked":"Cleave","floor":12},{"not_picked":["Shockwave","Dark Embrace"],"picked":"Pommel Strike","floor":14},{"not_picked":["Exhume","Immolate"],"picked":"Barricade","floor":16},{"not_picked":["Heavy Blade+1","Body Slam"],"picked":"Warcry","floor":18},{"not_picked":["Pommel Strike","Carnage"],"picked":"Twin Strike","floor":21},{"not_picked":["Bludgeon","Flex"],"picked":"Blood for Blood","floor":28},{"not_picked":["Wild Strike+1","Cleave"],"picked":"Anger","floor":31},{"not_picked":["Immolate","Fiend Fire"],"picked":"Feed","floor":33},{"not_picked":["Dual Wield","Clash+1"],"picked":"Iron Wave","floor":35},{"not_picked":["Cleave","Intimidate+1"],"picked":"Metallicize+1","floor":38},{"not_picked":["Cleave+1","Second Wind"],"picked":"Shrug It Off+1","floor":39},{"not_picked":["Armaments+1","Dark Embrace"],"picked":"Intimidate","floor":40},{"not_picked":["PanicButton","Thinking Ahead"],"picked":"Bandage Up","floor":41},{"not_picked":["Warcry","Armaments+1"],"picked":"Dual Wield+1","floor":44},{"not_picked":["Infernal Blade+1","Dual Wield"],"picked":"Pommel Strike+1","floor":47},{"not_picked":["Seeing Red","Twin Strike+1"],"picked":"Entrench","floor":48},{"not_picked":["Clash","Cleave"],"picked":"Disarm+1","floor":54}],"player_experience":49440,"relics_obtained":[{"floor":6,"key":"Bottled Lightning"},{"floor":25,"key":"Enchiridion"},{"floor":26,"key":"Anchor"},{"floor":28,"key":"Ancient Tea Set"},{"floor":28,"key":"Bottled Flame"},{"floor":38,"key":"Magic Flower"},{"floor":39,"key":"Torii"},{"floor":40,"key":"Lantern"},{"floor":40,"key":"Omamori"},{"floor":43,"key":"Potion Belt"},{"floor":54,"key":"Pear"},{"floor":54,"key":"War Paint"}],"event_choices":[{"damage_healed":0,"gold_gain":0,"player_choice":"Got Potions","damage_taken":0,"max_hp_gain":0,"max_hp_loss":0,"event_name":"Lab","floor":5,"gold_loss":0},{"damage_healed":0,"gold_gain":0,"player_choice":"Joined the Cult","damage_taken":6,"max_hp_gain":0,"max_hp_loss":0,"event_name":"Nest","floor":20,"gold_loss":0,"cards_obtained":["RitualDagger"]},{"damage_healed":0,"gold_gain":0,"player_choice":"Obtained Book","damage_taken":16,"max_hp_gain":0,"max_hp_loss":0,"event_name":"Cursed Tome","floor":25,"gold_loss":0},{"damage_healed":0,"gold_gain":0,"player_choice":"Read","damage_taken":0,"max_hp_gain":0,"max_hp_loss":0,"event_name":"The Library","floor":30,"gold_loss":0,"cards_obtained":["Disarm"]},{"damage_healed":0,"gold_gain":0,"player_choice":"Embrace Madness","damage_taken":10,"max_hp_gain":0,"max_hp_loss":0,"event_name":"Winding Halls","floor":36,"gold_loss":0,"cards_obtained":["Madness","Madness"]},{"damage_healed":0,"gold_gain":0,"player_choice":"Fight","damage_taken":0,"max_hp_gain":0,"max_hp_loss":0,"event_name":"MindBloom","floor":38,"gold_loss":0},{"damage_healed":0,"gold_gain":0,"player_choice":"Fight","damage_taken":0,"max_hp_gain":0,"max_hp_loss":0,"event_name":"Mysterious Sphere","floor":39,"gold_loss":0},{"damage_healed":0,"gold_gain":0,"player_choice":"Memory 1","damage_taken":0,"max_hp_gain":0,"max_hp_loss":0,"event_name":"SensoryStone","floor":41,"gold_loss":0},{"damage_healed":0,"gold_gain":0,"player_choice":"Forge","damage_taken":0,"max_hp_gain":0,"max_hp_loss":0,"event_name":"Accursed Blacksmith","floor":45,"gold_loss":0,"cards_upgraded":["Barricade"]}],"is_beta":false,"boss_relics":[{"not_picked":["Empty Cage","Snecko Eye"],"picked":"Black Star"},{"not_picked":["Philosopher\u0027s Stone","Mark of Pain"],"picked":"Fusion Hammer"}],"items_purged_floors":[19,37],"is_endless":false,"potions_floor_spawned":[3,4,6,31,33,38,39,44,48],"killed_by":"The Heart","ascension_level":0}}