{"host":"7gewg82ormp6yt4e","time":1610451783,"event":{"mods":["BaseMod","Block Reminder","Colored Map","Colored Powertips","DeckTracker","Highlight Path","Minty Spire (QoL Compilation)","Relic Stats","StSLib","ojb\u0027s Info Mod"],"gold_per_floor":[119,129,142,158,123,157,157,22,22,22,22],"floor_reached":10,"playtime":305,"items_purged":[],"score":136,"play_id":"f017a200-d776-4b4c-a0f0-d267e613e7bf","local_time":"20210112204303","is_ascension_mode":true,"campfire_choices":[{"data":"Defragment","floor":7,"key":"SMITH"}],"circlet_count":0,"master_deck":["AscendersBane","Strike_B","Strike_B","Strike_B","Strike_B","Defend_B","Defend_B","Defend_B","Defend_B","Zap","Dualcast","Defragment+1","Streamline","Glacier","FTL","Leap","Consume","Cold Snap"],"relics":["Cracked Core","NeowsBlessing","Art of War","Pear"],"acts_visited":["Exordium"],"potions_floor_usage":[6],"damage_taken":[{"damage":0,"enemies":"Cultist","floor":1,"turns":1},{"damage":0,"enemies":"2 Louse","floor":2,"turns":1},{"damage":0,"enemies":"Small Slimes","floor":3,"turns":1},{"damage":10,"enemies":"Blue Slaver","floor":4,"turns":4},{"damage":27,"enemies":"Lagavulin","floor":6,"turns":8},{"damage":59,"enemies":"Gremlin Nob","floor":10,"turns":6}],"seed_played":"-3401118916415745027","potions_obtained":[{"floor":3,"key":"Strength Potion"},{"floor":6,"key":"LiquidBronze"}],"is_trial":false,"path_per_floor":["M","M","M","M","?","E","R","$","T","E"],"character_chosen":"DEFECT","items_purchased":["Consume","Cold Snap"],"campfire_rested":0,"item_purchase_floors":[8,8],"current_hp_per_floor":[64,64,64,54,71,44,44,44,54,0,0],"gold":22,"neow_bonus":"THREE_ENEMY_KILL","is_daily":false,"chose_seed":false,"campfire_upgraded":1,"win_rate":0.0,"timestamp":1610451783,"path_taken":["M","?","M","?","?","E","R","$","T","E"],"items_purchased_type":["Card","Card"],"build_version":"2020-12-22","purchased_purges":0,"victory":false,"max_hp_per_floor":[71,71,71,71,71,71,71,71,81,81,81],"relic_stats":{"counters":[6,21],"Art of War":[1],"obtain_stats":[{"Pear":9,"NeowsBlessing":0,"Art of War":6,"Cracked Core":0},{"Pear":5,"NeowsBlessing":0,"Art of War":5,"Cracked Core":0},{"Pear":15,"NeowsBlessing":0,"Art of War":15,"Cracked Core":0}]},"card_choices":[{"not_picked":["Barrage","Beam Cell"],"picked":"Defragment","floor":1},{"not_picked":["Blizzard","Tempest"],"picked":"Streamline","floor":2},{"not_picked":["Hologram","Static Discharge"],"picked":"Glacier","floor":3},{"not_picked":["Redo","Rebound"],"picked":"FTL","floor":4},{"not_picked":["Skim","Tempest"],"picked":"Leap","floor":6}],"player_experience":2554382,"relics_obtained":[{"floor":6,"key":"Art of War"},{"floor":9,"key":"Pear"}],"event_choices":[{"damage_healed":17,"gold_gain":0,"player_choice":"Healed","damage_taken":0,"max_hp_gain":0,"max_hp_loss":0,"event_name":"The Cleric","floor":5,"gold_loss":35}],"is_beta":false,"boss_relics":[],"items_purged_floors":[],"is_endless":false,"potions_floor_spawned":[3,6],"killed_by":"Gremlin Nob","ascension_level":20}}