{"host":"msa0wxqjs3jv1k3j","time":1610458669,"event":{"mods":["AchievementEnabler","BaseMod","BetterRewards","Colored Map","Highlight Path","KOR Keyword Fix","Keyboard Shortcuts","Minty Spire (QoL Compilation)","Quick Restart","SuperFastMode","everything is the same but u backflip on backflip"],"gold_per_floor":[114,124,124,43,62,77,77,103,177,177,177,197,197,197,197,318,318,341,315,315,86,86,86,86,99,99,24,58,81,81,96,96,215,215,238,238,251,266,166,166,200,200,200,200,216,117,117,133,133,133,133],"floor_reached":50,"playtime":2294,"items_purged":["Defend_G","Writhe"],"score":490,"play_id":"7b39e40d-c34f-44a7-b7dd-59547cc6ce57","local_time":"20210112223749","is_ascension_mode":false,"campfire_choices":[{"floor":7.0,"key":"DIG"},{"floor":11.0,"key":"REST"},{"floor":15.0,"key":"REST"},{"data":"Accuracy","floor":23.0,"key":"SMITH"},{"data":"Cloak And Dagger","floor":30.0,"key":"SMITH"},{"floor":32.0,"key":"REST"},{"floor":40.0,"key":"DIG"},{"data":"Cloak And Dagger","floor":42.0,"key":"SMITH"},{"floor":44.0,"key":"DIG"},{"floor":47.0,"key":"DIG"},{"data":"Blade Dance","floor":49.0,"key":"SMITH"}],"circlet_count":0,"master_deck":["Strike_G","Strike_G","Strike_G","Survivor","Neutralize","Crippling Poison","Cloak And Dagger+1","Accuracy","Cloak And Dagger+1","Accuracy+1","Outmaneuver","Endless Agony","Bullet Time","After Image","Backflip+1","Infinite Blades","Die Die Die","Cloak And Dagger","Adrenaline","Prepared","Blade Dance+1","Blade Dance+1"],"relics":["Ring of the Snake","NeowsBlessing","Shovel","Boot","Potion Belt","Question Card","Golden Idol","Empty Cage","Du-Vu Doll","PreservedInsect","Thread and Needle","Incense Burner","Runic Pyramid","Anchor","Mummified Hand","Singing Bowl","Tingsha","HornCleat"],"acts_visited":["Exordium","TheCity","TheBeyond"],"potions_floor_usage":[],"damage_taken":[{"damage":0.0,"enemies":"Cultist","floor":1.0,"turns":1.0},{"damage":0.0,"enemies":"Small Slimes","floor":2.0,"turns":1.0},{"damage":0.0,"enemies":"Jaw Worm","floor":5.0,"turns":1.0},{"damage":9.0,"enemies":"Blue Slaver","floor":6.0,"turns":4.0},{"damage":37.0,"enemies":"Lagavulin","floor":8.0,"turns":9.0},{"damage":13.0,"enemies":"Large Slime","floor":12.0,"turns":7.0},{"damage":22.0,"enemies":"Hexaghost","floor":16.0,"turns":10.0},{"damage":21.0,"enemies":"Spheric Guardian","floor":18.0,"turns":7.0},{"damage":13.0,"enemies":"2 Thieves","floor":19.0,"turns":5.0},{"damage":10.0,"enemies":"3 Cultists","floor":25.0,"turns":6.0},{"damage":5.0,"enemies":"Book of Stabbing","floor":28.0,"turns":5.0},{"damage":8.0,"enemies":"Snecko","floor":29.0,"turns":5.0},{"damage":9.0,"enemies":"Snake Plant","floor":31.0,"turns":4.0},{"damage":14.0,"enemies":"Collector","floor":33.0,"turns":13.0},{"damage":13.0,"enemies":"3 Shapes","floor":35.0,"turns":3.0},{"damage":11.0,"enemies":"3 Darklings","floor":37.0,"turns":4.0},{"damage":10.0,"enemies":"Transient","floor":38.0,"turns":5.0},{"damage":21.0,"enemies":"Reptomancer","floor":41.0,"turns":7.0},{"damage":2.0,"enemies":"Spire Growth","floor":45.0,"turns":5.0},{"damage":0.0,"enemies":"Jaw Worm Horde","floor":48.0,"turns":3.0},{"damage":64,"enemies":"Time Eater","floor":50,"turns":9}],"seed_played":"2715540564006686168","potions_obtained":[{"floor":1.0,"key":"Regen Potion"},{"floor":6.0,"key":"PowerPotion"},{"floor":8.0,"key":"Fruit Juice"},{"floor":16.0,"key":"Fruit Juice"},{"floor":18.0,"key":"Ancient Potion"},{"floor":28.0,"key":"SteroidPotion"},{"floor":29.0,"key":"Block Potion"},{"floor":35.0,"key":"Strength Potion"},{"floor":45.0,"key":"Swift Potion"},{"floor":48.0,"key":"CunningPotion"}],"is_trial":false,"path_per_floor":["M","M","?","$","M","M","R","E","T","?","R","M","?","?","R","B",null,"M","M","?","$","?","R","?","M","T","?","E","M","R","M","R","B",null,"M","?","M","M","$","R","E","R","T","R","M","$","R","M","R","B"],"character_chosen":"THE_SILENT","items_purchased":["Accuracy","PreservedInsect","FairyPotion"],"campfire_rested":3,"item_purchase_floors":[4,21,46],"current_hp_per_floor":[70,70,45,45,45,36,36,19,19,1,23,10,10,10,32,15,80,59,46,46,46,46,46,46,36,36,36,31,23,23,14,38,24,80,67,80,69,59,59,59,38,38,38,38,36,36,36,36,36,0,0],"gold":133,"neow_bonus":"THREE_ENEMY_KILL","is_daily":false,"chose_seed":false,"campfire_upgraded":4,"win_rate":0.0,"timestamp":1610458669,"path_taken":["M","?","?","$","M","M","R","E","T","?","R","M","?","?","R","BOSS","M","M","?","$","?","R","?","M","T","?","E","M","R","M","R","BOSS","M","?","?","M","?","R","E","R","T","R","M","$","R","M","R","BOSS"],"items_purchased_type":["Card","Relic","Potion"],"build_version":"2020-12-22","purchased_purges":2,"victory":false,"max_hp_per_floor":[70,70,70,70,70,70,70,75,75,75,75,75,75,75,75,80,80,80,80,80,80,80,80,80,80,80,80,80,80,80,80,80,80,80,80,80,80,80,80,80,80,80,80,80,80,80,80,80,80,80,80],"card_choices":[{"not_picked":["Terror","PiercingWail"],"picked":"Crippling Poison","floor":1.0},{"not_picked":["Dagger Throw","Deflect"],"picked":"Cloak And Dagger","floor":2.0},{"not_picked":["Tactician","Prepared","PiercingWail"],"picked":"SKIP","floor":5.0},{"not_picked":["Wraith Form v2","Finisher"],"picked":"Cloak And Dagger","floor":6.0},{"not_picked":["Corpse Explosion","Finisher"],"picked":"Accuracy","floor":8.0},{"not_picked":["Underhanded Strike","Quick Slash","Riddle With Holes"],"picked":"Outmaneuver","floor":12.0},{"not_picked":["Corpse Explosion","Envenom","Bullet Time"],"picked":"After Image","floor":16.0},{"not_picked":["Reflex","Distraction","Dagger Spray"],"picked":"Backflip+1","floor":18.0},{"not_picked":["Catalyst+1","Deflect+1","Sucker Punch"],"picked":"Infinite Blades","floor":19.0},{"not_picked":["Dodge and Roll+1","Noxious Fumes+1","Poisoned Stab","Acrobatics"],"picked":"SKIP","floor":25.0},{"not_picked":["Dagger Spray+1","Eviscerate+1","Outmaneuver"],"picked":"Die Die Die","floor":28.0},{"not_picked":["Prepared","Malaise","Setup"],"picked":"Cloak And Dagger","floor":29.0},{"not_picked":["Deflect","Escape Plan","Deadly Poison","Leg Sweep"],"picked":"SKIP","floor":31.0},{"not_picked":["Phantasmal Killer","Bullet Time","Storm of Steel"],"picked":"Adrenaline","floor":33.0},{"not_picked":["Setup","Reflex","Leg Sweep+1","Slice"],"picked":"SKIP","floor":35.0},{"not_picked":["Eviscerate+1","Sucker Punch+1","Dodge and Roll+1","Skewer"],"picked":"SKIP","floor":37.0},{"not_picked":["Finisher","Backflip+1","Outmaneuver"],"picked":"Prepared","floor":38.0},{"not_picked":["Quick Slash","Dash+1","Die Die Die","Masterful Stab+1"],"picked":"SKIP","floor":41.0},{"not_picked":["Cloak And Dagger","Quick Slash","Deadly Poison"],"picked":"Blade Dance","floor":45.0},{"not_picked":["Cloak And Dagger","Blur","Acrobatics+1"],"picked":"Blade Dance+1","floor":48.0}],"player_experience":92131,"relics_obtained":[{"floor":7.0,"key":"Boot"},{"floor":8.0,"key":"Potion Belt"},{"floor":9.0,"key":"Question Card"},{"floor":26.0,"key":"Thread and Needle"},{"floor":28.0,"key":"Incense Burner"},{"floor":40.0,"key":"Anchor"},{"floor":41.0,"key":"Mummified Hand"},{"floor":43.0,"key":"Singing Bowl"},{"floor":44.0,"key":"Tingsha"},{"floor":47.0,"key":"HornCleat"}],"event_choices":[{"damage_healed":0.0,"max_hp_gain":0.0,"max_hp_loss":0.0,"gold_gain":0.0,"event_name":"Scrap Ooze","player_choice":"Success","floor":3.0,"gold_loss":0.0,"damage_taken":25.0,"relics_obtained":["Shovel"]},{"damage_healed":0.0,"max_hp_gain":0.0,"max_hp_loss":0.0,"gold_gain":0.0,"event_name":"Golden Idol","player_choice":"Take Damage","floor":10.0,"gold_loss":0.0,"damage_taken":18.0,"relics_obtained":["Golden Idol"]},{"damage_healed":0.0,"max_hp_gain":0.0,"max_hp_loss":0.0,"gold_gain":0.0,"cards_transformed":["Defend_G"],"event_name":"Living Wall","player_choice":"Change","floor":13.0,"gold_loss":0.0,"damage_taken":0.0,"cards_obtained":["Endless Agony"]},{"damage_healed":0.0,"max_hp_gain":0.0,"max_hp_loss":0.0,"gold_gain":0.0,"cards_transformed":["Defend_G"],"event_name":"Transmorgrifier","player_choice":"Transformed","floor":14.0,"gold_loss":0.0,"damage_taken":0.0,"cards_obtained":["Bullet Time"]},{"damage_healed":0.0,"max_hp_gain":0.0,"max_hp_loss":0.0,"gold_gain":0.0,"event_name":"The Mausoleum","player_choice":"Opened","floor":20.0,"gold_loss":0.0,"damage_taken":0.0,"relics_obtained":["Du-Vu Doll"],"cards_obtained":["Writhe"]},{"damage_healed":0.0,"max_hp_gain":0.0,"max_hp_loss":0.0,"gold_gain":0.0,"event_name":"Ghosts","player_choice":"Ignored","floor":22.0,"gold_loss":0.0,"damage_taken":0.0},{"cards_removed":["Defend_G"],"damage_healed":0.0,"max_hp_gain":0.0,"max_hp_loss":0.0,"gold_gain":0.0,"event_name":"Back to Basics","player_choice":"Elegance","floor":24.0,"gold_loss":0.0,"damage_taken":0.0},{"cards_removed":["Defend_G"],"damage_healed":0.0,"max_hp_gain":0.0,"max_hp_loss":0.0,"gold_gain":0.0,"event_name":"Beggar","player_choice":"Gave Gold","floor":27.0,"gold_loss":75.0,"damage_taken":0.0},{"damage_healed":13.0,"max_hp_gain":0.0,"max_hp_loss":0.0,"gold_gain":0.0,"event_name":"Wheel of Change","player_choice":"Full Heal","floor":36.0,"gold_loss":0.0,"damage_taken":0.0}],"is_beta":false,"boss_relics":[{"not_picked":["Runic Dome","Cursed Key"],"picked":"Empty Cage"},{"not_picked":["Ring of the Serpent","Philosopher\u0027s Stone"],"picked":"Runic Pyramid"}],"items_purged_floors":[21,39],"is_endless":false,"potions_floor_spawned":[1,6,8,16,18,28,29,35,45,48],"killed_by":"Time Eater","ascension_level":0}}