{"host":"ch0czqmvyp36vaf6","time":1610442897,"event":{"mods":["BaseMod","CapriCore","Friendly Minions","GungeonMod","Hermit","Highlight Path","Koishi","Lobotomy","Marisa£¨Ùöéë¡¡Øª×âÞÞ£©","Minty Spire (QoL Compilation)","Quick Restart","StSLib","The Animator","The Bug Knight","The Cursed","The Dragon Tamer","The Gatherer","The Hierophant","The Immortal","The Poker Player","The Runesmith"],"gold_per_floor":[119,119,136,61,75,91,91,103,156,156,156,189,189,204,204,314,339,378,419,419,419,429,486,486,486],"floor_reached":24,"playtime":820,"items_purged":["animator:Strike"],"score":253,"play_id":"52e5ff9c-2822-4e7e-919a-1673418ba233","local_time":"20210112181457","is_ascension_mode":false,"campfire_choices":[{"data":"animator:DolaCouronne","floor":11,"key":"SMITH"},{"floor":13,"key":"REST"},{"floor":15,"key":"REST"}],"circlet_count":0,"master_deck":["animator:Strike_Fate","animator:Defend_Fate","animator:Defend","animator:Defend","animator:Defend","animator:Alexander","Scorched","animator:DolaCouronne+1","BlackSwan","LaLuna","LongBird","animator:Gilgamesh+4","Funeral"],"relics":["animator:LivingPicture","animator:TheMissingPiece","animator:PurgingStone","CogitoBucket","RabbitCall","Red Skull","animator:BattleDrones","DemoMod:LamentConfigurum","LuminousBracelet","Empty Cage","Boot"],"acts_visited":["Exordium","TheCity"],"potions_floor_usage":[12,16,16,23,23],"damage_taken":[{"damage":3,"enemies":"Small Slimes","floor":1,"turns":3},{"damage":5,"enemies":"Jaw Worm","floor":3,"turns":2},{"damage":0,"enemies":"Cultist","floor":5,"turns":4},{"damage":0,"enemies":"2 Fungi Beasts","floor":6,"turns":2},{"damage":0,"enemies":"3 Louse","floor":8,"turns":1},{"damage":1,"enemies":"3 Sentries","floor":10,"turns":3},{"damage":18,"enemies":"Lagavulin","floor":12,"turns":7},{"damage":32,"enemies":"Exordium Wildlife","floor":14,"turns":4},{"damage":5,"enemies":"Slime Boss","floor":16,"turns":6},{"damage":17,"enemies":"Chosen","floor":18,"turns":5},{"damage":16,"enemies":"2 Thieves","floor":19,"turns":3},{"damage":26,"enemies":"Snake Plant","floor":22,"turns":4},{"damage":40,"enemies":"Book of Stabbing","floor":23,"turns":6},{"damage":36,"enemies":"Centurion and Healer","floor":24,"turns":3}],"seed_played":"-7401793048828436217","potions_obtained":[{"floor":1,"key":"DuplicationPotion"},{"floor":3,"key":"Explosive Potion"},{"floor":8,"key":"SpeedPotion"},{"floor":14,"key":"SkillPotion"},{"floor":19,"key":"Dexterity Potion"}],"is_trial":false,"path_per_floor":["M","?","M","$","M","M","$","M","T","E","R","E","R","M","R","B",null,"M","M","?","?","M","E","M"],"character_chosen":"THE_ANIMATOR","items_purchased":[],"campfire_rested":2,"item_purchase_floors":[],"current_hp_per_floor":[63,56,51,51,51,51,51,51,51,50,50,32,51,34,58,54,81,66,51,78,78,60,33,0,0],"gold":486,"neow_bonus":"","is_daily":false,"chose_seed":false,"campfire_upgraded":1,"win_rate":0.0,"timestamp":1610442897,"path_taken":["M","?","M","$","M","M","$","M","T","E","R","E","R","M","R","BOSS","M","M","?","?","M","E","M"],"items_purchased_type":[],"build_version":"2020-12-22","purchased_purges":1,"victory":false,"max_hp_per_floor":[66,66,66,66,66,66,66,66,66,66,66,66,66,81,81,81,81,81,81,81,81,81,81,81,81],"card_choices":[{"not_picked":["ShyLook","FairyFestival"],"picked":"Scorched","floor":1},{"not_picked":["animator:Jibril","animator:Ara","animator:Sloth"],"picked":"SKIP","floor":1},{"not_picked":["Murderer","Wellcheers","BigBird"],"picked":"Singing Bowl","floor":3},{"not_picked":["animator:NagisaMomoe","animator:MumenRider","animator:Vanir"],"picked":"SKIP","floor":3},{"not_picked":["animator:MumenRider","animator:Vanir"],"picked":"animator:DolaCouronne","floor":3},{"not_picked":["Murderer","CherryBlossoms"],"picked":"BlackSwan","floor":5},{"not_picked":["animator:Shigure","animator:PandorasActor","animator:NarberalGamma"],"picked":"SKIP","floor":5},{"not_picked":["ShyLook","MHz"],"picked":"LaLuna","floor":6},{"not_picked":["Wellcheers","WallGazer","BigBadWolf"],"picked":"Singing Bowl","floor":8},{"not_picked":["animator:Tyuule","animator:Jibril","animator:ChaikaBohdan"],"picked":"SKIP","floor":8},{"not_picked":["OSAHOGD","VoidDream","MeatLantern"],"picked":"Singing Bowl","floor":10},{"not_picked":["animator:Azekura","animator:Shigure","animator:KrulTepes"],"picked":"SKIP","floor":10},{"not_picked":["BeautyBeast","Wellcheers","DespairKnight"],"picked":"Singing Bowl","floor":12},{"not_picked":["animator:SuzuneAmano","animator:Elsword","animator:RoryMercury"],"picked":"SKIP","floor":12},{"not_picked":["Murderer","ShyLook","Bloodbath"],"picked":"Singing Bowl","floor":14},{"not_picked":["GreedKing","UniverseFragment"],"picked":"LongBird","floor":14},{"not_picked":["MHz","BigBadWolf","SpiderBud"],"picked":"Singing Bowl","floor":16},{"not_picked":["animator:Wiz","animator:ChaikaTrabant"],"picked":"animator:Gilgamesh","floor":16},{"not_picked":["HeroicMonk","LittleHelper","CherryBlossoms"],"picked":"Singing Bowl","floor":18},{"not_picked":["animator:Cocytus","animator:Add","animator:TukaLunaMarceau"],"picked":"SKIP","floor":18},{"not_picked":["PunishingBird","WallGazer"],"picked":"Funeral","floor":19},{"not_picked":["animator:MetalKnight","animator:Viivi","animator:Darkness"],"picked":"SKIP","floor":19},{"not_picked":["WallGazer","WhitesApple","BeautyBeast"],"picked":"Singing Bowl","floor":22},{"not_picked":["animator:Vesta","animator:Cocytus","animator:Chung+1"],"picked":"SKIP","floor":22},{"not_picked":["BigBadWolf","WallGazer","Variant"],"picked":"Singing Bowl","floor":23}],"player_experience":429603,"relics_obtained":[{"floor":9,"key":"Red Skull"},{"floor":10,"key":"animator:BattleDrones"},{"floor":12,"key":"DemoMod:LamentConfigurum"},{"floor":23,"key":"Boot"}],"event_choices":[{"cards_removed":["animator:Rider"],"damage_healed":0,"gold_gain":0,"player_choice":"Card Removal","damage_taken":7,"max_hp_gain":0,"max_hp_loss":0,"event_name":"Golden Wing","floor":2,"gold_loss":0},{"damage_healed":27,"gold_gain":0,"player_choice":"Heal","damage_taken":0,"max_hp_gain":0,"max_hp_loss":0,"event_name":"The Library","floor":20,"gold_loss":0},{"damage_healed":0,"gold_gain":0,"player_choice":"Ignored","damage_taken":0,"max_hp_gain":0,"max_hp_loss":0,"event_name":"Vampires","floor":21,"gold_loss":0}],"is_beta":false,"boss_relics":[{"not_picked":["SacredBark","animator:RacePiece"],"picked":"Empty Cage"}],"items_purged_floors":[4],"is_endless":false,"potions_floor_spawned":[1,3,8,14,19],"killed_by":"Centurion and Healer","ascension_level":0}}