{"host":"dlqyscxstsnu98l1","time":1610416987,"event":{"mods":["AchievementEnabler","BaseMod","Bestiary","Colored Map","Colored Powertips","Conspire","Downfall","GifTheSpireLib","Highlight Path","Minty Spire (QoL Compilation)","Random Character Button","Replay The Spire","SacredBarkPlus","StSLib","everything is the same but u backflip on backflip"],"gold_per_floor":[111,129,204,223,242,242,272,298,298,339,351,363,401,428,440,556,568,600,612,640,665,692,730,742,767,779,791,820,848,871,392,392,497,497,514,185,195,226,243,271,271,248,271,296,315,327,347,357,357,357],"floor_reached":51,"playtime":9459,"items_purged":["Strike_R","conspire:Purge"],"score":730,"play_id":"3d369fd2-e048-4081-b4d9-e1cd3a5ea6a4","local_time":"20210111200307","is_ascension_mode":false,"campfire_choices":[{"data":"Rampage","floor":6,"key":"SMITH"},{"data":"Rage","floor":12,"key":"SMITH"},{"data":"Burning Pact","floor":15,"key":"SMITH"},{"floor":27,"key":"REST"},{"floor":32,"key":"REST"},{"data":"Defend_R","floor":41,"key":"SMITH"},{"floor":49,"key":"REST"}],"circlet_count":0,"master_deck":["Defend_R","Defend_R","Defend_R","Defend_R+1","Bash+1","Rage+1","Headbutt","Rampage+1","Double Tap+1","Burning Pact","Burning Pact+1","Headbutt+1","Necronomicurse","Shrug It Off+1","Rampage+1","Clothesline","ReplayTheSpireMod:Stacked","Shrug It Off+1","Power Through+1","Pommel Strike+1"],"relics":["Replay:Bronze Core","Gremlin Food","ReplayTheSpireMod:TigerMarble","MawBank","Replay:Baseball","Replay:Bottled Steam","Painkiller Herb","Necronomicon","conspire:TopHat","MealTicket","Replay:Grab Bag","Philosopher\u0027s Stone","Sozu","Snecko Eye","Orichalcum","Meat on the Bone","Lizard Tail","Boot","Pen Nib"],"acts_visited":["Exordium","TheCity","TheBeyond"],"potions_floor_usage":[7,10,14,18,21,22,28,33,33,40,44],"damage_taken":[{"damage":3,"enemies":"Small Slimes","floor":1,"turns":4},{"damage":6,"enemies":"Cultist","floor":2,"turns":4},{"damage":1,"enemies":"Jaw Worm","floor":4,"turns":3},{"damage":3,"enemies":"conspire:2 RoseBushes","floor":5,"turns":4},{"damage":13,"enemies":"3 Sentries","floor":7,"turns":6},{"damage":2,"enemies":"Gremlin Nob","floor":10,"turns":3},{"damage":8,"enemies":"3 Sentries","floor":13,"turns":6},{"damage":0,"enemies":"Exordium Thugs","floor":14,"turns":3},{"damage":10,"enemies":"Fading Forest","floor":16,"turns":11},{"damage":21,"enemies":"Shell Parasite","floor":18,"turns":4},{"damage":0,"enemies":"3 Byrds","floor":20,"turns":5},{"damage":0,"enemies":"Cultist and Chosen","floor":21,"turns":4},{"damage":9,"enemies":"3 Cultists","floor":22,"turns":4},{"damage":29,"enemies":"Book of Stabbing","floor":23,"turns":3},{"damage":0,"enemies":"Chosen and Byrds","floor":25,"turns":3},{"damage":0,"enemies":"Centurion and Healer","floor":28,"turns":3},{"damage":5,"enemies":"Cultist and Chosen","floor":29,"turns":4},{"damage":9,"enemies":"Snake Plant","floor":30,"turns":3},{"damage":27,"enemies":"Pondfish","floor":33,"turns":7},{"damage":0,"enemies":"Orb Walker","floor":35,"turns":2},{"damage":0,"enemies":"3 Shapes","floor":37,"turns":3},{"damage":0,"enemies":"conspire:MimicChest","floor":38,"turns":3},{"damage":5,"enemies":"Jaw Worm Horde","floor":39,"turns":4},{"damage":27,"enemies":"Nemesis","floor":40,"turns":5},{"damage":94,"enemies":"Reptomancer","floor":44,"turns":7},{"damage":0,"enemies":"Spire Growth","floor":45,"turns":3},{"damage":8,"enemies":"3 Darklings","floor":46,"turns":4},{"damage":0,"enemies":"Sphere and 2 Shapes","floor":47,"turns":3},{"damage":0,"enemies":"Spire Growth","floor":48,"turns":2},{"damage":60,"enemies":"Replay:Hell Engine","floor":50,"turns":10}],"seed_played":"-3953236923185985438","potions_obtained":[{"floor":1,"key":"Guardian:BlockOnCardUsePotion"},{"floor":2,"key":"Block Potion"},{"floor":13,"key":"SpeedPotion"},{"floor":16,"key":"Dexterity Potion"},{"floor":18,"key":"LifebloodPotion"},{"floor":21,"key":"Block Potion"},{"floor":23,"key":"SkillPotion"},{"floor":25,"key":"LiquidBronze"},{"floor":29,"key":"LiquidBronze"},{"floor":33,"key":"Dexterity Potion"}],"is_trial":false,"path_per_floor":["M","M","?","M","M","R","E","T","T","E","?","R","E","M","R","B",null,"?","?","?","?","?","E","?","?","T","T","?","?","?","T","T","B",null,"?","T","?","?","?","E","T","T","T","E","?","?","?","?","T","B",null],"character_chosen":"IRONCLAD","items_purchased":["Flashbang","Death Potion","DuplicationPotion","MealTicket","Orichalcum","ReplayTheSpireMod:Stacked","Shrug It Off"],"campfire_rested":3,"item_purchase_floors":[31,31,31,31,36,36,42],"current_hp_per_floor":[77,71,63,62,59,59,46,46,46,44,44,44,36,36,36,48,80,59,43,43,43,34,5,5,5,5,29,29,24,15,15,39,12,80,80,80,80,80,75,53,53,68,68,32,44,48,48,48,72,24],"gold":357,"neow_bonus":"BOSS_RELIC","is_daily":false,"chose_seed":false,"campfire_upgraded":4,"win_rate":0.0,"timestamp":1610416987,"path_taken":["M","M","?","M","?","R","E","?","T","E","?","R","E","M","R","BOSS","?","?","?","?","?","E","?","?","T","T","?","?","?","T","T","BOSS","?","T","?","?","?","E","T","T","T","E","?","?","?","?","T","BOSS"],"items_purchased_type":["Potion","Potion","Potion","Relic","Relic","Card","Card"],"build_version":"2020-12-22","purchased_purges":2,"victory":true,"max_hp_per_floor":[80,80,80,80,80,80,80,80,80,80,80,80,80,80,80,80,80,80,80,80,80,80,80,80,80,80,80,80,80,80,80,80,80,80,80,80,80,80,80,80,80,80,80,80,80,80,80,80,80,80],"card_choices":[{"not_picked":["Rupture","Replay:Undeath\u0027s Touch"],"picked":"Rage","floor":1},{"not_picked":["conspire:Charge","Searing Blow"],"picked":"Headbutt","floor":2},{"not_picked":["Run Through","ReplayTheSpireMod:Strike From Hell"],"picked":"Rampage","floor":4},{"not_picked":["Replay:Undeath\u0027s Touch","Hemokinesis","ReplayTheSpireMod:Corrosion Curse"],"picked":"SKIP","floor":5},{"not_picked":["Clothesline","Searing Blow"],"picked":"Double Tap","floor":7},{"not_picked":["Twin Strike","Shockwave"],"picked":"Burning Pact","floor":10},{"not_picked":["Sword Boomerang","Anger","Flex"],"picked":"SKIP","floor":13},{"not_picked":["Feel No Pain","Armaments"],"picked":"Burning Pact","floor":14},{"not_picked":["Hemogenesis","Demon Form"],"picked":"conspire:Purge","floor":16},{"not_picked":["conspire:ExplosiveBarrier","Perfected Strike"],"picked":"Headbutt+1","floor":18},{"not_picked":["Clash+1","Dropkick","Hemokinesis+1"],"picked":"SKIP","floor":20},{"not_picked":["conspire:ExplosiveBarrier","Cleave"],"picked":"Shrug It Off","floor":21},{"not_picked":["Perfected Strike+1","Run Through"],"picked":"Rampage+1","floor":22},{"not_picked":["ReplayTheSpireMod:Muscle Training","Sword Boomerang"],"picked":"Clothesline","floor":23},{"not_picked":["Warcry","Clothesline","Bloodletting"],"picked":"SKIP","floor":25},{"not_picked":["Inflame","Twin Strike","Fire Breathing"],"picked":"SKIP","floor":28},{"not_picked":["Perfected Strike","Warcry+1","ReplayReversal"],"picked":"SKIP","floor":29},{"not_picked":["Replay:Undeath\u0027s Touch+1","Cleave","Dark Embrace"],"picked":"SKIP","floor":30},{"not_picked":["Clash+1","Twin Strike+1","Iron Wave+1"],"picked":"SKIP","floor":35},{"not_picked":["Disarm+1","Headbutt","Sword Boomerang+1"],"picked":"SKIP","floor":37},{"not_picked":["Iron Wave+1","Pummel","Sword Boomerang+1"],"picked":"SKIP","floor":39},{"not_picked":["Entrench+1","Thunderclap","Second Wind+1"],"picked":"SKIP","floor":40},{"not_picked":["Demon Form","Shrug It Off","Dropkick"],"picked":"SKIP","floor":44},{"not_picked":["Armaments+1","Pommel Strike+1"],"picked":"Power Through+1","floor":45},{"not_picked":["Twin Strike","Entrench"],"picked":"Pommel Strike+1","floor":46},{"not_picked":["Perfected Strike","Cleave","Flex"],"picked":"SKIP","floor":47},{"not_picked":["ReplayTheSpireMod:Limb From Limb+1","Thunderclap","Defy Death+1"],"picked":"SKIP","floor":48}],"player_experience":35137,"relics_obtained":[{"floor":7,"key":"Gremlin Food"},{"floor":8,"key":"ReplayTheSpireMod:TigerMarble"},{"floor":9,"key":"MawBank"},{"floor":10,"key":"Replay:Baseball"},{"floor":13,"key":"Replay:Bottled Steam"},{"floor":19,"key":"Necronomicon"},{"floor":23,"key":"conspire:TopHat"},{"floor":38,"key":"Meat on the Bone"},{"floor":40,"key":"Lizard Tail"},{"floor":43,"key":"Boot"},{"floor":44,"key":"Pen Nib"}],"event_choices":[{"damage_healed":0,"gold_gain":75,"player_choice":"Touch","damage_taken":8,"max_hp_gain":0,"max_hp_loss":0,"event_name":"FaceTrader","floor":3,"gold_loss":0},{"damage_healed":0,"gold_gain":0,"player_choice":"Forge","damage_taken":0,"max_hp_gain":0,"max_hp_loss":0,"event_name":"Accursed Blacksmith","floor":11,"gold_loss":0,"cards_upgraded":["Double Tap"]},{"damage_healed":0,"gold_gain":0,"player_choice":"Obtained Book","damage_taken":16,"max_hp_gain":0,"max_hp_loss":0,"event_name":"Cursed Tome","floor":19,"gold_loss":0},{"cards_removed":["Strike_R"],"damage_healed":0,"gold_gain":0,"player_choice":"Elegance","damage_taken":0,"max_hp_gain":0,"max_hp_loss":0,"event_name":"Back to Basics","floor":24,"gold_loss":0}],"is_beta":false,"boss_relics":[{"not_picked":["Honey Jar","conspire:SeveredTorchhead"],"picked":"Painkiller Herb"},{"not_picked":["SlaversCollar","Calling Bell"],"picked":"Replay:Grab Bag"},{"not_picked":["Velvet Choker","Fusion Hammer"],"picked":"Philosopher\u0027s Stone"},{"not_picked":["conspire:SlowCooker","Runic Dome"],"picked":"Sozu"},{"not_picked":["Runic Pyramid","Kintsugi"],"picked":"Snecko Eye"}],"items_purged_floors":[31,36],"is_endless":false,"potions_floor_spawned":[1,2,13,16,18,21,23,25,29,33,38,39,44,46,48],"ascension_level":0}}