{"host":"kh6fvhxn285ncg0o","time":1610415965,"event":{"mods":["Act Like it!","BaseMod","Colored Map","Friendly Minions","Keyboard Shortcuts","Minty Spire (QoL Compilation)","Quick Restart","Relic Stats","StSLib","SuperFastMode"],"gold_per_floor":[111,261,336,99,99,99,128,128,128,157,184,184,194,207,207,207,207],"floor_reached":16,"playtime":274,"items_purged":["Doubt"],"score":212,"play_id":"07cc5774-5b65-4dd4-8675-59bd6124b62a","local_time":"20210112104605","is_ascension_mode":true,"campfire_choices":[{"floor":6,"key":"REST"},{"floor":8,"key":"REST"},{"data":"Sever Soul","floor":15,"key":"SMITH"}],"circlet_count":0,"master_deck":["AscendersBane","Strike_R+1","Strike_R","Strike_R","Strike_R","Strike_R","Defend_R","Defend_R+1","Defend_R+1","Defend_R","Bash+1","Shrug It Off+1","Reckless Charge","Sever Soul+1"],"relics":["Burning Blood","Lee\u0027s Waffle","Bag of Marbles","Matryoshka","War Paint","Question Card","Regal Pillow","Oddly Smooth Stone"],"acts_visited":["Exordium"],"potions_floor_usage":[16,16],"damage_taken":[{"damage":9,"enemies":"Jaw Worm","floor":1,"turns":5},{"damage":32,"enemies":"Gremlin Nob","floor":7,"turns":4},{"damage":49,"enemies":"3 Sentries","floor":10,"turns":11},{"damage":0,"enemies":"2 Louse","floor":13,"turns":2},{"damage":6,"enemies":"Small Slimes","floor":14,"turns":3},{"damage":48,"enemies":"Hexaghost","floor":16,"turns":11}],"seed_played":"7625172459367528200","potions_obtained":[{"floor":7,"key":"ColorlessPotion"},{"floor":14,"key":"Swift Potion"}],"is_trial":false,"path_per_floor":["M","?","?","$","?","R","E","R","T","E","T","?","M","M","R","B"],"character_chosen":"IRONCLAD","items_purchased":["Lee\u0027s Waffle"],"campfire_rested":2,"item_purchase_floors":[4],"current_hp_per_floor":[65,65,54,82,57,81,55,79,79,36,36,36,42,42,42,0,0],"gold":207,"neow_bonus":"UPGRADE_CARD","is_daily":false,"chose_seed":false,"campfire_upgraded":1,"win_rate":0.0,"timestamp":1610415965,"path_taken":["M","?","?","$","?","R","E","R","T","E","?","?","M","?","R","BOSS"],"items_purchased_type":["Relic"],"build_version":"2020-12-22","purchased_purges":1,"victory":false,"max_hp_per_floor":[75,75,75,82,82,82,82,82,82,82,82,82,82,82,82,82,82],"relic_stats":{"Lee\u0027s Waffle":28,"Regal Pillow":0,"counters":[6,36],"War Paint":["Defend_R","Shrug It Off"],"Question Card":2,"obtain_stats":[{"Lee\u0027s Waffle":4,"Regal Pillow":11,"Matryoshka":9,"Oddly Smooth Stone":12,"Bag of Marbles":7,"War Paint":10,"Question Card":11,"Burning Blood":0},{"Lee\u0027s Waffle":1,"Regal Pillow":3,"Matryoshka":2,"Oddly Smooth Stone":3,"Bag of Marbles":2,"War Paint":3,"Question Card":3,"Burning Blood":0},{"Lee\u0027s Waffle":5,"Regal Pillow":20,"Matryoshka":9,"Oddly Smooth Stone":20,"Bag of Marbles":9,"War Paint":20,"Question Card":20,"Burning Blood":0}],"Burning Blood":30},"card_choices":[{"not_picked":["Cleave","Exhume"],"picked":"Shrug It Off","floor":7},{"not_picked":["Iron Wave","Heavy Blade"],"picked":"Reaper","floor":10},{"not_picked":["Headbutt","Entrench","Bloodletting"],"picked":"Reckless Charge","floor":13},{"not_picked":["Clothesline","Rupture","Armaments"],"picked":"Sever Soul","floor":14}],"player_experience":3425589,"relics_obtained":[{"floor":7,"key":"Bag of Marbles"},{"floor":9,"key":"Matryoshka"},{"floor":10,"key":"War Paint"},{"floor":11,"key":"Question Card"},{"floor":11,"key":"Regal Pillow"}],"event_choices":[{"damage_healed":0,"gold_gain":150,"player_choice":"AGREE","damage_taken":0,"max_hp_gain":0,"max_hp_loss":0,"event_name":"Liars Game","floor":2,"gold_loss":0,"cards_obtained":["Doubt"]},{"damage_healed":0,"gold_gain":75,"player_choice":"Gather Gold","damage_taken":11,"max_hp_gain":0,"max_hp_loss":0,"event_name":"World of Goop","floor":3,"gold_loss":0},{"damage_healed":0,"gold_gain":0,"player_choice":"Entered Light","damage_taken":25,"max_hp_gain":0,"max_hp_loss":0,"event_name":"Shining Light","floor":5,"gold_loss":0,"cards_upgraded":["Strike_R","Defend_R"]},{"cards_removed":["Reaper"],"damage_healed":0,"gold_gain":0,"player_choice":"Gave Card","damage_taken":0,"relics_obtained":["Oddly Smooth Stone"],"max_hp_gain":0,"max_hp_loss":0,"event_name":"WeMeetAgain","floor":12,"gold_loss":0}],"is_beta":false,"boss_relics":[],"items_purged_floors":[4],"is_endless":false,"potions_floor_spawned":[7,14],"killed_by":"Hexaghost","ascension_level":20}}