{"host":"5dzuyvrjb30uqvwu","time":1610483884,"event":{"mods":["AchievementEnabler","BaseMod","Colored Powertips","Lobotomy","Minty Spire (QoL Compilation)","Quick Restart","slay the spire mod where everything is the same but ironclad has a cowboy hat"],"gold_per_floor":[115,115,115,139,159,159,192,210,210,224,263,263],"floor_reached":11,"playtime":1248,"items_purged":[],"score":114,"play_id":"46dcfed5-3645-43b6-aacc-46ae0c38428f","local_time":"20210112123804","is_ascension_mode":true,"campfire_choices":[{"data":"Uppercut","floor":6,"key":"SMITH"}],"circlet_count":0,"master_deck":["Strike_R","Strike_R","Strike_R","Strike_R","Strike_R","Defend_R","Defend_R","Defend_R","Defend_R","Bash","LongBird","Rupture","BlackArmy","ShyLook","Uppercut+1","SpiderBud","Demon Form","WallGazer","Metallicize","HappyTeddy","Bloodbath","Fiend Fire"],"relics":["Burning Blood","CogitoBucket","RabbitCall","Golden Idol","Mercury Hourglass","Bottled Lightning","ResearcherNote","Pear"],"acts_visited":["Exordium"],"potions_floor_usage":[3],"damage_taken":[{"damage":5,"enemies":"Small Slimes","floor":1,"turns":4},{"damage":6,"enemies":"Jaw Worm","floor":4,"turns":4},{"damage":4,"enemies":"Cultist","floor":5,"turns":3},{"damage":14,"enemies":"Lagavulin","floor":7,"turns":6},{"damage":11,"enemies":"Lots of Slimes","floor":8,"turns":3},{"damage":19,"enemies":"Blue Slaver","floor":10,"turns":4},{"damage":51,"enemies":"3 Sentries","floor":11,"turns":8}],"seed_played":"-6686119485403934330","potions_obtained":[{"floor":1,"key":"SpeedPotion"},{"floor":3,"key":"ElixirPotion"},{"floor":3,"key":"ColorlessPotion"},{"floor":3,"key":"Fruit Juice"},{"floor":10,"key":"LiquidBronze"}],"is_trial":false,"path_per_floor":["M","?","?","M","M","R","E","M","T","M","E"],"character_chosen":"IRONCLAD","items_purchased":[],"campfire_rested":0,"item_purchase_floors":[],"current_hp_per_floor":[80,60,65,65,69,69,64,61,61,51,23,23],"gold":263,"neow_bonus":"","is_daily":false,"chose_seed":false,"campfire_upgraded":1,"win_rate":0.0,"timestamp":1610483884,"path_taken":["M","?","?","M","M","R","E","M","T","?","E"],"items_purchased_type":[],"build_version":"2020-12-22","purchased_purges":0,"victory":false,"max_hp_per_floor":[80,80,85,85,85,85,85,85,85,85,95,95],"card_choices":[{"not_picked":["Scorched","QueenBee"],"picked":"LongBird","floor":1},{"not_picked":["Body Slam","Infernal Blade"],"picked":"Rupture","floor":1},{"not_picked":["OSAHOGD","QueenOfHatred","Murderer"],"picked":"Singing Bowl","floor":4},{"not_picked":["Scorched","DespairKnight"],"picked":"BlackArmy","floor":4},{"not_picked":["Flex","Sword Boomerang","Juggernaut"],"picked":"SKIP","floor":4},{"not_picked":["OSAHOGD","Wellcheers","SpiderBud"],"picked":"Singing Bowl","floor":5},{"not_picked":["SpiderBud","LittlePrince"],"picked":"ShyLook","floor":5},{"not_picked":["Double Tap","Anger"],"picked":"Uppercut","floor":5},{"not_picked":["CherryBlossoms","Wellcheers","MeatLantern"],"picked":"Singing Bowl","floor":7},{"not_picked":["NakedNest","MHz"],"picked":"SpiderBud","floor":7},{"not_picked":["Shrug It Off","Pommel Strike"],"picked":"Demon Form","floor":7},{"not_picked":["UniverseFragment","MHz","BeautyBeast"],"picked":"Singing Bowl","floor":8},{"not_picked":["Scorched","MeatLantern"],"picked":"WallGazer","floor":8},{"not_picked":["Shrug It Off","Exhume"],"picked":"Metallicize","floor":8},{"not_picked":["Murderer","VoidDream"],"picked":"HappyTeddy","floor":10},{"not_picked":["Twin Strike","Clash","Seeing Red"],"picked":"SKIP","floor":10},{"not_picked":["Twin Strike","Clash","Seeing Red"],"picked":"SKIP","floor":10},{"not_picked":["FairyFestival","CherryBlossoms"],"picked":"Bloodbath","floor":11},{"not_picked":["Shrug It Off","Sentinel"],"picked":"Fiend Fire","floor":11}],"player_experience":329287,"relics_obtained":[{"floor":7,"key":"Mercury Hourglass"},{"floor":9,"key":"Bottled Lightning"},{"floor":11,"key":"Pear"}],"event_choices":[{"damage_healed":0,"gold_gain":0,"player_choice":"Take Damage","damage_taken":20,"relics_obtained":["Golden Idol"],"max_hp_gain":0,"max_hp_loss":0,"event_name":"Golden Idol","floor":2,"gold_loss":0},{"damage_healed":0,"gold_gain":0,"player_choice":"Got Potions","damage_taken":0,"max_hp_gain":0,"max_hp_loss":0,"event_name":"Lab","floor":3,"gold_loss":0}],"is_beta":false,"boss_relics":[],"items_purged_floors":[],"is_endless":false,"potions_floor_spawned":[1,10,11],"killed_by":"3 Sentries","ascension_level":1}}