{"host":"k67zwea37tbl4jhz","time":1610409671,"event":{"mods":["AchievementEnabler","Aspiration","BaseMod","Better Altar","Better Match","Better Sensory Stone","Better Skull","Better Third Choice","BetterRewards","CCEM","Clawfect","Colored Map","Conspire","Downfall","GifTheSpireLib","Googly Eyes","Halation","Highlight Path","Hubris","Mimic Mod","Minty Spire (QoL Compilation)","Permanent Neow","Replay The Spire","Shop Mod","Spicy Shops","StSLib","Stuff the Spire","Unceasing Turn Reminder","everything is the same but u backflip on backflip"],"gold_per_floor":[99,115,115,115,132,9,9,9,9,9,24,41,41,74,90,191,191,41,59,78,88,88,88,112,137,137,137,137,12,37,47,65,166,166,91,105,117,117,135,135,171,197,197,229,240,240,259,271,289,289],"floor_reached":51,"playtime":4491,"items_purged":["Guardian:Strike_Guardian"],"score":974,"play_id":"2434a0af-2160-4ea2-8c68-19803884d5f1","local_time":"20210111190111","is_ascension_mode":false,"campfire_choices":[{"floor":1,"key":"RECALL"},{"data":"Guardian:CurlUp","floor":10,"key":"SMITH"},{"data":"Guardian:DecasProtection","floor":13,"key":"SMITH"},{"data":"Guardian:TwinSlam","floor":18,"key":"SMITH"},{"data":"Guardian:Planning","floor":23,"key":"SMITH"},{"data":"Guardian:BronzeArmor","floor":26,"key":"SMITH"},{"floor":28,"key":"REST"},{"data":"Guardian:TimeSifter","floor":35,"key":"SMITH"},{"data":"Guardian:Preprogram","floor":40,"key":"SMITH"}],"circlet_count":0,"master_deck":["Guardian:Strike_Guardian","Guardian:Strike_Guardian","Guardian:Defend_Guardian+1","Guardian:Defend_Guardian","Guardian:CurlUp+1","Guardian:TwinSlam+1","Guardian:RollAttack+1","Guardian:ChargeCore","Guardian:Clone","Guardian:DecasProtection+1","Guardian:TimeBomb","expansioncontent:Collect+1","Finesse+1","Crow Ritual+1","Guardian:SpikerProtocol+1","Guardian:Planning+1","Guardian:BronzeArmor+1","Guardian:TimeSifter+1","Guardian:Preprogram+1","Guardian:Gem_White","Guardian:ShieldCharger+1"],"relics":["Guardian:ModeShifter","downfall:BrokenWingStatue","CCEMRelics:FestiveHat","hubris:HollowSoul","downfall:HeartBlessingBlue","downfall:HeartBlessingRed","halation:EternalFortune","Pen Nib","StuffTheSpire:Barrel","hubris:Icosahedron","halation:ForbiddenBikini","downfall:HeartBlessingGreen","hubris:BundleOfHerbs","StuffTheSpire:Experiment12","Onion Ring"],"acts_visited":["Exordium","TheCity","TheBeyond"],"potions_floor_usage":[],"damage_taken":[{"damage":6,"enemies":"Jaw Worm","floor":2,"turns":4},{"damage":0,"enemies":"2 Louse","floor":5,"turns":1},{"damage":0,"enemies":"downfall:FleeingMerchant","floor":6,"turns":4},{"damage":2,"enemies":"Small Slimes","floor":11,"turns":3},{"damage":1,"enemies":"3 Louse","floor":12,"turns":4},{"damage":14,"enemies":"3 Sentries","floor":14,"turns":4},{"damage":7,"enemies":"2 Fungi Beasts","floor":15,"turns":3},{"damage":39,"enemies":"downfall:Defect","floor":16,"turns":9},{"damage":0,"enemies":"3 Byrds","floor":19,"turns":4},{"damage":0,"enemies":"Spheric Guardian","floor":20,"turns":4},{"damage":14,"enemies":"Snake Plant","floor":21,"turns":4},{"damage":29,"enemies":"Gremlin Leader","floor":25,"turns":6},{"damage":0,"enemies":"downfall:FleeingMerchant","floor":29,"turns":4},{"damage":0,"enemies":"Replay:Snechameleon","floor":30,"turns":9},{"damage":0,"enemies":"Snecko","floor":31,"turns":6},{"damage":6,"enemies":"Shelled Parasite and Fungi","floor":32,"turns":5},{"damage":17,"enemies":"downfall:Ironclad","floor":33,"turns":9},{"damage":0,"enemies":"3 Darklings","floor":36,"turns":4},{"damage":21,"enemies":"Orb Walker","floor":37,"turns":5},{"damage":19,"enemies":"Jaw Worm Horde","floor":39,"turns":4},{"damage":2,"enemies":"Transient","floor":41,"turns":10},{"damage":26,"enemies":"Reptomancer","floor":42,"turns":5},{"damage":0,"enemies":"Giant Head","floor":44,"turns":5},{"damage":13,"enemies":"Transient","floor":45,"turns":5},{"damage":0,"enemies":"Spire Growth","floor":47,"turns":5},{"damage":4,"enemies":"Sphere and 2 Shapes","floor":48,"turns":4},{"damage":0,"enemies":"Maw","floor":49,"turns":4},{"damage":0,"enemies":"downfall:Watcher","floor":50,"turns":4}],"seed_played":"-8486616167935388208","potions_obtained":[{"floor":5,"key":"SkillPotion"},{"floor":11,"key":"Guardian:AcceleratePotion"},{"floor":12,"key":"sneckomod:MuddlingPotion"},{"floor":19,"key":"Guardian:DefensiveModePotion"},{"floor":32,"key":"Dexterity Potion"},{"floor":42,"key":"Energy Potion"}],"is_trial":false,"path_per_floor":["R","M","?","?","M","$","T","?","?","R","M","M","R","E","M","B",null,"R","M","M","M","?","R","T","E","R","?","R","$","E","M","M","B",null,"R","M","M","?","M","R","MIM","E","?","E","M","?","M","M","M","B",null],"character_chosen":"GUARDIAN","items_purchased":["Guardian:DecasProtection","Guardian:Gem_White"],"campfire_rested":1,"item_purchase_floors":[6,29],"current_hp_per_floor":[80,74,74,74,74,74,74,74,74,74,72,71,71,57,50,11,80,90,90,90,76,79,79,79,50,50,50,77,77,85,93,96,79,96,96,96,75,85,66,66,64,38,30,30,40,40,40,36,36,36],"gold":289,"neow_bonus":"THREE_CARDS","is_daily":false,"chose_seed":false,"campfire_upgraded":7,"win_rate":0.0,"timestamp":1610409671,"path_taken":["R","M","?","?","M","$","T","?","?","R","M","M","R","E","M","BOSS","R","M","M","M","?","R","T","E","R","?","R","$","E","M","M","BOSS","R","M","M","?","M","R","MIM","E","?","E","?","?","M","M","M","BOSS"],"items_purchased_type":["Card","Card"],"build_version":"2020-12-22","purchased_purges":1,"victory":true,"max_hp_per_floor":[80,80,80,80,80,80,80,80,80,80,80,80,80,80,80,80,80,90,90,90,90,93,93,93,93,93,93,93,93,93,93,96,96,96,96,96,96,96,96,96,96,96,96,96,99,99,99,99,99,99],"card_choices":[{"not_picked":["Guardian:ChargeCore","Guardian:DecasProtection"],"picked":"Guardian:RollAttack","floor":0},{"not_picked":["Guardian:Gem_Purple","Guardian:RollAttack"],"picked":"Guardian:ChargeCore","floor":2},{"not_picked":["Guardian:Gem_Green","Guardian:PiercingHide"],"picked":"Guardian:Gem_White","floor":5},{"not_picked":["Guardian:Gem_Lightblue","Guardian:PrismaticBarrier"],"picked":"Guardian:Clone","floor":6},{"not_picked":["Guardian:Suspension","Guardian:Incinerate","Guardian:Gem_Fragmented"],"picked":"SKIP","floor":11},{"not_picked":["Guardian:Planning","Guardian:GemFire","Guardian:Reroute"],"picked":"SKIP","floor":12},{"not_picked":["Guardian:ArmoredProtocol","Guardian:PrismaticBarrier"],"picked":"Guardian:TimeBomb","floor":14},{"not_picked":["hubris:Insight+1","expansioncontent:YouAreMine+1"],"picked":"expansioncontent:Collect+1","floor":15},{"not_picked":["Guardian:Gem_Purple","Guardian:PrimingBeam"],"picked":"Guardian:Gem_Green","floor":15},{"not_picked":["Purity+1","expansioncontent:Torchfire+1"],"picked":"Finesse+1","floor":16},{"not_picked":["Guardian:ExploitGems","Guardian:BaubleBeam"],"picked":"Guardian:Gem_Orange","floor":16},{"not_picked":["expansioncontent:StudyTheSpire+1","Forethought+1"],"picked":"Crow Ritual+1","floor":19},{"not_picked":["Guardian:VentSteam","Guardian:TimeCapacitor"],"picked":"Guardian:SpikerProtocol+1","floor":19},{"not_picked":["Guardian:Gem_Green","Guardian:PiercingHide+1","Guardian:TemporalStrike+1"],"picked":"SKIP","floor":20},{"not_picked":["Guardian:Gem_Cyan","Guardian:TemporalShield+1"],"picked":"Guardian:Planning","floor":21},{"not_picked":["Guardian:ArmoredProtocol","Guardian:Emergency"],"picked":"Guardian:BronzeArmor","floor":25},{"not_picked":["Guardian:Reroute","Guardian:PrismaticBarrier","Guardian:TemporalStrike"],"picked":"SKIP","floor":29},{"not_picked":["Guardian:CrystalBeam+1","Guardian:Incinerate","Guardian:Harden"],"picked":"SKIP","floor":30},{"not_picked":["Guardian:Clone","Guardian:GuardianWhirl","Guardian:Incinerate"],"picked":"SKIP","floor":31},{"not_picked":["Guardian:CrystalBeam","Guardian:TemporalStrike","Guardian:ArmoredProtocol+1"],"picked":"SKIP","floor":32},{"not_picked":["Guardian:StasisField","Guardian:AncientConstruct"],"picked":"Guardian:TimeSifter","floor":33},{"not_picked":["Guardian:PiercingHide","Guardian:Gem_Green"],"picked":"Guardian:Preprogram","floor":36},{"not_picked":["Guardian:PiercingHide","Guardian:Gem_Green","Guardian:RollAttack"],"picked":"SKIP","floor":37},{"not_picked":["Guardian:Planning+1","Guardian:Repulse+1","Guardian:ArmoredProtocol"],"picked":"SKIP","floor":39},{"not_picked":["Guardian:RollAttack","Guardian:Emergency"],"picked":"Guardian:Gem_White","floor":41},{"not_picked":["Guardian:GatlingBeam","Guardian:Gem_Lightblue","Guardian:Gem_Crimson"],"picked":"SKIP","floor":42},{"not_picked":["Guardian:ShieldSpikes+1","Guardian:Incinerate","Guardian:TemporalStrike+1"],"picked":"SKIP","floor":44},{"not_picked":["Guardian:PrimingBeam","Guardian:Planning","Guardian:Clone"],"picked":"SKIP","floor":45},{"not_picked":["Guardian:PolyBeam","Guardian:MultiBeam+1","Guardian:Clone"],"picked":"SKIP","floor":47},{"not_picked":["Guardian:ArmoredProtocol+1","Guardian:Gem_Blue"],"picked":"Guardian:ShieldCharger+1","floor":48},{"not_picked":["Guardian:Gem_Cyan","Guardian:PiercingHide+1","Guardian:Gem_Purple"],"picked":"SKIP","floor":49}],"player_experience":204565,"relics_obtained":[{"floor":14,"key":"CCEMRelics:FestiveHat"},{"floor":24,"key":"Pen Nib"},{"floor":25,"key":"StuffTheSpire:Barrel"},{"floor":32,"key":"halation:EternalFortune"},{"floor":41,"key":"hubris:BundleOfHerbs"},{"floor":42,"key":"StuffTheSpire:Experiment12"},{"floor":44,"key":"Onion Ring"},{"floor":45,"key":"halation:EternalFortune"}],"event_choices":[{"cards_removed":["Guardian:Strike_Guardian"],"damage_healed":0,"gold_gain":0,"player_choice":"Card Removal","damage_taken":0,"max_hp_gain":0,"max_hp_loss":0,"event_name":"The Cleric","floor":3,"gold_loss":0},{"damage_healed":0,"gold_gain":0,"player_choice":"Leave","damage_taken":0,"max_hp_gain":0,"max_hp_loss":0,"event_name":"conspire:Investor","floor":46,"gold_loss":0}],"is_beta":false,"boss_relics":[{"not_picked":["aspiration:RitualDagger","Runic Pyramid"],"picked":"hubris:HollowSoul"},{"not_picked":["halation:CatFaceCupcake","CCEMRelics:TransientCore"],"picked":"halation:ForbiddenBikini"}],"items_purged_floors":[29],"is_endless":false,"potions_floor_spawned":[5,11,12,19,31,32,36,42,47,48,49],"ascension_level":0}}