{"host":"tnsigirk6wurdark","time":1610477708,"event":{"mods":["BaseMod","Colored Map","Colored Powertips","Highlight Path","Minty Spire (QoL Compilation)","Quick Restart","Relic Sorter","StSLib","Synergy Search"],"gold_per_floor":[109,109,59,73,73,101,101,120,120,155,330,10,10,10,10,88,88,102,117,127,52,52,52,87,106,106,123,151,170,198,198,198,275,275,285,297,347,14,14,14,49,61,61,61,88,113,27,27,27,27],"floor_reached":51,"playtime":3285,"items_purged":["Doubt","Strike_G"],"score":1425,"play_id":"fda9423e-8665-4605-92a9-dffd35edc0f8","local_time":"20210112185508","is_ascension_mode":true,"campfire_choices":[{"data":"A Thousand Cuts","floor":7.0,"key":"SMITH"},{"data":"Leg Sweep","floor":13,"key":"SMITH"},{"data":"Catalyst","floor":15,"key":"SMITH"},{"floor":23,"key":"REST"},{"floor":32,"key":"RECALL"},{"floor":40,"key":"REST"},{"floor":44,"key":"REST"},{"floor":49,"key":"REST"}],"circlet_count":0,"master_deck":["AscendersBane","Strike_G","Defend_G","Defend_G","Defend_G","Defend_G+1","Defend_G","Survivor+1","Neutralize","Poisoned Stab","Dodge and Roll","A Thousand Cuts+1","Catalyst+1","Leg Sweep+1","Poisoned Stab","Blade Dance","Bouncing Flask","Bouncing Flask","Catalyst+1","Tools of the Trade","Deflect","Deadly Poison","Cloak And Dagger+1","Backflip","Storm of Steel","Catalyst","Cloak And Dagger","Corpse Explosion","Finesse","Footwork","Corpse Explosion","Finesse","Infinite Blades","Underhanded Strike+1","Accuracy+1","Prepared+1","Catalyst","PiercingWail","Accuracy","Footwork","Deadly Poison","Backflip+1"],"relics":["Ring of the Snake","Orrery","Membership Card","The Courier","NeowsBlessing","Strawberry","Shuriken","War Paint","Paper Crane","Fusion Hammer","StrikeDummy","Akabeko","Omamori","Philosopher\u0027s Stone","WingedGreaves","Lizard Tail","Regal Pillow","Mercury Hourglass","Ornamental Fan","Incense Burner"],"acts_visited":["Exordium","TheCity","TheBeyond"],"potions_floor_usage":[10,16,20,24,24,25,27,33,37,37,46],"damage_taken":[{"damage":0.0,"enemies":"Jaw Worm","floor":1.0,"turns":1.0},{"damage":0.0,"enemies":"2 Louse","floor":4.0,"turns":1.0},{"damage":0.0,"enemies":"Gremlin Nob","floor":6.0,"turns":1.0},{"damage":1.0,"enemies":"Small Slimes","floor":8.0,"turns":6.0},{"damage":14,"enemies":"3 Sentries","floor":10,"turns":7},{"damage":13,"enemies":"Slime Boss","floor":16,"turns":10},{"damage":0,"enemies":"Chosen","floor":18,"turns":5},{"damage":2,"enemies":"Spheric Guardian","floor":19,"turns":6},{"damage":0,"enemies":"Snecko","floor":20,"turns":5},{"damage":8,"enemies":"Book of Stabbing","floor":24,"turns":4},{"damage":0,"enemies":"Snake Plant","floor":25,"turns":2},{"damage":3,"enemies":"Centurion and Healer","floor":27,"turns":6},{"damage":35,"enemies":"Slavers","floor":28,"turns":7},{"damage":0,"enemies":"Shelled Parasite and Fungi","floor":29,"turns":4},{"damage":20,"enemies":"Book of Stabbing","floor":30,"turns":5},{"damage":42,"enemies":"Automaton","floor":33,"turns":9},{"damage":0,"enemies":"3 Shapes","floor":35,"turns":5},{"damage":1,"enemies":"Orb Walker","floor":36,"turns":3},{"damage":52,"enemies":"2 Orb Walkers","floor":37,"turns":6},{"damage":32,"enemies":"Reptomancer","floor":41,"turns":6},{"damage":18,"enemies":"Jaw Worm Horde","floor":42,"turns":3},{"damage":0,"enemies":"Giant Head","floor":45,"turns":5},{"damage":0,"enemies":"Mind Bloom Boss Battle","floor":46,"turns":2},{"damage":18,"enemies":"Donu and Deca","floor":50,"turns":8}],"seed_played":"-7873734455052842576","potions_obtained":[{"floor":1.0,"key":"EntropicBrew"},{"floor":10,"key":"LiquidMemories"},{"floor":16,"key":"GamblersBrew"},{"floor":19,"key":"EssenceOfSteel"},{"floor":20,"key":"CunningPotion"},{"floor":24,"key":"SkillPotion"},{"floor":25,"key":"SneckoOil"},{"floor":30,"key":"Explosive Potion"},{"floor":33,"key":"PowerPotion"},{"floor":35,"key":"Regen Potion"},{"floor":41,"key":"LiquidMemories"},{"floor":46,"key":"Strength Potion"}],"is_trial":false,"path_per_floor":["M","?","?","M","?","E","R","M","T","E","?","$","R","$","R","B",null,"M","M","M","?","?","R","E","M","T","M","E","M","E","?","R","B",null,"M","M","?","$","?","R","E","M","T","R","E","?","$","?","R","B",null],"character_chosen":"THE_SILENT","items_purchased":["Membership Card","Poisoned Stab","Strawberry","Finesse","Footwork","Lizard Tail","Corpse Explosion","Finesse","Infinite Blades","Catalyst","Orrery"],"campfire_rested":4,"item_purchase_floors":[12,12,12,38,38,38,38,38,38,47,47],"current_hp_per_floor":[59,59,59,59,59,59,59,58,58,44,44,51,51,51,51,38,64,64,62,62,62,62,73,65,65,65,62,27,27,7,83,83,41,73,73,72,35,35,73,73,41,23,23,59,59,59,59,59,73,55],"gold":27,"neow_bonus":"THREE_ENEMY_KILL","is_daily":false,"chose_seed":false,"campfire_upgraded":3,"win_rate":0.0,"timestamp":1610477708,"path_taken":["M","?","?","M","?","E","R","M","T","E","?","$","R","$","R","BOSS","M","M","M","?","?","R","E","?","T","M","E","M","E","?","R","BOSS","M","M","?","$","?","R","E","M","T","R","E","?","?","?","R","BOSS"],"items_purchased_type":["Relic","Card","Relic","Card","Card","Relic","Card","Card","Card","Card","Relic"],"build_version":"2020-12-22","purchased_purges":2,"victory":true,"max_hp_per_floor":[66,66,66,66,66,66,66,66,66,66,66,73,73,73,73,73,73,73,73,73,73,73,73,73,73,73,73,73,73,73,83,83,83,83,83,83,83,83,73,73,73,73,73,73,73,73,73,73,73,73],"card_choices":[{"not_picked":["Flechettes","Outmaneuver"],"picked":"Poisoned Stab","floor":1.0},{"not_picked":["Predator","PiercingWail"],"picked":"Dodge and Roll","floor":4.0},{"not_picked":["Sucker Punch","Dodge and Roll"],"picked":"Catalyst","floor":6.0},{"not_picked":["Glass Knife","Outmaneuver"],"picked":"Slice","floor":8.0},{"not_picked":["Infinite Blades","Well Laid Plans"],"picked":"Leg Sweep","floor":10},{"not_picked":["Venomology","Grand Finale"],"picked":"A Thousand Cuts","floor":16},{"not_picked":["Dodge and Roll","Poisoned Stab"],"picked":"Blade Dance","floor":18},{"not_picked":["Tactician+1","Dagger Throw"],"picked":"Bouncing Flask","floor":19},{"not_picked":["Underhanded Strike+1","Dodge and Roll"],"picked":"Bouncing Flask","floor":20},{"not_picked":["Bane","Reflex"],"picked":"Tools of the Trade","floor":24},{"not_picked":["Prepared","Predator"],"picked":"Deflect","floor":25},{"not_picked":["Predator","Prepared"],"picked":"Deadly Poison","floor":27},{"not_picked":["Dodge and Roll","Tactician"],"picked":"Cloak And Dagger+1","floor":28},{"not_picked":["Dodge and Roll","Choke","Outmaneuver"],"picked":"SKIP","floor":29},{"not_picked":["Slice","Underhanded Strike"],"picked":"Backflip","floor":30},{"not_picked":["Doppelganger","Malaise"],"picked":"Storm of Steel","floor":33},{"not_picked":["Expertise","Deflect"],"picked":"Catalyst","floor":35},{"not_picked":["Reflex","Dagger Spray"],"picked":"Cloak And Dagger","floor":36},{"not_picked":["Underhanded Strike","Poisoned Stab"],"picked":"Corpse Explosion","floor":37},{"not_picked":["Concentrate+1","All Out Attack"],"picked":"Underhanded Strike+1","floor":41},{"not_picked":["Backflip","Predator"],"picked":"Accuracy+1","floor":42},{"not_picked":["Quick Slash+1","Setup","Masterful Stab+1"],"picked":"SKIP","floor":45},{"not_picked":["Cloak And Dagger","Dodge and Roll+1"],"picked":"Prepared+1","floor":46},{"not_picked":["Concentrate","Noxious Fumes"],"picked":"PiercingWail","floor":47},{"not_picked":["Predator","Bullet Time"],"picked":"Accuracy","floor":47},{"not_picked":["PiercingWail","Dagger Spray+1"],"picked":"Footwork","floor":47},{"not_picked":["Bane","Envenom"],"picked":"Deadly Poison","floor":47},{"not_picked":["Acrobatics","Poisoned Stab"],"picked":"Backflip+1","floor":47}],"player_experience":686277,"relics_obtained":[{"floor":6.0,"key":"Shuriken"},{"floor":9.0,"key":"War Paint"},{"floor":10,"key":"Paper Crane"},{"floor":24,"key":"StrikeDummy"},{"floor":26,"key":"The Courier"},{"floor":28,"key":"Akabeko"},{"floor":30,"key":"Omamori"},{"floor":37,"key":"WingedGreaves"},{"floor":41,"key":"Regal Pillow"},{"floor":43,"key":"Mercury Hourglass"},{"floor":45,"key":"Ornamental Fan"},{"floor":46,"key":"Incense Burner"}],"event_choices":[{"damage_healed":0.0,"max_hp_gain":0.0,"max_hp_loss":0.0,"gold_gain":0.0,"event_name":"Shining Light","player_choice":"Ignored","floor":2.0,"gold_loss":0.0,"damage_taken":0.0},{"cards_removed":["Strike_G"],"damage_healed":0.0,"max_hp_gain":0.0,"max_hp_loss":0.0,"gold_gain":0.0,"event_name":"The Cleric","player_choice":"Card Removal","floor":3.0,"gold_loss":50.0,"damage_taken":0.0},{"damage_healed":0.0,"max_hp_gain":0.0,"max_hp_loss":0.0,"gold_gain":0.0,"cards_transformed":["Strike_G"],"event_name":"Living Wall","player_choice":"Change","floor":5.0,"gold_loss":0.0,"damage_taken":0.0,"cards_obtained":["A Thousand Cuts"]},{"damage_healed":0,"gold_gain":175,"player_choice":"AGREE","damage_taken":0,"max_hp_gain":0,"max_hp_loss":0,"event_name":"Liars Game","floor":11,"gold_loss":0,"cards_obtained":["Doubt"]},{"cards_removed":["Strike_G"],"damage_healed":0,"gold_gain":0,"player_choice":"Gave Gold","damage_taken":0,"max_hp_gain":0,"max_hp_loss":0,"event_name":"Beggar","floor":21,"gold_loss":75},{"damage_healed":0,"gold_gain":0,"player_choice":"Copied","damage_taken":0,"max_hp_gain":0,"max_hp_loss":0,"event_name":"Duplicator","floor":22,"gold_loss":0,"cards_obtained":["Catalyst"]},{"cards_removed":["A Thousand Cuts"],"damage_healed":66,"gold_gain":0,"player_choice":"Offered Rare","damage_taken":0,"max_hp_gain":10,"max_hp_loss":0,"event_name":"Bonfire Elementals","floor":31,"gold_loss":0},{"damage_healed":0,"gold_gain":0,"player_choice":"Fight","damage_taken":0,"max_hp_gain":0,"max_hp_loss":0,"event_name":"Mysterious Sphere","floor":37,"gold_loss":0},{"damage_healed":73,"gold_gain":0,"player_choice":"Heal","damage_taken":0,"max_hp_gain":0,"max_hp_loss":10,"event_name":"The Moai Head","floor":39,"gold_loss":0},{"damage_healed":0,"gold_gain":0,"player_choice":"Fight","damage_taken":0,"max_hp_gain":0,"max_hp_loss":0,"event_name":"MindBloom","floor":46,"gold_loss":0},{"cards_removed":["Slice"],"damage_healed":0,"gold_gain":0,"player_choice":"Removed Attack","damage_taken":0,"max_hp_gain":0,"max_hp_loss":0,"event_name":"Falling","floor":48,"gold_loss":0}],"is_beta":false,"boss_relics":[{"not_picked":["SacredBark","Coffee Dripper"],"picked":"Fusion Hammer"},{"not_picked":["HoveringKite","Busted Crown"],"picked":"Philosopher\u0027s Stone"}],"items_purged_floors":[12,38],"is_endless":false,"potions_floor_spawned":[1,10,16,19,20,24,25,30,33,35,41,46],"ascension_level":14}}