{"host":"2sr8q4b3ioepghas","time":1610411364,"event":{"mods":["BaseMod","Bestiary","Colored Map","Curses Come First","FTL Soundtrack","Minty Spire (QoL Compilation)","Permanent Neow","Quick Restart","Rare Cards Sparkle","StSLib","UnlockEverythingMod"],"gold_per_floor":[110,110,128,203,215,248,248,274,274,66,66,66,78,104,104,205,205,245,262,0,0,0],"floor_reached":21,"playtime":992,"items_purged":["Strike_P","Strike_P"],"score":419,"play_id":"9f148e9a-4c78-4fcf-b752-167f4f789e3e","local_time":"20210112102924","is_ascension_mode":true,"campfire_choices":[{"floor":7,"key":"REST"},{"floor":11,"key":"REST"},{"floor":15,"key":"REST"}],"circlet_count":0,"master_deck":["AscendersBane","Strike_P","Strike_P","Defend_P","Defend_P","Defend_P","Defend_P","Eruption","Vigilance","Consecrate","Adaptation","EmptyFist","WheelKick","FlyingSleeves","Indignation","Wish","CarveReality","Vault","Protect","EmptyBody","LessonLearned"],"relics":["PureWater","Mango","Dream Catcher","StrikeDummy","Regal Pillow","Singing Bowl","Dead Branch","Velvet Choker"],"acts_visited":["Exordium","TheCity"],"potions_floor_usage":[6,8,13,16],"damage_taken":[{"damage":10,"enemies":"Small Slimes","floor":1,"turns":4},{"damage":1,"enemies":"2 Louse","floor":3,"turns":3},{"damage":0,"enemies":"Jaw Worm","floor":5,"turns":3},{"damage":31,"enemies":"Lagavulin","floor":6,"turns":8},{"damage":25,"enemies":"3 Sentries","floor":8,"turns":7},{"damage":6,"enemies":"Gremlin Gang","floor":13,"turns":2},{"damage":11,"enemies":"Lagavulin","floor":14,"turns":6},{"damage":57,"enemies":"The Guardian","floor":16,"turns":12},{"damage":59,"enemies":"3 Byrds","floor":18,"turns":6},{"damage":1,"enemies":"Chosen","floor":19,"turns":5},{"damage":13,"enemies":"Snake Plant","floor":21,"turns":4}],"seed_played":"2327693325564712046","potions_obtained":[{"floor":1,"key":"DuplicationPotion"},{"floor":6,"key":"AttackPotion"},{"floor":8,"key":"ColorlessPotion"},{"floor":19,"key":"GamblersBrew"}],"is_trial":false,"path_per_floor":["M","?","M","?","M","E","R","E","T","$","R","?","M","E","R","B",null,"M","M","$","M"],"character_chosen":"WATCHER","items_purchased":["Indignation","Block Potion","LessonLearned"],"campfire_rested":3,"item_purchase_floors":[10,10,20],"current_hp_per_floor":[47,52,51,40,40,9,35,10,10,10,51,46,40,31,72,15,71,12,11,11,0,0],"gold":0,"neow_bonus":"ONE_RARE_RELIC","is_daily":false,"chose_seed":false,"campfire_upgraded":0,"win_rate":0.0,"timestamp":1610411364,"path_taken":["M","?","M","?","M","E","R","E","T","$","R","?","?","E","R","BOSS","M","?","$","?"],"items_purchased_type":["Card","Potion","Card"],"build_version":"2020-12-22","purchased_purges":2,"victory":false,"max_hp_per_floor":[82,87,87,87,87,87,87,87,87,87,87,87,87,89,89,89,89,89,89,89,89,89],"card_choices":[{"not_picked":["Evaluate","FlyingSleeves"],"picked":"Consecrate","floor":1},{"not_picked":["Study","FollowUp"],"picked":"Adaptation","floor":3},{"not_picked":["Sanctity","JustLucky"],"picked":"EmptyFist","floor":5},{"not_picked":["Consecrate","Prostrate","EmptyBody"],"picked":"SKIP","floor":6},{"not_picked":["Protect","WaveOfTheHand"],"picked":"WheelKick","floor":7},{"not_picked":["Swivel","CutThroughFate"],"picked":"FlyingSleeves","floor":8},{"not_picked":["Halt","WaveOfTheHand"],"picked":"Wish","floor":13},{"not_picked":["Nirvana","FlurryOfBlows","JustLucky"],"picked":"Singing Bowl","floor":14},{"not_picked":["Consecrate","SashWhip"],"picked":"CarveReality","floor":15},{"not_picked":["Establishment","Scrawl"],"picked":"Vault","floor":16},{"not_picked":["Nirvana","CrushJoints"],"picked":"Protect","floor":18},{"not_picked":["SandsOfTime","PathToVictory"],"picked":"EmptyBody","floor":19}],"player_experience":47761,"relics_obtained":[{"floor":6,"key":"Dream Catcher"},{"floor":8,"key":"StrikeDummy"},{"floor":9,"key":"Regal Pillow"},{"floor":14,"key":"Dead Branch"}],"event_choices":[{"damage_healed":0,"gold_gain":0,"player_choice":"Donut","damage_taken":0,"max_hp_gain":5,"max_hp_loss":0,"event_name":"Big Fish","floor":2,"gold_loss":0},{"damage_healed":0,"gold_gain":75,"player_choice":"Gather Gold","damage_taken":11,"max_hp_gain":0,"max_hp_loss":0,"event_name":"World of Goop","floor":4,"gold_loss":0},{"damage_healed":0,"gold_gain":0,"player_choice":"Success","damage_taken":5,"relics_obtained":["Singing Bowl"],"max_hp_gain":0,"max_hp_loss":0,"event_name":"Scrap Ooze","floor":12,"gold_loss":0}],"is_beta":false,"boss_relics":[{"not_picked":["VioletLotus","Busted Crown"],"picked":"Velvet Choker"}],"items_purged_floors":[10,20],"is_endless":false,"potions_floor_spawned":[1,6,8,19],"killed_by":"Snake Plant","ascension_level":20}}