{"host":"k67zwea37tbl4jhz","time":1610448513,"event":{"mods":["AchievementEnabler","Aspiration","Bard","BaseMod","Better Altar","Better Match","Better Sensory Stone","Better Skull","Better Third Choice","BetterRewards","CCEM","Clawfect","Colored Map","Conspire","Downfall","GifTheSpireLib","Googly Eyes","Halation","Highlight Path","Mimic Mod","Minty Spire (QoL Compilation)","Permanent Neow","Replay The Spire","Shop Mod","Spicy Shops","StSLib","Stuff the Spire","The Runesmith","Unceasing Turn Reminder","everything is the same but u backflip on backflip"],"gold_per_floor":[99,117,117,132,10,10,33,53,66,91,107,107,126,111,125,226,226,151,164,218,231,231,231,231,247,262,282,282,302,302,138,149,149,149,149],"floor_reached":33,"playtime":2719,"items_purged":[],"score":253,"play_id":"ccec7fc1-4fdc-453c-be95-7db02e1427ab","local_time":"20210112054833","is_ascension_mode":false,"campfire_choices":[{"data":"champ:Strike","floor":1,"key":"PURGE"},{"floor":12,"key":"RECALL"},{"data":"RitualDagger","floor":28,"key":"SMITH"}],"circlet_count":0,"master_deck":["champ:Strike","champ:Strike","champ:Strike","champ:Defend","champ:Defend+2","champ:Defend","champ:Execute+1","champ:Taunt+1","champ:IronFortress+1","hexamod:SixthSeal","champ:Duel+1","champ:ShieldWall+1","champ:StanceDance+1","champ:ShieldThrow+1","champ:BringItOn+1","champ:SkillfulDodge+1","RitualDagger+1","champ:DefensiveShout+1"],"relics":["champ:ChampionCrown","Replay:Mystery Machine","champ:FightingForDummies","Potion Belt","conspire:SpecialSausage","downfall:HeartBlessingRed","CCEMRelics:PorcelainBowl","Simple Rune","HandDrill"],"acts_visited":["Exordium","TheCity"],"potions_floor_usage":[10],"damage_taken":[{"damage":6,"enemies":"Cultist","floor":2,"turns":3},{"damage":5,"enemies":"Jaw Worm","floor":4,"turns":4},{"damage":5,"enemies":"downfall:FleeingMerchant","floor":5,"turns":4},{"damage":0,"enemies":"Small Slimes","floor":8,"turns":4},{"damage":5,"enemies":"Blue Slaver","floor":9,"turns":5},{"damage":22,"enemies":"3 Sentries","floor":10,"turns":8},{"damage":10,"enemies":"Large Slime","floor":11,"turns":7},{"damage":0,"enemies":"conspire:2 RoseBushes","floor":13,"turns":6},{"damage":0,"enemies":"downfall:FleeingMerchant","floor":14,"turns":4},{"damage":14,"enemies":"Exordium Thugs","floor":15,"turns":7},{"damage":28,"enemies":"downfall:Watcher","floor":16,"turns":11},{"damage":11,"enemies":"Spheric Guardian","floor":19,"turns":7},{"damage":0,"enemies":"Snecko","floor":21,"turns":4},{"damage":0,"enemies":"Snake Plant","floor":25,"turns":5},{"damage":10,"enemies":"Centurion and Healer","floor":26,"turns":8},{"damage":9,"enemies":"3 Cultists","floor":27,"turns":9},{"damage":0,"enemies":"conspire:HollyBat","floor":29,"turns":6},{"damage":5,"enemies":"downfall:FleeingMerchant","floor":31,"turns":4},{"damage":5,"enemies":"Cultist and Chosen","floor":32,"turns":8},{"damage":48,"enemies":"downfall:Ironclad","floor":33,"turns":9}],"seed_played":"-8609541900578716148","potions_obtained":[{"floor":8,"key":"Slimebound:ThreeZeroPotion"},{"floor":10,"key":"Regen Potion"},{"floor":11,"key":"ColorlessPotion"},{"floor":16,"key":"Languid Potion"},{"floor":19,"key":"LiquidBronze"},{"floor":20,"key":"Regen Potion"},{"floor":29,"key":"LiquidMemories"},{"floor":32,"key":"Elixir"}],"is_trial":false,"path_per_floor":["R_BF","M","?","M","$","?","T","M","M","E","M","R","M","$","M","B",null,"R_BF","M","?","M","?","?","T","M","M","M","R","M","?","$","M","B"],"character_chosen":"THE_CHAMP","items_purchased":["champ:IronFortress","HandDrill"],"campfire_rested":0,"item_purchase_floors":[5,31],"current_hp_per_floor":[90,89,90,90,90,90,90,90,90,86,86,86,86,86,72,64,90,90,79,57,57,51,51,51,51,51,47,47,47,47,47,47,0,0,0],"gold":149,"neow_bonus":"RANDOM_COMMON_RELIC","is_daily":false,"chose_seed":false,"campfire_upgraded":1,"win_rate":0.0,"timestamp":1610448513,"path_taken":["R_BF","M","?","?","$","?","T","M","?","E","M","R","?","?","M","BOSS","R_BF","M","?","M","?","?","T","M","M","M","R","?","?","?","M","BOSS"],"items_purchased_type":["Card","Relic"],"build_version":"2020-12-22","purchased_purges":0,"victory":false,"max_hp_per_floor":[90,90,90,90,90,90,90,90,90,90,90,90,90,90,90,90,90,90,90,90,90,90,90,90,90,90,90,90,90,90,90,90,90,90,90],"card_choices":[{"not_picked":["champ:BerserkersShout","champ:HeartStrike"],"picked":"champ:ArenaPreparation","floor":2},{"not_picked":["champ:EndlessRage","champ:ArenaPreparation","champ:Encircle"],"picked":"SKIP","floor":4},{"not_picked":["champ:CrookedStrike","champ:ShieldSigil","champ:ArenaPreparation"],"picked":"SKIP","floor":5},{"not_picked":["champ:FanOfKnives","champ:EndlessRage","champ:RageSigil"],"picked":"SKIP","floor":8},{"not_picked":["champ:RageSigil","champ:Haymaker"],"picked":"champ:Duel","floor":9},{"not_picked":["champ:FanOfKnives","champ:Backstep","champ:SteelEdge"],"picked":"SKIP","floor":10},{"not_picked":["champ:CrookedStrike","champ:FanOfKnives"],"picked":"champ:ShieldWall","floor":11},{"not_picked":["champ:SkillfulDodge","champ:GutPunch","champ:RageSigil"],"picked":"SKIP","floor":13},{"not_picked":["champ:FocusedBerserking","champ:EnragedBash","champ:Backstep"],"picked":"SKIP","floor":14},{"not_picked":["champ:Lariat","champ:DefensiveShout"],"picked":"champ:StanceDance","floor":15},{"not_picked":["champ:ShieldSlam","champ:CrownThrow"],"picked":"champ:ShieldThrow","floor":16},{"not_picked":["champ:IronFortress","champ:FocusedGladiator","champ:FocusedDefense+1"],"picked":"SKIP","floor":19},{"not_picked":["champ:EnGarde","champ:FanOfKnives"],"picked":"champ:BringItOn+1","floor":20},{"not_picked":["champ:ShieldWall","champ:AdrenalArmor"],"picked":"champ:SkillfulDodge","floor":21},{"not_picked":["champ:GutPunch+1","champ:RecklessLeap+1","champ:DeathBlow"],"picked":"SKIP","floor":25},{"not_picked":["champ:EnragedBash","champ:Aggression","champ:EnGarde"],"picked":"SKIP","floor":26},{"not_picked":["champ:ShieldSigil","champ:CrookedStrike","champ:VampiricStrike"],"picked":"SKIP","floor":27},{"not_picked":["champ:FanOfKnives","champ:CalledShot+1"],"picked":"champ:DefensiveShout+1","floor":29},{"not_picked":["champ:CrookedStrike+1","champ:StanceDance","champ:ShieldSigil"],"picked":"SKIP","floor":31},{"not_picked":["champ:FlashCut+1","champ:EndlessRage","champ:StanceDance+1"],"picked":"SKIP","floor":32}],"player_experience":218666,"relics_obtained":[{"floor":7,"key":"champ:FightingForDummies"},{"floor":10,"key":"Potion Belt"},{"floor":20,"key":"CCEMRelics:PorcelainBowl"},{"floor":24,"key":"Simple Rune"}],"event_choices":[{"cards_removed":["champ:ArenaPreparation"],"damage_healed":1,"gold_gain":0,"player_choice":"Offered Uncommon","damage_taken":0,"max_hp_gain":0,"max_hp_loss":0,"event_name":"Bonfire Elementals","floor":3,"gold_loss":0},{"cards_removed":["champ:Defend"],"damage_healed":0,"gold_gain":0,"player_choice":"Took Card","damage_taken":0,"max_hp_gain":0,"max_hp_loss":0,"event_name":"NoteForYourself","floor":6,"gold_loss":0,"cards_obtained":["hexamod:SixthSeal"]},{"damage_healed":0,"gold_gain":0,"player_choice":"Upgraded","damage_taken":0,"max_hp_gain":0,"max_hp_loss":0,"event_name":"Upgrade Shrine","floor":30,"gold_loss":0,"cards_upgraded":["champ:Duel"]}],"is_beta":false,"boss_relics":[{"not_picked":["aspiration:BardSkillbook","halation:CatFaceCupcake"],"picked":"conspire:SpecialSausage"}],"items_purged_floors":[],"is_endless":false,"potions_floor_spawned":[8,10,11,16,19,21,29,32],"killed_by":"downfall:Ironclad","ascension_level":0}}