{"host":"68ypu360vyldwzrz","time":1610420411,"event":{"mods":["Act Like it!","BaseMod","Better Note","Better Third Choice","Better Vampires","BetterRewards","CapriCore","Downfall","Friendly Minions","GifTheSpireLib","Hermit","Hubris","Jorbs\u0027s Wanderer Trilogy","Luminous","Marisa????????","Minty Spire (QoL Compilation)","Quick Restart","Rare Cards Sparkle","Relic Stats","Remilia??????","Shade Mod","Shop Mod","StSLib","Td1madao Mod","The Administrix","The Alterego","The Cursed","The Hierophant","The Immortal","The Necromancer","The Senshi","The Servant 0.9.4","TheVacant","Wandering Minibosses"],"gold_per_floor":[114,114,114,178,178,207,217,229,229,229,229,229,243,262,262,362,362,382,392,392,392,66,97,97,108,108,108,108,125,143,143,143,248,248,266,384,384,237,254,254,31,46,46,46,57,57,57,70,70,70,70,70,36,63,63,63],"floor_reached":55,"playtime":4673,"items_purged":[],"score":887,"play_id":"007c5e46-44e8-41f9-92e0-ceb71015703b","local_time":"20210111210011","is_ascension_mode":false,"campfire_choices":[{"floor":12.0,"key":"REST"},{"data":"Summon_Death_Knight","floor":15.0,"key":"SMITH"},{"floor":24.0,"key":"REST"},{"data":"Summon_Undead_Army","floor":28.0,"key":"SMITH"},{"floor":32.0,"key":"REST"},{"floor":40.0,"key":"RECALL"},{"floor":47.0,"key":"REST"},{"floor":49.0,"key":"REST"},{"data":"Summon_Death_Knight","floor":52.0,"key":"SMITH"}],"circlet_count":0,"master_deck":["Strike_W","Strike_W","Strike_W","Strike_W","Defend_W","Defend_W","Defend_W","Defend_W","Negative_Energy_Arrows+1","Bone_Wall+1","Negative_Energy_Javelin","Negative_Energy_Shield","Death_Knell","Spectral_Walk","Negative_Energy_Sphere","Summon_Undead","Toxic_Smoke_Screen","Summon_Death_Knight+1","Hellfire+1","Toxic_Smoke_Screen","Spectral_Walk","Negative_Energy_Arrows","Summon_Undead_Army+1","Negative_Energy_Sphere","Bone_Armor","Toxic_Smoke_Screen","Shackles_Of_Pain+1","Cloudkill","Negative_Energy_Javelin+1","Deaths_Shadow","Uncharnel","Summon_Undead_Army","Bone_Shift+1","Summon_Death_Knight+1","Consume_Illness+1","Negative_Energy_Sphere","Hellfire","Plague_Bolt","Acid_Javelin+1"],"relics":["Vampire_Amulet","Matryoshka","hubris:TinFlute","hubris:Icosahedron","Bag of Preparation","Omamori","hubris:ScarierMask","Bronze Scales","hubris:EmptyBottle","theSenshi:SailorFukuRelic","hubris:DeckOfHolding","Mummified Hand","Necronomicon","Runic Pyramid","Orichalcum","hubris:SphereOfDissonance","InkBottle"],"acts_visited":["Exordium","TheCity","TheBeyond","TheEnding"],"potions_floor_usage":[],"damage_taken":[{"damage":0.0,"enemies":"Jaw Worm","floor":1.0,"turns":4.0},{"damage":26.0,"enemies":"Lagavulin","floor":6.0,"turns":11.0},{"damage":3.0,"enemies":"Small Slimes","floor":7.0,"turns":4.0},{"damage":0.0,"enemies":"2 Louse","floor":8.0,"turns":2.0},{"damage":4.0,"enemies":"2 Fungi Beasts","floor":13.0,"turns":4.0},{"damage":7.0,"enemies":"Exordium Wildlife","floor":14.0,"turns":5.0},{"damage":19.0,"enemies":"Slime Boss","floor":16.0,"turns":13.0},{"damage":27.0,"enemies":"Chosen","floor":18.0,"turns":6.0},{"damage":0.0,"enemies":"2 Thieves","floor":19.0,"turns":3.0},{"damage":38.0,"enemies":"Slavers","floor":23.0,"turns":6.0},{"damage":9.0,"enemies":"Chosen and Byrds","floor":25.0,"turns":4.0},{"damage":0.0,"enemies":"Sentry and Sphere","floor":29.0,"turns":2.0},{"damage":0.0,"enemies":"Snake Plant","floor":30.0,"turns":3.0},{"damage":25.0,"enemies":"Collector","floor":33.0,"turns":10.0},{"damage":13.0,"enemies":"Orb Walker","floor":35.0,"turns":5.0},{"damage":34.0,"enemies":"3 Darklings","floor":36.0,"turns":8.0},{"damage":0.0,"enemies":"Sphere and 2 Shapes","floor":39.0,"turns":2.0},{"damage":13.0,"enemies":"Transient","floor":42.0,"turns":5.0},{"damage":0.0,"enemies":"3 Darklings","floor":45.0,"turns":2.0},{"damage":7.0,"enemies":"Writhing Mass","floor":48.0,"turns":3.0},{"damage":57.0,"enemies":"Awakened One","floor":50.0,"turns":9.0},{"damage":2.0,"enemies":"Shield and Spear","floor":54.0,"turns":4.0},{"damage":79,"enemies":"The Heart","floor":55,"turns":6}],"seed_played":"2980403272745332660","potions_obtained":[{"floor":6.0,"key":"Explosive Potion"},{"floor":7.0,"key":"AttackPotion"},{"floor":14.0,"key":"SpeedPotion"},{"floor":19.0,"key":"SkillPotion"},{"floor":25.0,"key":"ColorlessPotion"},{"floor":29.0,"key":"sneckomod:MuddlingPotion"},{"floor":33.0,"key":"Block Potion"},{"floor":36.0,"key":"Energy Potion"},{"floor":39.0,"key":"SneckoOil"},{"floor":44.0,"key":"Slimebound:ThreeZeroPotion"},{"floor":44.0,"key":"Energy Potion"},{"floor":45.0,"key":"Slimebound:ThreeZeroPotion"}],"is_trial":false,"path_per_floor":["M","?","?","?","?","E","M","M","T","?","?","R","M","M","R","B",null,"M","M","?","?","$","E","R","M","T","?","R","M","M","?","R","B",null,"M","M","?","$","M","R","$","M","T","?","M","?","R","M","R","B",null,"R","$","E","B"],"character_chosen":"NECROMANCER","items_purchased":["Negative_Energy_Javelin","Negative_Energy_Shield","Bronze Scales","hubris:EmptyBottle","Summon_Undead_Army","Uncharnel","Summon_Undead_Army","Orichalcum","Summon_Death_Knight","Plague_Bolt"],"campfire_rested":5,"item_purchase_floors":[0,0,22,22,22,38,38,41,41,53],"current_hp_per_floor":[75,60,38,38,38,14,15,19,19,19,19,41,41,38,38,27,75,59,61,61,61,61,27,49,42,42,75,75,75,75,59,75,60,75,64,44,44,44,48,48,48,37,37,37,39,39,61,56,75,24,75,75,75,75,0,0],"gold":63,"neow_bonus":"","is_daily":false,"chose_seed":false,"campfire_upgraded":3,"win_rate":0.0,"timestamp":1610420411,"path_taken":["M","?","?","?","?","E","M","M","T","?","?","R","M","M","R","BOSS","M","M","?","?","$","E","R","M","T","?","R","M","?","?","R","BOSS","M","M","?","$","M","R","$","M","T","?","?","?","R","M","R","BOSS","R","$","E","BOSS"],"items_purchased_type":["Card","Card","Relic","Relic","Card","Card","Card","Relic","Card","Card"],"build_version":"2020-12-22","purchased_purges":0,"victory":false,"max_hp_per_floor":[75,75,75,75,75,75,75,75,75,75,75,75,75,75,75,75,75,75,75,75,75,75,75,75,75,75,75,75,75,75,75,75,75,75,75,75,75,75,75,75,75,75,75,75,75,75,75,75,75,75,75,75,75,75,75,75],"relic_stats":{"counters":[35,177],"Mummified Hand":[18],"Bronze Scales":[269],"Bag of Preparation":[42],"Necronomicon":[15],"Orichalcum":[78],"obtain_stats":[{"hubris:SphereOfDissonance":43,"hubris:MedicalManual":8,"Bag of Preparation":6,"Omamori":9,"hubris:MysteriousPyramids":6,"hubris:EmptyBottle":22,"Orichalcum":41,"Matryoshka":3,"hubris:Icosahedron":5,"Mummified Hand":26,"Bronze Scales":22,"hubris:ScarierMask":17,"hubris:DeckOfHolding":26,"Vampire_Amulet":0,"Necronomicon":31,"theSenshi:SailorFukuRelic":23,"hubris:TinFlute":3,"InkBottle":54,"Runic Pyramid":34},{"hubris:SphereOfDissonance":30,"hubris:MedicalManual":7,"Bag of Preparation":14,"Omamori":16,"hubris:MysteriousPyramids":5,"hubris:EmptyBottle":21,"Orichalcum":29,"Matryoshka":13,"hubris:Icosahedron":13,"Mummified Hand":23,"Bronze Scales":21,"hubris:ScarierMask":19,"hubris:DeckOfHolding":23,"Vampire_Amulet":0,"Necronomicon":25,"theSenshi:SailorFukuRelic":22,"hubris:TinFlute":13,"InkBottle":34,"Runic Pyramid":26},{"hubris:SphereOfDissonance":153,"hubris:MedicalManual":30,"Bag of Preparation":71,"Omamori":77,"hubris:MysteriousPyramids":21,"hubris:EmptyBottle":108,"Orichalcum":148,"Matryoshka":60,"hubris:Icosahedron":60,"Mummified Hand":118,"Bronze Scales":108,"hubris:ScarierMask":99,"hubris:DeckOfHolding":118,"Vampire_Amulet":0,"Necronomicon":123,"theSenshi:SailorFukuRelic":114,"hubris:TinFlute":60,"InkBottle":171,"Runic Pyramid":133}],"InkBottle":[1]},"card_choices":[{"not_picked":["Bones_to_Steel","Chill_Blood"],"picked":"Death_Knell","floor":1.0},{"not_picked":["Whirlwind_of_Bones","Negative_Energy_Sphere"],"picked":"Spectral_Walk","floor":6.0},{"not_picked":["Blood_Curse","Negative_Energy_Mist"],"picked":"Negative_Energy_Sphere","floor":7.0},{"not_picked":["Bones_to_Steel","Vampiric_Strike"],"picked":"Summon_Undead","floor":8.0},{"not_picked":["Toxic_Smoke_Screen","Scare"],"picked":"Summon_Death_Knight","floor":13.0},{"not_picked":["Bone_Shift","Bones_to_Steel"],"picked":"Negative_Energy_Burst","floor":14.0},{"not_picked":["Skeleton_Dragon","Negative_Energy_Bomb"],"picked":"Hellfire","floor":16.0},{"not_picked":["Bones_to_Steel","Corrupt"],"picked":"Toxic_Smoke_Screen","floor":18.0},{"not_picked":["Bone_Bullets","Negative_Energy_Mist"],"picked":"Spectral_Walk","floor":19.0},{"not_picked":["Vampiric_Strike","Whirlwind_of_Bones"],"picked":"Negative_Energy_Sphere","floor":23.0},{"not_picked":["Blood_Shield+1","Finger_Of_Death"],"picked":"Bone_Armor","floor":25.0},{"not_picked":["Blood_Curse","Exploit"],"picked":"Toxic_Smoke_Screen","floor":29.0},{"not_picked":["Life_Drain","Deaths_Shadow"],"picked":"Shackles_Of_Pain+1","floor":30.0},{"not_picked":["Negative_Energy_Bomb","Reap_The_Weak"],"picked":"Cloudkill","floor":33.0},{"not_picked":["Necromantic_Selection+1","Bone_Spikes"],"picked":"Negative_Energy_Javelin+1","floor":35.0},{"not_picked":["Bone_Shift","Siphon_Strength"],"picked":"Deaths_Shadow","floor":36.0},{"not_picked":["Blood_Whip+1","Bone_Spikes+1"],"picked":"Bone_Shift+1","floor":39.0},{"not_picked":["Bone_Shift","Life_Drain+1"],"picked":"Consume_Illness+1","floor":42.0},{"not_picked":["Toxic_Smoke_Screen+1","Negative_Energy_Shield+1"],"picked":"Negative_Energy_Sphere","floor":45.0},{"not_picked":["Negative_Energy_Javelin+1","Exploit+1"],"picked":"Hellfire","floor":48.0},{"not_picked":["Death_Coil","Plague_Bolt"],"picked":"Acid_Javelin+1","floor":54.0}],"player_experience":384523,"relics_obtained":[{"floor":6.0,"key":"Bag of Preparation"},{"floor":9.0,"key":"Omamori"},{"floor":23.0,"key":"theSenshi:SailorFukuRelic"},{"floor":26.0,"key":"hubris:DeckOfHolding"},{"floor":26.0,"key":"Mummified Hand"},{"floor":31.0,"key":"Necronomicon"},{"floor":43.0,"key":"hubris:SphereOfDissonance"},{"floor":54.0,"key":"InkBottle"}],"event_choices":[{"damage_healed":75.0,"max_hp_gain":0.0,"max_hp_loss":75.0,"gold_gain":0.0,"event_name":"betterThird:BetterShining","player_choice":"Upgrade","floor":2.0,"gold_loss":0.0,"damage_taken":15.0,"cards_upgraded":["Bone_Wall","Negative_Energy_Arrows"]},{"damage_healed":0.0,"max_hp_gain":0.0,"max_hp_loss":0.0,"gold_gain":1.0,"event_name":"betterThird:BetterScrap","player_choice":"Relic Relic ","floor":3.0,"gold_loss":0.0,"damage_taken":22.0,"cards_obtained":["Barricade"]},{"damage_healed":0.0,"max_hp_gain":0.0,"max_hp_loss":0.0,"gold_gain":64.0,"event_name":"Golden Wing","player_choice":"Gained Gold","floor":4.0,"gold_loss":0.0,"damage_taken":0.0},{"damage_healed":0.0,"max_hp_gain":1.0,"max_hp_loss":0.0,"gold_gain":0.0,"event_name":"betterThird:BetterGoop","player_choice":"Left","floor":10.0,"gold_loss":0.0,"damage_taken":0.0},{"cards_removed":["Toxic_Smoke_Screen"],"damage_healed":0.0,"max_hp_gain":0.0,"max_hp_loss":0.0,"gold_gain":0.0,"event_name":"betterNote:BetterNote","player_choice":"Take \u0026 Give","floor":20.0,"gold_loss":0.0,"damage_taken":0.0,"cards_obtained":["Negative_Energy_Arrows"]},{"cards_removed":["Negative_Energy_Burst"],"damage_healed":33.0,"max_hp_gain":0.0,"max_hp_loss":0.0,"gold_gain":0.0,"event_name":"Bonfire Elementals","player_choice":"Offered Uncommon","floor":27.0,"gold_loss":0.0,"damage_taken":0.0},{"damage_healed":0.0,"max_hp_gain":0.0,"max_hp_loss":0.0,"gold_gain":0.0,"event_name":"Cursed Tome","player_choice":"Obtained Book","floor":31.0,"gold_loss":0.0,"damage_taken":16.0},{"damage_healed":0.0,"max_hp_gain":0.0,"max_hp_loss":0.0,"gold_gain":0.0,"event_name":"Tomb of Lord Red Mask","player_choice":"Ignored","floor":37.0,"gold_loss":0.0,"damage_taken":0.0},{"damage_healed":0.0,"max_hp_gain":0.0,"max_hp_loss":0.0,"gold_gain":0.0,"event_name":"Lab","player_choice":"Got Potions","floor":44.0,"gold_loss":0.0,"damage_taken":0.0},{"damage_healed":0.0,"max_hp_gain":0.0,"max_hp_loss":0.0,"gold_gain":0.0,"event_name":"betterThird:BetterPortal","player_choice":"Random: Yellow","floor":46.0,"gold_loss":0.0,"damage_taken":0.0},{"damage_healed":0.0,"max_hp_gain":0.0,"max_hp_loss":0.0,"gold_gain":0.0,"event_name":"betterNote:BetterNote","player_choice":"Ignored","floor":46.0,"gold_loss":0.0,"damage_taken":0.0,"cards_obtained":["Toxic_Smoke_Screen"]}],"is_beta":false,"boss_relics":[{"not_picked":["Busted Crown","Runic Dome"],"picked":"hubris:ScarierMask"},{"not_picked":["Fusion Hammer","Sozu"],"picked":"Runic Pyramid"}],"items_purged_floors":[],"is_endless":false,"potions_floor_spawned":[6,7,14,19,25,29,33,36,39,42,45],"killed_by":"The Heart","ascension_level":0}}