{"host":"8i4doyxqctgl5qb0","time":1610447592,"event":{"mods":["AchievementEnabler","BaseMod","Block Reminder","Colored Powertips","Downfall","Hermit","Minty Spire (QoL Compilation)","Permanent Neow","Potion Indicator Mod","Rare Cards Sparkle","StSLib","SuperFastMode","The Jungle"],"gold_per_floor":[15,28,42,42,57,57,57,57,57,68,102,27,27,71,71,196,196,220,234,234,20,20,20,20,20],"floor_reached":24,"playtime":434,"items_purged":["Strike_B","Defend_B"],"score":357,"play_id":"5e293734-3623-458e-9eee-373d3ef68ddf","local_time":"20210112183312","is_ascension_mode":true,"campfire_choices":[{"floor":6,"key":"REST"},{"floor":8,"key":"REST"},{"floor":15,"key":"REST"},{"floor":23,"key":"REST"}],"circlet_count":0,"master_deck":["Defend_B","Defend_B","Defend_B","Zap","Dualcast","Static Discharge","Hello World+1","Defragment","Ball Lightning+1","Force Field","Auto Shields","Amplify","Self Repair","Ball Lightning","Bite","Bite","Bite","Bite","Bite","Loop","J.A.X."],"relics":["Cracked Core","Emotion Chip","Omamori","Kunai","Golden Idol","Whetstone","Philosopher\u0027s Stone","Membership Card"],"acts_visited":["Exordium","TheCity"],"potions_floor_usage":[11,16],"damage_taken":[{"damage":8,"enemies":"2 Louse","floor":1,"turns":2},{"damage":1,"enemies":"Cultist","floor":2,"turns":4},{"damage":9,"enemies":"Jaw Worm","floor":3,"turns":3},{"damage":29,"enemies":"Lots of Slimes","floor":5,"turns":4},{"damage":21,"enemies":"Exordium Wildlife","floor":10,"turns":4},{"damage":22,"enemies":"3 Sentries","floor":11,"turns":4},{"damage":0,"enemies":"Lagavulin","floor":14,"turns":7},{"damage":21,"enemies":"Slime Boss","floor":16,"turns":7},{"damage":4,"enemies":"Spheric Guardian","floor":18,"turns":3},{"damage":55,"enemies":"3 Byrds","floor":19,"turns":4},{"damage":36,"enemies":"Centurion and Healer","floor":24,"turns":2}],"seed_played":"-8673854337272315516","potions_obtained":[{"floor":3,"key":"FocusPotion"},{"floor":10,"key":"DistilledChaos"},{"floor":11,"key":"PowerPotion"}],"is_trial":false,"path_per_floor":["M","M","M","?","M","R","$","R","T","M","E","$","?","E","R","B",null,"M","M","?","$","?","R","M"],"character_chosen":"DEFECT","items_purchased":["Membership Card","Loop"],"campfire_rested":4,"item_purchase_floors":[21,21],"current_hp_per_floor":[60,59,50,50,21,43,43,65,65,44,22,22,22,22,44,23,62,58,10,10,10,10,25,0,0],"gold":20,"neow_bonus":"ONE_RARE_RELIC","is_daily":false,"chose_seed":false,"campfire_upgraded":0,"win_rate":0.0,"timestamp":1610447592,"path_taken":["M","M","M","?","?","R","?","R","T","M","E","$","?","E","R","BOSS","M","M","?","$","?","R","M"],"items_purchased_type":["Relic","Card"],"build_version":"2020-12-22","purchased_purges":2,"victory":false,"max_hp_per_floor":[75,75,75,75,75,75,75,75,75,75,75,75,75,75,75,75,75,75,75,52,52,52,52,52,52],"card_choices":[{"not_picked":["Turbo","Heatsinks"],"picked":"Static Discharge","floor":1},{"not_picked":["Blizzard","Genetic Algorithm","Go for the Eyes"],"picked":"SKIP","floor":2},{"not_picked":["Gash","Reprogram"],"picked":"Hello World","floor":3},{"not_picked":["Compile Driver","Cold Snap"],"picked":"Defragment","floor":5},{"not_picked":["Go for the Eyes","Beam Cell"],"picked":"Ball Lightning","floor":10},{"not_picked":["Melter","Genetic Algorithm"],"picked":"Force Field","floor":11},{"not_picked":["Leap","Skim"],"picked":"Auto Shields","floor":14},{"not_picked":["Hyperbeam","All For One"],"picked":"Amplify","floor":16},{"not_picked":["Compile Driver+1","Sweeping Beam"],"picked":"Self Repair","floor":18},{"not_picked":["Barrage","Coolheaded"],"picked":"Ball Lightning","floor":19}],"player_experience":171054,"relics_obtained":[{"floor":9,"key":"Omamori"},{"floor":11,"key":"Kunai"},{"floor":14,"key":"Whetstone"}],"event_choices":[{"damage_healed":0,"gold_gain":0,"player_choice":"Upgraded","damage_taken":0,"max_hp_gain":0,"max_hp_loss":0,"event_name":"Upgrade Shrine","floor":4,"gold_loss":0,"cards_upgraded":["Hello World"]},{"damage_healed":0,"gold_gain":0,"player_choice":"Take Wound","damage_taken":0,"relics_obtained":["Golden Idol"],"max_hp_gain":0,"max_hp_loss":0,"event_name":"Golden Idol","floor":13,"gold_loss":0,"cards_obtained":["Injury"]},{"damage_healed":0,"gold_gain":0,"player_choice":"Became a vampire","damage_taken":0,"max_hp_gain":0,"max_hp_loss":23,"event_name":"Vampires","floor":20,"gold_loss":0,"cards_obtained":["Bite","Bite","Bite","Bite","Bite"]},{"damage_healed":0,"gold_gain":0,"player_choice":"Obtain J.A.X.","damage_taken":0,"max_hp_gain":0,"max_hp_loss":0,"event_name":"Drug Dealer","floor":22,"gold_loss":0,"cards_obtained":["J.A.X."]}],"is_beta":false,"boss_relics":[{"not_picked":["SacredBark","Cursed Key"],"picked":"Philosopher\u0027s Stone"}],"items_purged_floors":[12,21],"is_endless":false,"potions_floor_spawned":[3,10,11],"killed_by":"Centurion and Healer","ascension_level":9}}