{"host":"95i1gxnztdrdyvhi","time":1610492336,"event":{"mods":["AchievementEnabler","Act Like it!","BaseMod","Minty Spire (QoL Compilation)","Quick Restart","StSLib","Yakumo Yukari mod"],"gold_per_floor":[130,150,150,164,177,177,177,177],"floor_reached":7,"language":"ENG","playtime":245,"items_purged":[],"score":43,"play_id":"e4c34949-7928-4d79-abab-5007f5d15c96","local_time":"20210112225856","is_ascension_mode":false,"campfire_choices":[{"data":"SharpContractionReality_purple","floor":6,"key":"SMITH"}],"circlet_count":0,"master_deck":["AT_purpleEX","AT_purpleEX","AT_purpleEX","AT_purpleEX","Defend_purpleEX","Defend_purpleEX","Defend_purpleEX","Defend_purpleEX","Observe_purple_1","Observe_purple_2+1","SharpContractionReality_purple+1","CommonSense_AntiCommonSense_purple"],"relics":["Boundary_crack","Memoryfragments_purpleEX","NeowsBlessing"],"acts_visited":["Exordium"],"potions_floor_usage":[7],"damage_taken":[{"damage":0,"enemies":"Jaw Worm","floor":1,"turns":1},{"damage":0,"enemies":"2 Louse","floor":2,"turns":1},{"damage":0,"enemies":"Cultist","floor":4,"turns":1},{"damage":8,"enemies":"Lots of Slimes","floor":5,"turns":5},{"damage":42,"enemies":"Gremlin Nob","floor":7,"turns":6}],"seed_played":"2216149849691420659","potions_obtained":[{"floor":1,"key":"EssenceOfSteel"}],"is_trial":false,"path_per_floor":["M","M","?","M","M","R","E"],"character_chosen":"Youkari","items_purchased":[],"campfire_rested":0,"item_purchase_floors":[],"current_hp_per_floor":[70,70,70,70,64,64,22,22],"gold":177,"neow_bonus":"THREE_ENEMY_KILL","is_daily":false,"chose_seed":false,"campfire_upgraded":1,"win_rate":0.0,"timestamp":1610492336,"path_taken":["M","M","?","M","M","R","E"],"items_purchased_type":[],"build_version":"2020-12-22","purchased_purges":0,"victory":false,"max_hp_per_floor":[70,70,70,70,70,70,70,70],"card_choices":[{"not_picked":["MNeedle_purple","SfantasyHide_purple"],"picked":"SharpContractionReality_purple","floor":1},{"not_picked":["Shallow_ocean_purpleEX","Bait_Toxicbait_purple","Realm_recovery_purpleEX"],"picked":"SKIP","floor":2},{"not_picked":["Mirror_FormAndEmptin_purple","RealityDreamConfluencek_purple","Charmbait_purple"],"picked":"SKIP","floor":4},{"not_picked":["SfantasyHide_purple","RuleDissolution_purple"],"picked":"CommonSense_AntiCommonSense_purple","floor":5}],"player_experience":636783,"relics_obtained":[],"event_choices":[{"damage_healed":0,"gold_gain":0,"player_choice":"Grow","damage_taken":0,"max_hp_gain":0,"max_hp_loss":0,"event_name":"Living Wall","floor":3,"gold_loss":0,"cards_upgraded":["Observe_purple_2"]}],"is_beta":false,"boss_relics":[],"items_purged_floors":[],"is_endless":false,"potions_floor_spawned":[1],"killed_by":"Gremlin Nob","ascension_level":0}}