{"host":"xkmvu47k9fdstweo","time":1610422113,"event":{"mods":["BaseMod","Colored Map","Conspire","Hubris","Minty Spire (QoL Compilation)","Quick Restart","Railgun Mod","Shop Mod","StSLib","The Alterego","The Servant 0.9.4","The Wild Card","TheBandit","WarShipGirlsR/??è≠èóR mod","vexMod"],"gold_per_floor":[117,129,129,84,98,98,128,128,128,156,167,17,46,46,46,141,141,152,168,168,79,98,130,130,162,162,162,162,180,200,212,212,310,310,326,326,326,326,147,147,161,186,186,196,196,215,225,260,260,260],"floor_reached":51,"playtime":1553,"items_purged":[],"score":1185,"play_id":"e03759a3-088d-42cb-965f-0ca525cf7583","local_time":"20210111222833","is_ascension_mode":true,"campfire_choices":[{"floor":6.0,"key":"RECALL"},{"floor":15.0,"key":"REST"},{"floor":24,"key":"REST"},{"floor":27,"key":"REST"},{"floor":32,"key":"REST"},{"floor":40,"key":"REST"},{"floor":45,"key":"REST"},{"floor":49,"key":"REST"}],"circlet_count":0,"master_deck":["AscendersBane","Strike_R","Strike_R","Strike_R","Strike_R","Strike_R","Defend_R","Defend_R","Defend_R","Defend_R","Bash","Ghostly Armor","Anger","Perfected Strike","True Grit","Twin Strike","theWildCard:Arsene+1","hubris:StunningStrike","Pommel Strike","Pommel Strike","Reaper","Headbutt+1","Dropkick","Swift Strike","Wild Strike","Metallicize","Wild Strike","Flex+1","Perfected Strike+1","Double Tap+1","Pommel Strike+1","Pain","Perfected Strike","Inflame","Sword Boomerang","Iron Wave+1","Thunderclap","Rupture+1","Barricade","Burning Pact+1"],"relics":["Fusion Hammer","Oddly Smooth Stone","vexMod:ScavengeHelm","hubris:MedicalManual","hubris:EmptyBottle","Eternal Feather","hubris:Icosahedron","SacredBark","conspire:BottledYoYo","Vajra","Bottled Tornado","conspire:RunicOctahedron","WarpedTongs","Smiling Mask","conspire:DeflatedDodgeball","hubris:DeckOfHolding"],"acts_visited":["Exordium","TheCity","TheBeyond"],"potions_floor_usage":[16,16,22,23,25,33,42,42,42,42,42,48,50,50,50,50,50,50,50,50],"damage_taken":[{"damage":1.0,"enemies":"Cultist","floor":1.0,"turns":3.0},{"damage":7.0,"enemies":"Jaw Worm","floor":2.0,"turns":4.0},{"damage":0.0,"enemies":"Small Slimes","floor":5.0,"turns":3.0},{"damage":28.0,"enemies":"Lagavulin","floor":7.0,"turns":5.0},{"damage":8.0,"enemies":"3 Sentries","floor":10.0,"turns":7.0},{"damage":0.0,"enemies":"Exordium Wildlife","floor":11.0,"turns":3.0},{"damage":7.0,"enemies":"Lagavulin","floor":13.0,"turns":7.0},{"damage":27,"enemies":"The Guardian","floor":16,"turns":7},{"damage":10,"enemies":"conspire:FuzzyDice","floor":18,"turns":6},{"damage":5,"enemies":"Shell Parasite","floor":19,"turns":5},{"damage":4,"enemies":"Snecko","floor":22,"turns":6},{"damage":47,"enemies":"Book of Stabbing","floor":23,"turns":6},{"damage":47,"enemies":"Gremlin Leader","floor":25,"turns":6},{"damage":0,"enemies":"3 Cultists","floor":29,"turns":5},{"damage":14,"enemies":"Snake Plant","floor":30,"turns":2},{"damage":19,"enemies":"conspire:HollyBat","floor":31,"turns":9},{"damage":25,"enemies":"conspire:MysteriousRune","floor":33,"turns":7},{"damage":0,"enemies":"Orb Walker","floor":35,"turns":3},{"damage":37,"enemies":"3 Darklings","floor":41,"turns":6},{"damage":59,"enemies":"Reptomancer","floor":42,"turns":5},{"damage":2,"enemies":"Sphere and 2 Shapes","floor":44,"turns":4},{"damage":4,"enemies":"Transient","floor":46,"turns":5},{"damage":3,"enemies":"Maw","floor":47,"turns":5},{"damage":26,"enemies":"Giant Head","floor":48,"turns":6},{"damage":10,"enemies":"conspire:OrnateMirror","floor":50,"turns":5}],"seed_played":"4736551259166072955","potions_obtained":[{"floor":5.0,"key":"HeartOfIron"},{"floor":10.0,"key":"HeartOfIron"},{"floor":13.0,"key":"Fire Potion"},{"floor":16,"key":"Regen Potion"},{"floor":19,"key":"BloodPotion"},{"floor":33,"key":"CultistPotion"},{"floor":46,"key":"LiquidMemories"}],"is_trial":false,"path_per_floor":["M","M","?","$","M","R","E","?","T","E","M","$","E","?","R","B",null,"M","M","?","$","M","E","R","E","T","R","?","M","M","M","R","B",null,"M","?","?","?","$","R","M","E","T","M","R","M","M","E","R","B",null],"character_chosen":"IRONCLAD","items_purchased":["Perfected Strike","hubris:EmptyBottle","Swift Strike","Perfected Strike","Inflame","EntropicBrew"],"campfire_rested":7,"item_purchase_floors":[4,12,21,39,39,39],"current_hp_per_floor":[71,64,64,64,64,64,36,36,36,28,28,28,21,21,57,30,68,68,64,64,64,64,56,80,80,80,80,80,80,66,53,80,55,74,74,74,74,74,74,80,59,32,32,30,75,71,68,42,80,70],"gold":260,"neow_bonus":"BOSS_RELIC","is_daily":false,"chose_seed":false,"campfire_upgraded":0,"win_rate":0.0,"timestamp":1610422113,"path_taken":["M","?","?","$","M","R","E","?","T","E","M","?","E","?","R","BOSS","M","M","?","$","M","E","R","E","T","R","?","?","M","M","R","BOSS","M","?","?","?","$","R","M","E","T","M","R","?","M","E","R","BOSS"],"items_purchased_type":["Card","Relic","Card","Card","Card","Potion"],"build_version":"2020-12-22","purchased_purges":0,"victory":true,"max_hp_per_floor":[80,80,80,80,80,80,80,80,80,80,80,80,80,80,80,80,80,80,80,80,80,80,80,80,80,80,80,80,80,80,80,80,80,80,80,80,80,80,80,80,80,80,80,80,80,80,80,80,80,80],"card_choices":[{"not_picked":["hubris:ReadiedAction","Carnage"],"picked":"Ghostly Armor","floor":1.0},{"not_picked":["Clash","conspire:ExplosiveBarrier"],"picked":"Anger","floor":2.0},{"not_picked":["Iron Wave","Warcry"],"picked":"True Grit","floor":5.0},{"not_picked":["Heavy Blade","Second Wind"],"picked":"Twin Strike","floor":7.0},{"not_picked":["Warcry","hubris:ReadiedAction"],"picked":"hubris:StunningStrike","floor":10.0},{"not_picked":["Perfected Strike","Clothesline"],"picked":"Pommel Strike","floor":11.0},{"not_picked":["Second Wind","hubris:ReadiedAction"],"picked":"Pommel Strike","floor":13.0},{"not_picked":["Exhume","Brutality"],"picked":"Reaper","floor":16},{"not_picked":["Warcry+1","Havoc","True Grit"],"picked":"SKIP","floor":18},{"not_picked":["Intimidate","Pommel Strike"],"picked":"Headbutt+1","floor":19},{"not_picked":[],"picked":"Dropkick","floor":20},{"not_picked":["Seeing Red+1","Warcry"],"picked":"Wild Strike","floor":22},{"not_picked":["Thunderclap","Ghostly Armor"],"picked":"Metallicize","floor":23},{"not_picked":["Second Wind","Feed","Iron Wave"],"picked":"SKIP","floor":25},{"not_picked":["Power Through","hubris:ReadiedAction","Wild Strike"],"picked":"SKIP","floor":29},{"not_picked":["Power Through","hubris:ReadiedAction"],"picked":"Wild Strike","floor":29},{"not_picked":["Body Slam+1","Blood for Blood"],"picked":"Flex+1","floor":30},{"not_picked":["Thunderclap+1","Cleave"],"picked":"Perfected Strike+1","floor":31},{"not_picked":["Bludgeon","Berserk"],"picked":"Double Tap","floor":33},{"not_picked":["Sword Boomerang","Heavy Blade+1"],"picked":"Pommel Strike+1","floor":35},{"not_picked":["Intimidate","True Grit"],"picked":"Sword Boomerang","floor":41},{"not_picked":["Feel No Pain","Havoc+1"],"picked":"Iron Wave+1","floor":42},{"not_picked":["conspire:ExplosiveBarrier","True Grit"],"picked":"Thunderclap","floor":44},{"not_picked":["Shrug It Off","Warcry"],"picked":"Rupture+1","floor":46},{"not_picked":["Sever Soul","Clash+1"],"picked":"Barricade","floor":47},{"not_picked":["Body Slam","Clothesline+1"],"picked":"Burning Pact+1","floor":48}],"player_experience":303084,"relics_obtained":[{"floor":7.0,"key":"Oddly Smooth Stone"},{"floor":9.0,"key":"vexMod:ScavengeHelm"},{"floor":10.0,"key":"hubris:MedicalManual"},{"floor":13.0,"key":"Eternal Feather"},{"floor":23,"key":"conspire:BottledYoYo"},{"floor":25,"key":"Vajra"},{"floor":26,"key":"Bottled Tornado"},{"floor":42,"key":"Smiling Mask"},{"floor":43,"key":"conspire:DeflatedDodgeball"},{"floor":48,"key":"hubris:DeckOfHolding"}],"event_choices":[{"damage_healed":0.0,"max_hp_gain":0.0,"max_hp_loss":0.0,"gold_gain":0.0,"event_name":"conspire:LoneGhost","player_choice":"Disagree","floor":3.0,"gold_loss":0.0,"damage_taken":0.0},{"damage_healed":0,"gold_gain":0,"player_choice":"Upgraded","damage_taken":0,"max_hp_gain":0,"max_hp_loss":0,"event_name":"Upgrade Shrine","floor":28,"gold_loss":0,"cards_upgraded":["theWildCard:Arsene"]},{"damage_healed":0,"gold_gain":0,"player_choice":"Ignored","damage_taken":0,"max_hp_gain":0,"max_hp_loss":0,"event_name":"Tomb of Lord Red Mask","floor":36,"gold_loss":0},{"damage_healed":0,"gold_gain":0,"player_choice":"Rummage","damage_taken":0,"relics_obtained":["WarpedTongs"],"max_hp_gain":0,"max_hp_loss":0,"event_name":"Accursed Blacksmith","floor":38,"gold_loss":0,"cards_obtained":["Pain"]}],"is_beta":false,"boss_relics":[{"not_picked":["vexMod:CursedCompass","SlaversCollar"],"picked":"SacredBark"},{"not_picked":["hubris:Stopwatch","conspire:SlowCooker"],"picked":"conspire:RunicOctahedron"}],"items_purged_floors":[],"is_endless":false,"potions_floor_spawned":[5,10,13,16,19,22,31,33,41,42,46,48],"ascension_level":10}}