{"host":"tvwbxqry54t86y0v","time":1610454857,"event":{"mods":["2.2 Compatiblity","A Magickal Journey","Arknights The Spire","Astrologer","BaseMod","Beaked The Cultist","BetterRewards","Block Reminder","Clockwork Mod","Colored Powertips","DeckTracker","Downfall","Fiend Mod","GungeonMod","Hermit","Hubris","Infinite Spire","Ironclad Rager","Marked Mod","Mimic Mod","Minty Spire (QoL Compilation)","Potionbrewer","Replay The Spire","Shade Mod","Somnambulant","StSLib","The Bug Knight","The Cursed","The Druid","The Elementalist","The Exalted","The Forsaken","The Hierophant","The Jungle","The Marked","The Mystic","The Problem Sleuth","The Runesmith","The Senshi","The Spell Scribe","The Valiant","The Wild Card","TheFirefly","TheHeartMod","Unceasing Turn Reminder","thorton"],"gold_per_floor":[112,112,129,129,144,179,179,179,228,73,89,89,89,103,103,202,202,216,216,216,73,89,89,109,109,186,206,158,178,23,41,41,137,137,154,173,212,231,231,260,260,260,260,360,360,360,371,384,384,384],"floor_reached":51,"playtime":2947,"items_purged":[],"score":552,"play_id":"d17e4bcb-f0ff-4386-81e4-c5b4836773ea","local_time":"20210112233417","is_ascension_mode":false,"campfire_choices":[{"data":"ats:Beaten Up","floor":7,"key":"SMITH"},{"data":"ats:Automatic Cover","floor":15,"key":"SMITH"},{"data":"ats:Nebulous Foxfire","floor":23,"key":"SMITH"},{"data":"ats:Healing Strengthening","floor":32,"key":"SMITH"},{"data":"ats:Shell Defense","floor":42,"key":"SMITH"},{"data":"ats:Shell Defense","floor":45,"key":"SMITH"},{"data":"ats:Rat Pack","floor":49,"key":"SMITH"}],"circlet_count":0,"master_deck":["ats:Strike C","ats:Strike G","ats:Strike S","ats:Strike V","ats:Defend","ats:Defend","ats:Defend","ats:Defend","ats:Emotion Absorption+1","ats:Automatic Cover+1","ats:Powerful Strike","ats:Beaten Up+1","ats:Shadow Raid","ats:Shadow Raid","ats:Nebulous Foxfire+1","ats:Explosion Area Strengthen","ats:Shell Defense+1","ats:Shell Defense+1","ats:Healing Strengthening+1","ats:Healing Strengthening+1","ats:Dogmatic Field","ats:Composite Medical Shells","ats:Counter Healing Mode+1","ReplayTheSpireMod:Haul","ats:Rat Pack+1"],"relics":["ats:Sanity","ats:Originium","Bromod:ArcaneDeflection","Nunchaku","DemoMod:MonsterBlood","Philosopher\u0027s Stone","hubris:Icosahedron","Strange Spoon","Garlic","DemoMod:WhiteGuonStone","potionbrewer:BhaskarasWheel","Torii","Replay:Accelerometer","ats:Military Tradition","TheAbacus","hubris:ScarierMask"],"acts_visited":["Exordium","TheCity","TheBeyond"],"potions_floor_usage":[6,16,18,33,40,50],"damage_taken":[{"damage":14,"enemies":"Jaw Worm","floor":1,"turns":10},{"damage":0,"enemies":"Cultist","floor":3,"turns":5},{"damage":1,"enemies":"Small Slimes","floor":5,"turns":3},{"damage":21,"enemies":"3 Sentries","floor":6,"turns":13},{"damage":0,"enemies":"2 Fungi Beasts","floor":11,"turns":4},{"damage":0,"enemies":"Looter","floor":14,"turns":3},{"damage":26,"enemies":"Hexaghost","floor":16,"turns":9},{"damage":15,"enemies":"Chosen","floor":18,"turns":7},{"damage":14,"enemies":"3 Byrds","floor":22,"turns":4},{"damage":18,"enemies":"Sentry and Sphere","floor":24,"turns":10},{"damage":29,"enemies":"Centurion and Healer","floor":27,"turns":7},{"damage":15,"enemies":"Cultist and Chosen","floor":29,"turns":10},{"damage":14,"enemies":"Snecko","floor":31,"turns":11},{"damage":67,"enemies":"Automaton","floor":33,"turns":19},{"damage":115,"enemies":"3 Darklings","floor":35,"turns":11},{"damage":65,"enemies":"Orb Walker","floor":36,"turns":6},{"damage":15,"enemies":"Maw","floor":37,"turns":9},{"damage":31,"enemies":"Maw","floor":38,"turns":8},{"damage":32,"enemies":"Nightmare","floor":40,"turns":8},{"damage":24,"enemies":"Spire Growth","floor":47,"turns":4},{"damage":1,"enemies":"3 Darklings","floor":48,"turns":3},{"damage":35,"enemies":"Replay:Hell Engine","floor":50,"turns":6}],"seed_played":"6803368194730179589","potions_obtained":[{"floor":3,"key":"SkillPotion"},{"floor":5,"key":"potionbrewer:SplittingPotion"},{"floor":22,"key":"Dexterity Potion"},{"floor":33,"key":"Adrenaline Potion"},{"floor":47,"key":"potionbrewer:NoxiousPotion"}],"is_trial":false,"path_per_floor":["M","?","M","$","M","E","R","?","T","$","M","?","?","M","R","B",null,"M","?","?","$","M","R","M","?","T","M","$","M","$","M","R","B",null,"M","M","MIM","M","?","NM","$","R","T","?","R","AVR","M","M","R","B",null],"character_chosen":"DOCTOR_CLASS","items_purchased":["DemoMod:MonsterBlood","Strange Spoon","ats:Shell Defense","DemoMod:WhiteGuonStone"],"campfire_rested":0,"item_purchase_floors":[10,21,28,30],"current_hp_per_floor":[58,58,58,58,57,36,36,57,57,64,64,64,69,69,69,46,84,69,69,53,53,41,41,49,49,49,33,33,27,27,53,53,66,89,82,73,83,89,89,89,89,89,89,89,89,89,89,89,89,89],"gold":384,"neow_bonus":"TRANSFORM_CARD","is_daily":false,"chose_seed":false,"campfire_upgraded":7,"win_rate":0.0,"timestamp":1610454857,"path_taken":["M","?","M","?","?","E","R","?","T","$","M","?","?","M","R","BOSS","M","?","?","$","M","R","M","?","T","?","?","M","$","M","R","BOSS","M","?","?","M","?","NM","$","R","T","?","R","AVR","M","M","R","BOSS"],"items_purchased_type":["Relic","Relic","Card","Relic"],"build_version":"2020-12-22","purchased_purges":0,"victory":true,"max_hp_per_floor":[72,72,72,72,72,72,72,72,72,79,79,79,84,84,84,84,84,84,84,89,89,89,89,89,89,89,89,89,89,89,89,89,89,89,89,89,89,89,89,89,89,89,89,89,89,89,89,89,89,89],"card_choices":[{"not_picked":["ats:Flexible Camouflage","ats:Hammer On"],"picked":"ats:Powerful Strike","floor":1},{"not_picked":["ats:Revitalization","ats:Shell Defense"],"picked":"ats:Beaten Up","floor":3},{"not_picked":["ats:Red Shift","ats:Leaping Hammer","ats:Encircling Forest"],"picked":"SKIP","floor":5},{"not_picked":["ats:Ambush","ats:Song Of Battle"],"picked":"ats:Shadow Raid","floor":6},{"not_picked":["ats:Ignite","ats:Demon Strength"],"picked":"ats:Shadow Raid","floor":11},{"not_picked":["ats:Poison Spread","ats:Curse Doll","ats:Apocalypse"],"picked":"SKIP","floor":14},{"not_picked":["ats:Ambush","ats:True Silver Slash"],"picked":"ats:Nebulous Foxfire","floor":16},{"not_picked":["ats:Leaping Hammer","ats:Curse Doll"],"picked":"ats:Explosion Area Strengthen","floor":18},{"not_picked":["ats:Cat Scratch","ats:Roar Of Ursus"],"picked":"ats:Shell Defense","floor":22},{"not_picked":["ats:Overload","ats:Flexible Camouflage+1","ats:Assault Order"],"picked":"SKIP","floor":24},{"not_picked":["ats:Defend Order","ats:Cat Scratch+1","ats:Assault Order+1"],"picked":"SKIP","floor":27},{"not_picked":["ats:Cat Scratch","ats:Flexible Camouflage"],"picked":"ats:Healing Strengthening+1","floor":29},{"not_picked":["ats:Flexible Camouflage+1","ats:Powerful Strike"],"picked":"ats:Healing Strengthening","floor":31},{"not_picked":["ats:Shadow Assault","ats:Fractured Body"],"picked":"ats:Dogmatic Field","floor":33},{"not_picked":["ats:Childhood Dance","ats:Thermite Blade","ats:Shell Defense"],"picked":"SKIP","floor":35},{"not_picked":["ats:Counter Healing Mode+1","ats:Ignite"],"picked":"ats:Composite Medical Shells","floor":36},{"not_picked":["ats:Song Of Battle+1","ats:Ambush"],"picked":"ats:Counter Healing Mode+1","floor":38},{"not_picked":["ats:Apocalypse+1","ats:Poison Spread+1","ats:Burning Ground+1"],"picked":"SKIP","floor":40},{"not_picked":["ats:Consecutive Shot Auto","ats:Hammer On","ats:Very Hot Blade+1"],"picked":"SKIP","floor":47},{"not_picked":["ats:Overload+1","ats:Shell Defense"],"picked":"ats:Rat Pack","floor":48}],"player_experience":1101833,"relics_obtained":[{"floor":6,"key":"ats:Originium"},{"floor":6,"key":"Bromod:ArcaneDeflection"},{"floor":9,"key":"Nunchaku"},{"floor":26,"key":"Garlic"},{"floor":37,"key":"Torii"},{"floor":40,"key":"ats:Originium"},{"floor":40,"key":"Replay:Accelerometer"},{"floor":43,"key":"ats:Military Tradition"}],"event_choices":[{"damage_healed":0,"gold_gain":0,"player_choice":"Forge","damage_taken":0,"max_hp_gain":0,"max_hp_loss":0,"event_name":"Accursed Blacksmith","floor":2,"gold_loss":0,"cards_upgraded":["ats:Emotion Absorption"]},{"damage_healed":0,"gold_gain":0,"player_choice":"Ignored","damage_taken":0,"max_hp_gain":0,"max_hp_loss":0,"event_name":"Golden Wing","floor":12,"gold_loss":0},{"damage_healed":0,"gold_gain":0,"player_choice":"Donut","damage_taken":0,"max_hp_gain":5,"max_hp_loss":0,"event_name":"Big Fish","floor":13,"gold_loss":0},{"damage_healed":0,"gold_gain":0,"player_choice":"Shed Blood","damage_taken":21,"max_hp_gain":5,"max_hp_loss":0,"event_name":"Forgotten Altar","floor":20,"gold_loss":0},{"damage_healed":0,"gold_gain":100,"player_choice":"Pray","damage_taken":0,"max_hp_gain":0,"max_hp_loss":0,"event_name":"Golden Shrine","floor":44,"gold_loss":0}],"is_beta":false,"boss_relics":[{"not_picked":["ReplayTheSpireMod:SealedPack","Replay:Wanted Poster"],"picked":"Philosopher\u0027s Stone"},{"not_picked":["ChewingGum","Ring of Chaos"],"picked":"potionbrewer:BhaskarasWheel"}],"items_purged_floors":[],"is_endless":false,"potions_floor_spawned":[3,5,11,14,22,31,33,36,38,47],"ascension_level":0}}