{"host":"rgyusf9batiqntnt","time":1610450765,"event":{"mods":["BaseMod","Colored Powertips","Downfall","Minty Spire (QoL Compilation)","Quick Restart","StSLib"],"gold_per_floor":[99,119,119,119,131,156,156,81,107,121,134,134,67,80,92,194,194,194,214,214,214,234,263,313,313,345,364,364,379,379,379,395,499,499,499,509,509,559,559,67,67,67,81,100,112,139,64,37,55,55],"floor_reached":51,"playtime":4139,"items_purged":["Guardian:Strike_Guardian","Guardian:Strike_Guardian"],"score":767,"play_id":"87c637ad-5fd4-42a7-952b-a3cb7ccb845e","local_time":"20210112215605","is_ascension_mode":false,"campfire_choices":[{"data":"Guardian:TwinSlam","floor":1,"key":"SMITH"},{"data":"Guardian:DecasProtection","floor":8,"key":"SMITH"},{"data":"Guardian:DonusPower","floor":18,"key":"SMITH"},{"floor":30,"key":"REST"},{"data":"Guardian:PolyBeam","floor":35,"key":"SMITH"},{"floor":42,"key":"REST"},{"data":"expansioncontent:DefensiveStance","floor":47,"key":"SMITH"}],"circlet_count":0,"master_deck":["Guardian:Defend_Guardian","Guardian:Defend_Guardian","Guardian:Defend_Guardian","Guardian:Defend_Guardian","Guardian:CurlUp","Guardian:TwinSlam+1","Guardian:DecasProtection+1","Guardian:DonusPower+1","Guardian:GuardianWhirl","Guardian:PrimingBeam","Guardian:PrimingBeam","Guardian:VentSteam","Guardian:RollAttack","Guardian:ConstructionForm","Guardian:PolyBeam+1","Guardian:ArmoredProtocol+1","Guardian:Recover","Guardian:ArmoredProtocol","Guardian:BaubleBeam","Guardian:Gem_Green","Guardian:Gem_Green","expansioncontent:CaCaw","expansioncontent:Flail","expansioncontent:DefensiveStance+1","Guardian:DonusPower+1","Guardian:Gem_Synthetic","Guardian:MultiBeam+1","Guardian:EvasiveProtocol+1","Guardian:ArmoredProtocol","Guardian:PolyBeam+1","Guardian:CrystalBeam+1","Guardian:VentSteam+1"],"relics":["Guardian:ModeShifter","Anchor","downfall:HeartBlessingBlue","Vajra","Runic Pyramid","Omamori","Tiny Chest","Shuriken","Letter Opener","Guardian:StasisSlotReductionRelic","CaptainsWheel","Bottled Lightning","Bottled Tornado","Smiling Mask","downfall:HeartBlessingGreen","Lee\u0027s Waffle","Oddly Smooth Stone"],"acts_visited":["Exordium","TheCity","TheBeyond"],"potions_floor_usage":[26,33,33,46,50],"damage_taken":[{"damage":0,"enemies":"2 Louse","floor":2,"turns":3},{"damage":5,"enemies":"Small Slimes","floor":5,"turns":5},{"damage":20,"enemies":"Lagavulin","floor":6,"turns":10},{"damage":0,"enemies":"Jaw Worm","floor":10,"turns":3},{"damage":4,"enemies":"Exordium Thugs","floor":11,"turns":4},{"damage":6,"enemies":"downfall:FleeingMerchant","floor":13,"turns":4},{"damage":6,"enemies":"Gremlin Gang","floor":14,"turns":4},{"damage":0,"enemies":"Blue Slaver","floor":15,"turns":2},{"damage":34,"enemies":"downfall:Silent","floor":16,"turns":9},{"damage":0,"enemies":"Chosen","floor":19,"turns":3},{"damage":9,"enemies":"Centurion and Healer","floor":22,"turns":4},{"damage":17,"enemies":"Gremlin Leader","floor":23,"turns":6},{"damage":12,"enemies":"Slavers","floor":26,"turns":5},{"damage":26,"enemies":"Snake Plant","floor":27,"turns":7},{"damage":0,"enemies":"Chosen and Byrds","floor":29,"turns":6},{"damage":10,"enemies":"Shelled Parasite and Fungi","floor":32,"turns":5},{"damage":2,"enemies":"downfall:Defect","floor":33,"turns":9},{"damage":0,"enemies":"Orb Walker","floor":36,"turns":3},{"damage":20,"enemies":"2 Orb Walkers","floor":38,"turns":5},{"damage":0,"enemies":"downfall:FleeingMerchant","floor":40,"turns":4},{"damage":15,"enemies":"3 Darklings","floor":43,"turns":3},{"damage":14,"enemies":"Writhing Mass","floor":44,"turns":4},{"damage":1,"enemies":"Maw","floor":45,"turns":6},{"damage":6,"enemies":"Nemesis","floor":46,"turns":5},{"damage":6,"enemies":"downfall:FleeingMerchant","floor":48,"turns":3},{"damage":0,"enemies":"Spire Growth","floor":49,"turns":5},{"damage":12,"enemies":"downfall:Watcher","floor":50,"turns":5}],"seed_played":"-1221436308488077372","potions_obtained":[{"floor":5,"key":"Strength Potion"},{"floor":10,"key":"Energy Potion"},{"floor":15,"key":"SpeedPotion"},{"floor":19,"key":"DistilledChaos"},{"floor":29,"key":"Swift Potion"},{"floor":36,"key":"LiquidBronze"},{"floor":38,"key":"DistilledChaos"},{"floor":49,"key":"ColorlessPotion"}],"is_trial":false,"path_per_floor":["R","M","?","?","M","E","T","R","T","M","M","?","$","M","M","B",null,"R","M","?","?","M","E","T","?","E","M","?","M","R","T","M","B",null,"R","M","?","?","?","$","T","R","M","M","M","E","R","$","M","B",null],"character_chosen":"GUARDIAN","items_purchased":["Guardian:PrimingBeam","Bottled Lightning","Guardian:Gem_Synthetic","Lee\u0027s Waffle","Oddly Smooth Stone"],"campfire_rested":2,"item_purchase_floors":[13,40,40,48,48],"current_hp_per_floor":[88,88,93,93,88,68,68,78,78,78,74,74,68,62,62,28,103,103,103,103,103,94,77,77,77,65,39,39,39,69,69,59,57,103,103,103,103,83,73,73,73,103,88,74,73,67,67,110,110,98],"gold":55,"neow_bonus":"TEN_PERCENT_HP_BONUS","is_daily":false,"chose_seed":false,"campfire_upgraded":5,"win_rate":0.0,"timestamp":1610450765,"path_taken":["R","M","?","?","?","E","T","R","?","M","M","?","$","?","M","BOSS","R","M","?","?","M","E","T","?","E","?","?","M","R","?","M","BOSS","R","M","?","?","?","$","T","R","M","M","M","E","R","$","M","BOSS"],"items_purchased_type":["Card","Relic","Card","Relic","Relic"],"build_version":"2020-12-22","purchased_purges":2,"victory":true,"max_hp_per_floor":[88,88,93,93,93,93,93,103,103,103,103,103,103,103,103,103,103,103,103,103,103,103,103,103,103,103,103,103,103,103,103,103,103,103,103,103,103,103,103,103,103,103,103,103,103,103,103,110,110,110],"card_choices":[{"not_picked":["Guardian:ShieldCharger","Guardian:WalkerClaw"],"picked":"Guardian:Gem_Crimson","floor":2},{"not_picked":["Guardian:ArmoredProtocol","Guardian:Gem_Green"],"picked":"Guardian:DecasProtection","floor":5},{"not_picked":["Guardian:Emergency","Guardian:Suspension"],"picked":"Guardian:DonusPower","floor":6},{"not_picked":["Guardian:TimeCapacitor","Guardian:Suspension"],"picked":"Guardian:Gem_Cyan","floor":10},{"not_picked":["Guardian:TemporalShield","Guardian:Gem_Green"],"picked":"Guardian:GuardianWhirl","floor":11},{"not_picked":["Guardian:ChargeUp","Guardian:Planning"],"picked":"Guardian:PrimingBeam","floor":13},{"not_picked":["Guardian:TemporalShield","Guardian:StasisField"],"picked":"Guardian:VentSteam","floor":14},{"not_picked":["Guardian:ChargeUp","Guardian:Gem_Lightblue"],"picked":"Guardian:RollAttack","floor":15},{"not_picked":["Guardian:Gem_Orange","Guardian:HyperBeam_Guardian"],"picked":"Guardian:ConstructionForm","floor":16},{"not_picked":["Guardian:Gem_Lightblue","Guardian:TimeBomb"],"picked":"Guardian:PolyBeam","floor":19},{"not_picked":["Guardian:WalkerClaw","Guardian:ShieldCharger"],"picked":"Guardian:Gem_Red","floor":22},{"not_picked":["Guardian:BronzeOrb","Guardian:SpikerProtocol"],"picked":"Guardian:Gem_Orange","floor":23},{"not_picked":["Guardian:Incinerate","Guardian:Suspension"],"picked":"Guardian:VentSteam","floor":26},{"not_picked":["Guardian:FloatingOrbs+1","Guardian:ChargeCore+1"],"picked":"Guardian:ArmoredProtocol+1","floor":27},{"not_picked":["Guardian:Gem_Red","Guardian:Reroute"],"picked":"Guardian:Recover","floor":29},{"not_picked":["Guardian:TimeSifter","Guardian:ShieldCharger+1"],"picked":"Guardian:ArmoredProtocol","floor":32},{"not_picked":["Guardian:Gem_Orange","Guardian:StasisField"],"picked":"Guardian:BaubleBeam","floor":33},{"not_picked":["Guardian:ShieldCharger+1","Guardian:BronzeArmor"],"picked":"Guardian:Gem_Green","floor":36},{"not_picked":["Guardian:TimeCapacitor","Guardian:ShieldCharger"],"picked":"Guardian:Gem_Green","floor":38},{"not_picked":["expansioncontent:LastStand","expansioncontent:DonusPower"],"picked":"expansioncontent:CaCaw","floor":39},{"not_picked":["expansioncontent:Sear","expansioncontent:DonusPower"],"picked":"expansioncontent:Flail","floor":39},{"not_picked":["expansioncontent:DonusPower","expansioncontent:AwakenDeath"],"picked":"expansioncontent:DefensiveStance","floor":39},{"not_picked":["Guardian:Recover+1","Guardian:TimeBomb+1"],"picked":"Guardian:DonusPower+1","floor":40},{"not_picked":["Guardian:BronzeOrb+1","Guardian:RollAttack+1"],"picked":"Guardian:MultiBeam+1","floor":43},{"not_picked":["Guardian:PiercingHide+1","Guardian:Incinerate+1"],"picked":"Guardian:EvasiveProtocol+1","floor":44},{"not_picked":["Guardian:ShieldCharger","Guardian:FastForward"],"picked":"Guardian:ArmoredProtocol","floor":45},{"not_picked":["Guardian:ShieldCharger","Guardian:Gem_Red"],"picked":"Guardian:PolyBeam+1","floor":46},{"not_picked":["Guardian:Gem_White","Guardian:DonusPower"],"picked":"Guardian:CrystalBeam+1","floor":48},{"not_picked":["Guardian:PiercingHide+1","Guardian:Gem_Cyan"],"picked":"Guardian:VentSteam+1","floor":49}],"player_experience":67592,"relics_obtained":[{"floor":6,"key":"Anchor"},{"floor":9,"key":"Vajra"},{"floor":23,"key":"Omamori"},{"floor":24,"key":"Tiny Chest"},{"floor":26,"key":"Shuriken"},{"floor":31,"key":"Letter Opener"},{"floor":38,"key":"CaptainsWheel"},{"floor":41,"key":"Bottled Tornado"},{"floor":46,"key":"Smiling Mask"}],"event_choices":[{"damage_healed":0,"gold_gain":0,"player_choice":"Donut","damage_taken":0,"max_hp_gain":5,"max_hp_loss":0,"event_name":"Big Fish","floor":3,"gold_loss":0},{"damage_healed":0,"gold_gain":0,"player_choice":"Ignored","damage_taken":0,"max_hp_gain":0,"max_hp_loss":0,"event_name":"Vampires","floor":20,"gold_loss":0},{"cards_removed":["Guardian:Strike_Guardian"],"damage_healed":0,"gold_gain":0,"player_choice":"Elegance","damage_taken":0,"max_hp_gain":0,"max_hp_loss":0,"event_name":"Back to Basics","floor":21,"gold_loss":0},{"cards_removed":["Guardian:VentSteam"],"damage_healed":0,"gold_gain":0,"player_choice":"Removed Skill","damage_taken":0,"max_hp_gain":0,"max_hp_loss":0,"event_name":"Falling","floor":37,"gold_loss":0},{"damage_healed":0,"gold_gain":0,"player_choice":"Fight","damage_taken":0,"max_hp_gain":0,"max_hp_loss":0,"event_name":"Mysterious Sphere","floor":38,"gold_loss":0}],"is_beta":false,"boss_relics":[{"not_picked":["Astrolabe","Fusion Hammer"],"picked":"Runic Pyramid"},{"not_picked":["Snecko Eye","Empty Cage"],"picked":"Guardian:StasisSlotReductionRelic"}],"items_purged_floors":[40,48],"is_endless":false,"potions_floor_spawned":[5,10,15,19,22,23,29,32,36,38,45,49],"ascension_level":0}}