{"host":"dztixnx9b0gu6w9i","time":1610473493,"event":{"mods":["BaseMod","Bestiary","Minty Spire (QoL Compilation)","Relic Stats","Slay the Relics Exporter","SpireBot","ojb\u0027s Better Paths Mod","ojb\u0027s Info Mod"],"gold_per_floor":[16,16,16,36,51,89,89,108,108,108,126,126,126,164,164,164,164],"floor_reached":16,"playtime":2021,"items_purged":[],"score":220,"play_id":"cde89131-1db4-4a49-8a7c-8e789ec26a72","local_time":"20210112124453","is_ascension_mode":true,"campfire_choices":[{"floor":7.0,"key":"REST"},{"data":"Beam Cell","floor":10.0,"key":"SMITH"},{"data":"Double Energy","floor":13.0,"key":"SMITH"},{"data":"Zap","floor":15.0,"key":"SMITH"}],"circlet_count":0,"master_deck":["AscendersBane","Strike_B","Strike_B","Strike_B","Strike_B","Defend_B","Defend_B","Defend_B","Defend_B","Zap+1","Dualcast","Beam Cell+1","Gash","Double Energy+1","Hello World","Leap","Ball Lightning","Hologram"],"relics":["Cracked Core","Unceasing Top","Golden Idol","Centennial Puzzle","Bottled Flame","Ice Cream"],"acts_visited":["Exordium"],"potions_floor_usage":[16],"damage_taken":[{"damage":2.0,"enemies":"Jaw Worm","floor":1.0,"turns":4.0},{"damage":7.0,"enemies":"2 Louse","floor":4.0,"turns":2.0},{"damage":0.0,"enemies":"Cultist","floor":5.0,"turns":3.0},{"damage":50.0,"enemies":"3 Sentries","floor":6.0,"turns":8.0},{"damage":1.0,"enemies":"Looter","floor":8.0,"turns":2.0},{"damage":4.0,"enemies":"2 Fungi Beasts","floor":11.0,"turns":3.0},{"damage":10.0,"enemies":"Gremlin Nob","floor":14.0,"turns":3.0},{"damage":7,"enemies":"Hexaghost","floor":16,"turns":7}],"seed_played":"4062581005648731144","potions_obtained":[{"floor":4.0,"key":"Ancient Potion"},{"floor":6.0,"key":"Energy Potion"},{"floor":8.0,"key":"BlessingOfTheForge"}],"is_trial":false,"path_per_floor":["M","?","?","M","M","E","R","M","T","R","M","?","R","E","R","B"],"character_chosen":"DEFECT","items_purchased":[],"campfire_rested":1,"item_purchase_floors":[],"current_hp_per_floor":[62,62,62,55,55,5,24,23,23,23,19,19,19,9,9,2,2],"gold":164,"neow_bonus":"ONE_RARE_RELIC","is_daily":false,"chose_seed":false,"campfire_upgraded":3,"win_rate":0.0,"timestamp":1610473493,"path_taken":["M","?","?","M","M","E","R","M","T","R","M","?","R","E","R","BOSS"],"items_purchased_type":[],"build_version":"2020-12-22","purchased_purges":0,"victory":false,"max_hp_per_floor":[71,64,64,64,64,64,64,64,64,64,64,64,64,64,64,64,64],"relic_stats":{"Centennial Puzzle":[12],"counters":[8,32],"Golden Idol":31,"obtain_stats":[{"Ice Cream":14,"Centennial Puzzle":6,"Bottled Flame":9,"Golden Idol":2,"Cracked Core":0,"Unceasing Top":0},{"Ice Cream":7,"Centennial Puzzle":4,"Bottled Flame":5,"Golden Idol":1,"Cracked Core":0,"Unceasing Top":0},{"Ice Cream":25,"Centennial Puzzle":17,"Bottled Flame":19,"Golden Idol":4,"Cracked Core":0,"Unceasing Top":0}],"Unceasing Top":[12]},"card_choices":[{"not_picked":["Gash","Scrape"],"picked":"Beam Cell","floor":1.0},{"not_picked":["Stack","Barrage"],"picked":"Gash","floor":4.0},{"not_picked":["Static Discharge","Stack"],"picked":"Double Energy","floor":5.0},{"not_picked":["Darkness","Chaos"],"picked":"Hello World","floor":6.0},{"not_picked":["Streamline","Barrage"],"picked":"Leap","floor":8.0},{"not_picked":["Redo","Conserve Battery"],"picked":"Ball Lightning","floor":11.0},{"not_picked":["Heatsinks","Blizzard"],"picked":"Hologram","floor":14.0}],"player_experience":8093239,"relics_obtained":[{"floor":6.0,"key":"Centennial Puzzle"},{"floor":9.0,"key":"Bottled Flame"},{"floor":14.0,"key":"Ice Cream"}],"event_choices":[{"damage_healed":0.0,"max_hp_gain":0.0,"max_hp_loss":7.0,"gold_gain":0.0,"event_name":"Golden Idol","player_choice":"Lose Max HP","floor":2.0,"gold_loss":0.0,"damage_taken":0.0,"relics_obtained":["Golden Idol"]},{"damage_healed":0.0,"max_hp_gain":0.0,"max_hp_loss":0.0,"gold_gain":0.0,"event_name":"Liars Game","player_choice":"Ignored","floor":3.0,"gold_loss":0.0,"damage_taken":0.0},{"damage_healed":0.0,"max_hp_gain":0.0,"max_hp_loss":0.0,"gold_gain":0.0,"event_name":"Shining Light","player_choice":"Ignored","floor":12.0,"gold_loss":0.0,"damage_taken":0.0}],"is_beta":false,"boss_relics":[],"items_purged_floors":[],"is_endless":false,"potions_floor_spawned":[4,6,8],"killed_by":"Hexaghost","ascension_level":20}}