{"host":"s6mlqkqtr3ey2mm2","time":1610488273,"event":{"mods":["2.2 Compatiblity","AchievementEnabler","Aspiration","BaseMod","Beaked The Cultist","Better Note","Better Vampires","BetterRewards","Challenge The Spire","Colored Map","Colored Powertips","Conspire","Curses Come First","Downfall","Emptier Cage","Energized Spire","GifTheSpireLib","GungeonMod","Halation","Hermit","Hubris","Infinite Spire","Ironclad Rager","Magitek Elite","Marked Mod","Minty Spire (QoL Compilation)","Poor People Problems","Quick Restart","RatMod","Replay The Spire","Retaliation","Robot Space Explorer","Shade Mod","Somnambulant","Spicy Shops","StSLib","Stuff the Spire","The Blue Laboratory","The Construct","The Druid","The Hayseed","The Hierophant","The IronCluck","The Necromancer","The Poker Player","The Runesmith","The Servant 0.9.4","The Valiant","vexMod"],"gold_per_floor":[109,109,8,24,74,101,101,113,113,145,145,163,90,90,90,188,188,188],"floor_reached":17,"language":"ENG","playtime":934,"items_purged":[],"score":163,"play_id":"a0609bb5-8e4c-4f68-bf41-d02ccde55d70","local_time":"20210112165113","is_ascension_mode":false,"campfire_choices":[{"data":"Cleave","floor":7,"key":"SMITH"},{"data":"Fire Breathing","floor":11,"key":"SMITH"},{"data":"hubris:SharpeningStone","floor":15,"key":"SMITH"}],"circlet_count":0,"master_deck":["Bash","ICR:RageStrike","ICR:RageStrike","ICR:RageStrike+1","ICR:RageStrike","ICR:RageStrike","ICR:ShieldBash","ICR:ShieldBash","ICR:ShieldBash","ICR:ShieldBash","ReplayTheSpireMod:Stacked","Fire Breathing+1","rat:Decimate","DDmod:SpikeInjectionSkill","hubris:SharpeningStone+1","Cleave+1","StuffTheSpire:Incineration","Run Through+1","Demon Form"],"relics":["Burning Blood","hubris:Towel","Replay:WaspNest","aspiration:SeaSaltIceCream","StuffTheSpire:Mouthbags","StuffTheSpire:HeavyRock","Whetstone","aspiration:PoetsPen_weak"],"acts_visited":["Exordium","TheCity"],"potions_floor_usage":[16,16],"damage_taken":[{"damage":7,"enemies":"Cultist","floor":1,"turns":4},{"damage":1,"enemies":"Small Slimes","floor":4,"turns":4},{"damage":23,"enemies":"3 Sentries","floor":6,"turns":5},{"damage":1,"enemies":"2 Louse","floor":8,"turns":2},{"damage":51,"enemies":"Lagavulin","floor":10,"turns":6},{"damage":10,"enemies":"Looter","floor":12,"turns":3},{"damage":21,"enemies":"Hexaghost","floor":16,"turns":5}],"seed_played":"-151187174378275841","potions_obtained":[{"floor":6,"key":"ElixirPotion"},{"floor":8,"key":"blueLaboratory:IronCompound"},{"floor":10,"key":"Fire Potion"}],"is_trial":false,"path_per_floor":["M","?","$","M","?","E","R","M","T","E","R","M","$","?","R","B",null],"character_chosen":"IRONCLAD","items_purchased":["Fire Breathing","rat:Decimate","DemoMod:WeirdEgg"],"campfire_rested":0,"item_purchase_floors":[3,3,13],"current_hp_per_floor":[79,79,79,80,80,63,63,68,68,23,23,19,19,27,27,12,80,80],"gold":188,"neow_bonus":"IRONCLAD_RAGER","is_daily":false,"chose_seed":false,"campfire_upgraded":3,"win_rate":0.0,"timestamp":1610488273,"path_taken":["M","?","$","M","?","E","R","M","T","E","R","M","$","?","R","BOSS"],"items_purchased_type":["Card","Card","Relic"],"build_version":"2020-12-22","purchased_purges":0,"victory":false,"max_hp_per_floor":[80,80,80,80,80,80,80,80,80,80,80,80,80,80,80,80,80,80],"card_choices":[{"not_picked":["Shrug It Off","Perfected Strike"],"picked":"ReplayTheSpireMod:Stacked","floor":1},{"not_picked":["Shrug It Off","DDmod:UnstoppableAttack"],"picked":"Cleave","floor":4},{"not_picked":["Headbutt","hubris:StunningStrike"],"picked":"DDmod:SpikeInjectionSkill","floor":6},{"not_picked":["DDmod:CallousedSkill","Warcry"],"picked":"hubris:SharpeningStone","floor":8},{"not_picked":["Searing Blow","DDmod:SpikeInjectionSkill"],"picked":"StuffTheSpire:Incineration","floor":10},{"not_picked":["Clothesline","StuffTheSpire:Slingshot"],"picked":"Run Through","floor":12},{"not_picked":["Corruption","Barricade"],"picked":"Demon Form","floor":16}],"player_experience":87310,"relics_obtained":[{"floor":6,"key":"Replay:WaspNest"},{"floor":9,"key":"aspiration:SeaSaltIceCream"},{"floor":10,"key":"StuffTheSpire:HeavyRock"}],"event_choices":[{"damage_healed":0,"gold_gain":50,"player_choice":"Gained Gold","damage_taken":0,"max_hp_gain":0,"max_hp_loss":0,"event_name":"Golden Wing","floor":5,"gold_loss":0}],"is_beta":false,"boss_relics":[{"not_picked":["StuffTheSpire:RunicHypercube","energizedSpire:TabascoSauce"],"picked":"aspiration:PoetsPen_weak"}],"items_purged_floors":[],"is_endless":false,"potions_floor_spawned":[6,8,10],"ascension_level":0}}