{"host":"Ruben","time":1610491339,"event":{"mods":["AchievementEnabler","Aspiration","BaseMod","Better Altar","Better Match","Better Note","Better Sensory Stone","Better Skull","Better Third Choice","BetterRewards","Colored Map","Conspire","Downfall","GifTheSpireLib","Highlight Path","Hubris","Mimic Mod","Minty Spire (QoL Compilation)","Permanent Neow","Replay The Spire","Shop Mod","Spicy Shops","StSLib","Stuff the Spire","everything is the same but u backflip on backflip","slay the spire mod where everything is the same but ironclad has a cowboy hat"],"gold_per_floor":[116,126,126,145,164,164,192,142,197,166,166,203,217,217,217,323,323,347,44,62,62,86,122,122,158,181,209,255,255,255,278,278,384,384,421,442,442,500,523,562,562,606,641,500,520,20,20,48,48,56,56],"floor_reached":50,"playtime":3969,"items_purged":["Strike_B","Strike_B","Strike_B+1"],"score":670,"play_id":"186414ef-23f3-4475-a36c-894f548c8ec5","local_time":"20210112234219","is_ascension_mode":false,"campfire_choices":[{"data":"Streamline","floor":6,"key":"SMITH"},{"floor":24,"key":"REST"},{"floor":29,"key":"REST"},{"floor":32,"key":"REST"},{"floor":47,"key":"REST"},{"floor":49,"key":"REST"}],"circlet_count":0,"master_deck":["Defend_B+1","Defend_B","Defend_B","Defend_B+1","Zap","Dualcast+1","Sweeping Beam","conspire:Rain","Streamline+1","Leap","Electrodynamics+1","Turbo+1","StuffTheSpire:Synthwave","sneckomod:Bewildered","Streamline","Sweeping Beam","Loop","Capacitor","Multi-Cast","Gash+1","Defragment+1","Static Discharge+1","Redo","Gash+1","Storm+1","Hidden Blade","Loop+1","Ball Lightning","Ball Lightning","Tempest"],"relics":["Cracked Core","aspiration:Nostalgia","StuffTheSpire:OccultApparatus","Replay:Bandana","Replay:Mystery Machine","betterThird:SlimedRelic","Blue Doll","MealTicket","Fusion Hammer","FossilizedHelix","Blood Vial","Toy Ornithopter","War Paint","hubris:DisguiseKit","Painkiller Herb","hubris:Towel","Lizard Tail","Simple Rune","hubris:Icosahedron","StuffTheSpire:SapphireSignet","Ice Cream","StuffTheSpire:Nightcore","aspiration:SeaSaltIceCream","aspiration:Nostalgia","sneckomod:SneckoSoul"],"acts_visited":["Exordium","TheCity","TheBeyond"],"potions_floor_usage":[16,16,16,33,35,45,45,50],"damage_taken":[{"damage":5,"enemies":"Small Slimes","floor":1,"turns":3},{"damage":1,"enemies":"Cultist","floor":2,"turns":3},{"damage":11,"enemies":"Jaw Worm","floor":4,"turns":3},{"damage":10,"enemies":"Looter","floor":5,"turns":3},{"damage":15,"enemies":"Gremlin Nob","floor":7,"turns":4},{"damage":20,"enemies":"Lagavulin","floor":12,"turns":6},{"damage":1,"enemies":"Red Slaver","floor":13,"turns":3},{"damage":24,"enemies":"Fading Forest","floor":16,"turns":11},{"damage":1,"enemies":"Shell Parasite","floor":18,"turns":6},{"damage":5,"enemies":"Chosen","floor":20,"turns":3},{"damage":20,"enemies":"Sentry and Sphere","floor":22,"turns":4},{"damage":9,"enemies":"Gremlin Leader","floor":23,"turns":5},{"damage":30,"enemies":"Slavers","floor":25,"turns":4},{"damage":8,"enemies":"Centurion and Healer","floor":27,"turns":4},{"damage":0,"enemies":"Gremlin Leader","floor":28,"turns":5},{"damage":24,"enemies":"Shelled Parasite and Fungi","floor":31,"turns":4},{"damage":6,"enemies":"Champ","floor":33,"turns":9},{"damage":27,"enemies":"3 Darklings","floor":35,"turns":3},{"damage":0,"enemies":"Orb Walker","floor":36,"turns":4},{"damage":4,"enemies":"Mind Bloom Boss Battle","floor":38,"turns":6},{"damage":0,"enemies":"Transient","floor":39,"turns":5},{"damage":64,"enemies":"Giant Head","floor":40,"turns":7},{"damage":7,"enemies":"R_Hoarder","floor":42,"turns":6},{"damage":0,"enemies":"Jaw Worm Horde","floor":43,"turns":5},{"damage":0,"enemies":"Jaw Worm Horde","floor":45,"turns":3},{"damage":0,"enemies":"Maw","floor":48,"turns":4},{"damage":81,"enemies":"hubris:GrandSnecko","floor":50,"turns":6}],"seed_played":"1674926822924896181","potions_obtained":[{"floor":2,"key":"Guardian:BlockOnCardUsePotion"},{"floor":7,"key":"Toxic Potion"},{"floor":12,"key":"Elixir"},{"floor":13,"key":"FearPotion"},{"floor":23,"key":"SneckoOil"},{"floor":27,"key":"DistilledChaos"},{"floor":28,"key":"Cursed Concoction"},{"floor":31,"key":"SpeedPotion"},{"floor":39,"key":"Energy Potion"},{"floor":42,"key":"GamblersBrew"},{"floor":45,"key":"Fire Potion"}],"is_trial":false,"path_per_floor":["M","M","?","M","M","R","E","?","T","?","?","E","M","?","R_BF","B",null,"M","$","M","?","M","E","R","E","T","M","E","R","?","M","R","B",null,"?","?","?","?","?","E","?","E","MIM","T","?","T","T","?","T","B"],"character_chosen":"DEFECT","items_purchased":["StuffTheSpire:Synthwave","Loop+1","Ball Lightning","aspiration:SeaSaltIceCream","Tempest"],"campfire_rested":5,"item_purchase_floors":[19,44,46,46,46],"current_hp_per_floor":[70,69,69,58,48,48,33,33,33,22,22,2,1,1,23,9,75,74,75,70,70,50,41,63,35,35,29,31,53,61,39,61,62,75,48,50,50,48,50,37,37,32,36,51,63,75,75,75,75,0,0],"gold":56,"neow_bonus":"NOSTALGIA","is_daily":false,"chose_seed":false,"campfire_upgraded":1,"win_rate":0.0,"timestamp":1610491339,"path_taken":["M","M","?","?","M","R","E","?","T","?","?","E","?","?","R_BF","BOSS","M","$","M","?","M","E","R","E","T","M","E","R","?","M","R","BOSS","?","?","?","?","?","E","?","E","MIM","T","?","T","T","?","T","BOSS"],"items_purchased_type":["Card","Card","Card","Relic","Card"],"build_version":"2020-12-18","purchased_purges":3,"victory":false,"max_hp_per_floor":[75,75,75,75,75,75,75,75,75,75,75,75,75,75,75,75,75,75,75,75,75,75,75,75,75,75,75,75,75,75,75,75,75,75,75,75,75,75,75,75,75,75,75,75,75,75,75,75,75,75,75],"card_choices":[{"not_picked":["Headbutt","Steam"],"picked":"Sweeping Beam","floor":1},{"not_picked":["hubris:PowerSurge","Steam"],"picked":"conspire:Rain","floor":2},{"not_picked":["FlyingSleeves","BowlingBash"],"picked":"Streamline","floor":4},{"not_picked":["Rebound","Glacier","Beam Cell"],"picked":"SKIP","floor":5},{"not_picked":["Stack","Go for the Eyes"],"picked":"Leap","floor":7},{"not_picked":["EmptyFist","Go for the Eyes","Cold Snap"],"picked":"SKIP","floor":12},{"not_picked":["Fusion","Conserve Battery"],"picked":"Electrodynamics","floor":13},{"not_picked":["Barrage","Conserve Battery"],"picked":"Turbo+1","floor":18},{"not_picked":["Rebound","Darkness+1","Turbo"],"picked":"SKIP","floor":20},{"not_picked":["Hologram","Barrage"],"picked":"Streamline","floor":22},{"not_picked":["StuffTheSpire:LaunchingStrike","Panic Button"],"picked":"Sweeping Beam","floor":23},{"not_picked":["Cold Snap","Genetic Algorithm","StuffTheSpire:LoadUp"],"picked":"SKIP","floor":25},{"not_picked":["Coolheaded+1","StuffTheSpire:LoadUp"],"picked":"Loop","floor":27},{"not_picked":["Compile Driver","Barrage"],"picked":"Capacitor","floor":28},{"not_picked":["StuffTheSpire:NuclearReactor","Coolheaded","Panic Button+1","StuffTheSpire:DoubleShiv"],"picked":"SKIP","floor":31},{"not_picked":["Mirror Shield","Fission","Atom Bomb"],"picked":"Multi-Cast","floor":33},{"not_picked":["ReplayTheSpireMod:Dual Polarity","Conserve Battery","Dagger Throw"],"picked":"Gash+1","floor":35},{"not_picked":["Barrage+1","Compile Driver","Prepared"],"picked":"Defragment+1","floor":36},{"not_picked":["Turbo+1","ReplayTheSpireMod:Reroute Power","Deadly Poison"],"picked":"Static Discharge+1","floor":38},{"not_picked":["Chaos","Barrage","StuffTheSpire:Shiver"],"picked":"Redo","floor":39},{"not_picked":["hubris:SpecializedCircuitry","Leap","Crippling Poison"],"picked":"Gash+1","floor":40},{"not_picked":["Multi-Cast","Panic Button","StuffTheSpire:MirrorStance"],"picked":"Storm+1","floor":42},{"not_picked":["conspire:Rain","BasicCrystalCard","StuffTheSpire:ShieldGenerator"],"picked":"Hidden Blade","floor":43},{"not_picked":["Go for the Eyes+1","Meteor Strike","Consume","Dagger Throw"],"picked":"SKIP","floor":45},{"not_picked":["Steam","Panic Button","Ball Lightning","Cloak And Dagger"],"picked":"SKIP","floor":48}],"player_experience":254048,"relics_obtained":[{"floor":7,"key":"Replay:Bandana"},{"floor":9,"key":"Replay:Mystery Machine"},{"floor":12,"key":"MealTicket"},{"floor":23,"key":"Blood Vial"},{"floor":25,"key":"Toy Ornithopter"},{"floor":26,"key":"War Paint"},{"floor":28,"key":"hubris:DisguiseKit"},{"floor":38,"key":"Lizard Tail"},{"floor":40,"key":"Simple Rune"},{"floor":42,"key":"StuffTheSpire:SapphireSignet"},{"floor":43,"key":"Ice Cream"},{"floor":43,"key":"StuffTheSpire:Nightcore"}],"event_choices":[{"damage_healed":0,"gold_gain":0,"player_choice":"Ignored","damage_taken":0,"max_hp_gain":0,"max_hp_loss":0,"event_name":"betterNote:BetterNote","floor":3,"gold_loss":0,"cards_obtained":["Worship"]},{"cards_removed":["Strike_B"],"damage_healed":0,"gold_gain":0,"player_choice":"Card Removal","damage_taken":0,"max_hp_gain":0,"max_hp_loss":0,"event_name":"The Cleric","floor":8,"gold_loss":50},{"damage_healed":0,"gold_gain":0,"player_choice":"Slimed","damage_taken":11,"max_hp_gain":0,"max_hp_loss":0,"event_name":"betterThird:BetterGoop","floor":10,"gold_loss":31},{"damage_healed":0,"gold_gain":0,"player_choice":"Gave Potion","damage_taken":0,"relics_obtained":["Blue Doll"],"max_hp_gain":0,"max_hp_loss":0,"event_name":"WeMeetAgain","floor":11,"gold_loss":0},{"damage_healed":0,"gold_gain":0,"player_choice":"Fight","damage_taken":0,"max_hp_gain":0,"max_hp_loss":0,"event_name":"MindBloom","floor":38,"gold_loss":0}],"is_beta":true,"boss_relics":[{"not_picked":["Snecko Eye","SlaversCollar"],"picked":"Fusion Hammer"},{"not_picked":["conspire:SeveredTorchhead","hubris:ScarierMask"],"picked":"Painkiller Herb"}],"items_purged_floors":[19,44,46],"is_endless":false,"potions_floor_spawned":[2,7,12,13,23,27,28,31,39,42,45],"killed_by":"hubris:GrandSnecko","ascension_level":0}}