{"host":"0tiuc76yumknr6qf","time":1610462269,"event":{"mods":["BaseMod","Colored Map","Highlight Path","Minty Spire (QoL Compilation)","StSLib","The Necromancer"],"gold_per_floor":[113,60,60,71,91,91,104,104,128,17,37,65,75,75,75,172,172,183,183,183,203,203,203,229,229,229,229,93,93,93,93,93,194,194,209,223,223,203,215,215,215,215,287,312,312,324,350,363,363,363,363,363,150,180,180],"floor_reached":56,"playtime":3243,"items_purged":["Strike_W","Strike_W+1"],"score":1784,"play_id":"cc9024ea-9ce1-4982-b427-00fad8ee372b","local_time":"20210112083749","is_ascension_mode":true,"campfire_choices":[{"data":"Deaths_Shadow","floor":6,"key":"SMITH"},{"data":"Negative_Energy_Sphere","floor":8,"key":"SMITH"},{"data":"Summon_Undead_Army","floor":15,"key":"SMITH"},{"data":"Grasp_Heart","floor":23,"key":"SMITH"},{"data":"Summon_Undead_Army","floor":27,"key":"SMITH"},{"floor":30,"key":"REST"},{"data":"Shade_Step","floor":32,"key":"SMITH"},{"data":"Summon_Death_Knight","floor":40,"key":"SMITH"},{"data":"Deep Breath","floor":42,"key":"SMITH"},{"floor":49,"key":"RECALL"},{"data":"Spectral_Armor","floor":52,"key":"SMITH"}],"circlet_count":0,"master_deck":["AscendersBane","Defend_W+1","Defend_W+1","Defend_W+1","Defend_W+1","Negative_Energy_Arrows","Bone_Wall","Deaths_Shadow+1","Siphon_Strength","Negative_Energy_Shield","Summon_Lich","Negative_Energy_Javelin","Summon_Undead_Army+1","Grasp_Heart+1","Deaths_Shadow+1","Summon_Undead_Army+1","Siphon_Strength","Shade_Step+1","Summon_Death_Knight+1","Negative_Energy_Shield+1","Spectral_Armor+1","Discovery","Deep Breath+1","Summon_Undead","Scare+1","Corrupt","Sadistic Nature","Summon_Undead_Army"],"relics":["Vampire_Amulet","Mango","Happy Flower","Potion Belt","Empty Cage","Prayer Wheel","Bronze Scales","Singing Bowl","Enchiridion","Velvet Choker","FossilizedHelix","PreservedInsect","Gambling Chip"],"acts_visited":["Exordium","TheCity","TheBeyond","TheEnding"],"potions_floor_usage":[16,33,47,54,54,55],"damage_taken":[{"damage":0,"enemies":"Small Slimes","floor":1,"turns":4},{"damage":1,"enemies":"Jaw Worm","floor":4,"turns":3},{"damage":1,"enemies":"Cultist","floor":5,"turns":3},{"damage":4,"enemies":"Looter","floor":7,"turns":3},{"damage":2,"enemies":"Large Slime","floor":11,"turns":6},{"damage":11,"enemies":"3 Sentries","floor":12,"turns":4},{"damage":1,"enemies":"2 Fungi Beasts","floor":13,"turns":2},{"damage":46,"enemies":"Hexaghost","floor":16,"turns":8},{"damage":24,"enemies":"2 Thieves","floor":18,"turns":3},{"damage":0,"enemies":"3 Byrds","floor":21,"turns":5},{"damage":47,"enemies":"Book of Stabbing","floor":24,"turns":4},{"damage":56,"enemies":"Collector","floor":33,"turns":8},{"damage":0,"enemies":"Orb Walker","floor":35,"turns":2},{"damage":0,"enemies":"3 Shapes","floor":36,"turns":3},{"damage":16,"enemies":"Spire Growth","floor":39,"turns":4},{"damage":1,"enemies":"Nemesis","floor":44,"turns":7},{"damage":0,"enemies":"Transient","floor":46,"turns":5},{"damage":18,"enemies":"Reptomancer","floor":47,"turns":7},{"damage":9,"enemies":"Jaw Worm Horde","floor":48,"turns":4},{"damage":32,"enemies":"Awakened One","floor":50,"turns":14},{"damage":8,"enemies":"Shield and Spear","floor":54,"turns":7},{"damage":44,"enemies":"The Heart","floor":55,"turns":10}],"seed_played":"-6888476408819394364","potions_obtained":[{"floor":5,"key":"SkillPotion"},{"floor":7,"key":"PowerPotion"},{"floor":21,"key":"Energy Potion"},{"floor":24,"key":"Fire Potion"},{"floor":36,"key":"SpeedPotion"},{"floor":38,"key":"CultistPotion"},{"floor":47,"key":"AttackPotion"},{"floor":54,"key":"Fire Potion"}],"is_trial":false,"path_per_floor":["M","$","?","M","M","R","M","R","T","$","M","E","M","?","R","B",null,"M","?","?","M","T","R","E","?","T","R","$","?","R","?","R","B",null,"M","M","?","?","M","R","?","R","T","E","?","M","E","M","R","B",null,"R","$","E","B",null],"character_chosen":"NECROMANCER","items_purchased":["Negative_Energy_Sphere","Summon_Lich","Shade_Step","Sadistic Nature","Summon_Undead_Army"],"campfire_rested":1,"item_purchase_floors":[2,10,28,53,53],"current_hp_per_floor":[68,68,73,74,75,75,73,73,73,73,75,70,73,73,73,50,83,63,63,63,69,69,69,24,24,24,24,24,8,36,104,104,51,91,95,105,105,105,105,105,97,97,97,116,110,112,112,109,109,85,107,107,107,116,74],"gold":180,"neow_bonus":"ONE_RARE_RELIC","is_daily":false,"chose_seed":false,"campfire_upgraded":9,"win_rate":0.0,"timestamp":1610462269,"path_taken":["M","$","?","M","M","R","M","R","T","?","?","E","M","?","R","BOSS","M","?","?","?","?","R","E","?","T","R","$","?","R","?","R","BOSS","M","M","?","?","?","R","?","R","T","E","?","M","E","M","R","BOSS","R","$","E","BOSS"],"items_purchased_type":["Card","Card","Card","Card","Card"],"build_version":"2020-12-22","purchased_purges":2,"victory":true,"max_hp_per_floor":[89,89,94,94,94,94,94,94,94,94,94,94,94,94,94,94,94,94,94,94,94,94,94,94,94,94,94,94,94,94,104,104,104,104,106,110,110,110,112,112,114,114,114,116,110,112,112,114,114,114,114,114,114,116,116],"card_choices":[{"not_picked":["Bones_to_Steel","Bone_Shift"],"picked":"Deaths_Shadow","floor":1},{"not_picked":["Blood_Whip","Violent_Necrosis"],"picked":"Siphon_Strength","floor":4},{"not_picked":["Shackles_Of_Pain","Death_Coil","Violent_Necrosis"],"picked":"SKIP","floor":5},{"not_picked":["Death_Coil","Bone_Shift"],"picked":"Negative_Energy_Shield","floor":7},{"not_picked":["Consume_Illness","Corrupt"],"picked":"Blood_Magic","floor":11},{"not_picked":["Bone_Bullets","Pandemic"],"picked":"Negative_Energy_Javelin","floor":12},{"not_picked":["Violent_Necrosis","Bone_Armor"],"picked":"Summon_Undead_Army","floor":13},{"not_picked":["Skeleton_Dragon","Requiem"],"picked":"Grasp_Heart","floor":16},{"not_picked":["Flesh_Made_Foul","Consume_Illness","Summon_Lich+1"],"picked":"SKIP","floor":18},{"not_picked":["Slay_Living","Consume_Illness"],"picked":"Deaths_Shadow+1","floor":21},{"not_picked":["Blood_Is_Power","Finger_Of_Death"],"picked":"Summon_Undead_Army","floor":24},{"not_picked":["Cloudkill","Negative_Energy_Bomb"],"picked":"Summon_Death_Knight","floor":33},{"not_picked":["Consume_Illness+1","Negative_Energy_Mist","Negative_Energy_Shield"],"picked":"Singing Bowl","floor":35},{"not_picked":["Bones_to_Steel+1","Corrupt"],"picked":"Negative_Energy_Shield+1","floor":35},{"not_picked":["Negative_Energy_Mist","Acid_Javelin+1","Bone_Spikes"],"picked":"Singing Bowl","floor":36},{"not_picked":["Exploit+1","Negative_Energy_Mist","Shackles_Of_Pain+1"],"picked":"Singing Bowl","floor":36},{"not_picked":["Negative_Energy_Mist","Finger_Of_Death","Blood_for_Blood"],"picked":"Singing Bowl","floor":39},{"not_picked":["Blood_Curse","Deaths_Shadow"],"picked":"Spectral_Armor","floor":39},{"not_picked":["Panacea","Panache","Enlightenment"],"picked":"Singing Bowl","floor":41},{"not_picked":["Chrysalis","Panacea"],"picked":"Discovery","floor":41},{"not_picked":["Madness","Bandage Up"],"picked":"Deep Breath","floor":41},{"not_picked":["Life_Drain+1","Plague_Bolt+1","Consume_Illness+1"],"picked":"Singing Bowl","floor":44},{"not_picked":["Negative_Energy_Javelin","Blood_Curse+1","Consume_Illness"],"picked":"Singing Bowl","floor":46},{"not_picked":["Negative_Energy_Javelin+1","Finger_Of_Death"],"picked":"Summon_Undead","floor":46},{"not_picked":["Negative_Energy_Javelin","Thousand_Bone_Knives+1"],"picked":"Scare+1","floor":47},{"not_picked":["Bone_Bullets+1","Vampiric_Strike"],"picked":"Corrupt","floor":48},{"not_picked":["Negative_Energy_Javelin+1","Negative_Energy_Mist","Hellfire"],"picked":"Singing Bowl","floor":48},{"not_picked":["Blood_Curse","Cloudkill","Whirlwind_of_Bones"],"picked":"Singing Bowl","floor":54}],"player_experience":1966430,"relics_obtained":[{"floor":9,"key":"Happy Flower"},{"floor":12,"key":"Potion Belt"},{"floor":22,"key":"Prayer Wheel"},{"floor":24,"key":"Bronze Scales"},{"floor":26,"key":"Singing Bowl"},{"floor":29,"key":"Enchiridion"},{"floor":44,"key":"FossilizedHelix"},{"floor":47,"key":"PreservedInsect"},{"floor":54,"key":"Gambling Chip"}],"event_choices":[{"damage_healed":0,"gold_gain":0,"player_choice":"Donut","damage_taken":0,"max_hp_gain":5,"max_hp_loss":0,"event_name":"Big Fish","floor":3,"gold_loss":0},{"damage_healed":0,"gold_gain":0,"player_choice":"Ignored","damage_taken":0,"max_hp_gain":0,"max_hp_loss":0,"event_name":"Liars Game","floor":14,"gold_loss":0},{"damage_healed":0,"gold_gain":0,"player_choice":"Simplicity","damage_taken":0,"max_hp_gain":0,"max_hp_loss":0,"event_name":"Back to Basics","floor":19,"gold_loss":0,"cards_upgraded":["Strike_W","Defend_W","Defend_W","Defend_W","Defend_W"]},{"damage_healed":0,"gold_gain":0,"player_choice":"Ignored","damage_taken":0,"max_hp_gain":0,"max_hp_loss":0,"event_name":"Vampires","floor":20,"gold_loss":0},{"damage_healed":0,"gold_gain":0,"player_choice":"Read","damage_taken":0,"max_hp_gain":0,"max_hp_loss":0,"event_name":"The Library","floor":25,"gold_loss":0,"cards_obtained":["Siphon_Strength"]},{"damage_healed":0,"gold_gain":0,"player_choice":"Obtained Book","damage_taken":16,"max_hp_gain":0,"max_hp_loss":0,"event_name":"Cursed Tome","floor":29,"gold_loss":0},{"cards_removed":["Blood_Magic"],"damage_healed":58,"gold_gain":0,"player_choice":"Offered Rare","damage_taken":0,"max_hp_gain":10,"max_hp_loss":0,"event_name":"Bonfire Elementals","floor":31,"gold_loss":0},{"cards_removed":["Negative_Energy_Sphere"],"damage_healed":0,"gold_gain":0,"player_choice":"Removed Attack","damage_taken":0,"max_hp_gain":0,"max_hp_loss":0,"event_name":"Falling","floor":37,"gold_loss":0},{"damage_healed":0,"gold_gain":0,"player_choice":"Bought 1 Potion","damage_taken":0,"max_hp_gain":0,"max_hp_loss":0,"event_name":"The Woman in Blue","floor":38,"gold_loss":0},{"damage_healed":0,"gold_gain":0,"player_choice":"Memory 3","damage_taken":10,"max_hp_gain":0,"max_hp_loss":0,"event_name":"SensoryStone","floor":41,"gold_loss":0},{"damage_healed":0,"gold_gain":0,"player_choice":"Max HP","damage_taken":0,"max_hp_gain":0,"max_hp_loss":6,"event_name":"Winding Halls","floor":45,"gold_loss":0}],"is_beta":false,"boss_relics":[{"not_picked":["Sozu","Astrolabe"],"picked":"Empty Cage"},{"not_picked":["Tiny House","Calling Bell"],"picked":"Velvet Choker"}],"items_purged_floors":[10,28],"is_endless":false,"potions_floor_spawned":[5,7,11,21,24,36,44,47,54],"ascension_level":12}}