{"host":"rdkrwszfl07lpbj9","time":1610477998,"event":{"mods":["Act Like it!","Aspiration","BaseMod","Beaked The Cultist","Colored Powertips","Downfall","Friendly Minions","Hermit","Infinite Spire","Minty Spire (QoL Compilation)","Replay The Spire","StSLib","The Construct","The Elementalist","The Hierophant","The Jungle","The Marked","The Runesmith"],"gold_per_floor":[99,117,137,47,47,67,90,240,255,140,152,171,187,199,212,313,313,313,328,343,359,371,389,389,405,431,450,450,450,450,469,481,580,580,580,595,611,626,626,626,626,626,626,626],"floor_reached":42,"language":"ENG","playtime":3460,"items_purged":["champ:Strike","Slimebound:Icky"],"score":422,"play_id":"132e6161-eacc-4d2e-93e9-d0d8ef257a43","local_time":"20210112105958","is_ascension_mode":false,"campfire_choices":[{"data":"champ:Strike","floor":1.0,"key":"PURGE"},{"data":"champ:Taunt","floor":18.0,"key":"SMITH"},{"floor":30.0,"key":"REST"},{"data":"champ:Defend","floor":35.0,"key":"PURGE"}],"circlet_count":0,"master_deck":["champ:Strike","champ:Strike","champ:Defend","champ:Defend","champ:Defend","champ:Execute","champ:Taunt+1","champ:GladiatorStyle","champ:Haymaker","champ:PreciseThrust","champ:HoldFirm","champ:CrownThrow","champ:BladeFlurry","champ:Improvising","Runesmith:CraftMedicinae+1","Replay:Hysterical Blindness"],"relics":["champ:ChampionCrownUpgraded","ReplayTheSpireMod:Lightbulb","Cursed Key","infinitespire:EmpoweringShard","aspiration:RitualStick","infinitespire:Bottled Soul"],"acts_visited":["Exordium","TheCity","TheBeyond"],"potions_floor_usage":[],"damage_taken":[{"damage":6.0,"enemies":"Cultist","floor":2.0,"turns":3.0},{"damage":10.0,"enemies":"Small Slimes","floor":3.0,"turns":5.0},{"damage":0.0,"enemies":"downfall:FleeingMerchant","floor":4.0,"turns":4.0},{"damage":0.0,"enemies":"2 Louse","floor":6.0,"turns":3.0},{"damage":1.0,"enemies":"Blue Slaver","floor":9.0,"turns":6.0},{"damage":0.0,"enemies":"downfall:FleeingMerchant","floor":10.0,"turns":4.0},{"damage":7.0,"enemies":"Red Slaver","floor":11.0,"turns":5.0},{"damage":4.0,"enemies":"Gremlin Gang","floor":12.0,"turns":9.0},{"damage":2.0,"enemies":"Lots of Slimes","floor":13.0,"turns":8.0},{"damage":8.0,"enemies":"Exordium Thugs","floor":14.0,"turns":8.0},{"damage":1.0,"enemies":"Exordium Wildlife","floor":15.0,"turns":6.0},{"damage":8.0,"enemies":"downfall:Watcher","floor":16.0,"turns":17.0},{"damage":5.0,"enemies":"Chosen","floor":19.0,"turns":4.0},{"damage":0.0,"enemies":"Shell Parasite","floor":20.0,"turns":6.0},{"damage":23.0,"enemies":"Cultist and Chosen","floor":21.0,"turns":8.0},{"damage":20.0,"enemies":"Centurion and Healer","floor":22.0,"turns":8.0},{"damage":4.0,"enemies":"3 Cultists","floor":23.0,"turns":6.0},{"damage":0.0,"enemies":"Cultist and Chosen","floor":25.0,"turns":7.0},{"damage":4.0,"enemies":"Gremlin Leader","floor":26.0,"turns":9.0},{"damage":6.0,"enemies":"Snecko","floor":27.0,"turns":3.0},{"damage":5.0,"enemies":"Snake Plant","floor":31.0,"turns":4.0},{"damage":5.0,"enemies":"Centurion and Healer","floor":32.0,"turns":5.0},{"damage":38.0,"enemies":"downfall:Silent","floor":33.0,"turns":8.0},{"damage":29,"enemies":"3 Darklings","floor":36,"turns":6},{"damage":17,"enemies":"Orb Walker","floor":37,"turns":3},{"damage":9,"enemies":"Maw","floor":38,"turns":7},{"damage":0,"enemies":"Writhing Mass","floor":42,"turns":1}],"seed_played":"-1432962739538390555","potions_obtained":[{"floor":2.0,"key":"Swift Potion"},{"floor":6.0,"key":"Block Potion"},{"floor":9.0,"key":"champ:TechniquePotion"},{"floor":11.0,"key":"Dexterity Potion"},{"floor":19.0,"key":"champ:UltimateStancePotion"},{"floor":23.0,"key":"Elixir"},{"floor":27.0,"key":"champ:TechniquePotion"},{"floor":33.0,"key":"Weak Potion"}],"is_trial":false,"path_per_floor":["R","M","M","$","?","M","T","?","M","$","M","M","M","M","M","B",null,"R","M","M","M","M","M","T","M","E","M","T","?","R","M","M","B",null,"R","M","M","M","?","?","T","M"],"character_chosen":"THE_CHAMP","items_purchased":[],"campfire_rested":1,"item_purchase_floors":[],"current_hp_per_floor":[99,98,93,93,93,93,93,93,92,92,88,87,85,77,76,68,99,99,99,99,76,61,57,57,57,53,47,47,27,56,51,51,13,99,99,76,65,62,62,62,62,62,62,62],"gold":626,"neow_bonus":"TEN_PERCENT_HP_BONUS","is_daily":false,"chose_seed":false,"campfire_upgraded":1,"win_rate":0.0,"timestamp":1610477998,"path_taken":["R","M","M","?","?","M","T","?","M","?","?","M","M","M","M","BOSS","R","M","M","?","?","M","T","M","E","M","?","?","R","M","M","BOSS","R","M","M","M","?","?","T","?"],"items_purchased_type":[],"build_version":"2020-12-22","purchased_purges":2,"victory":false,"max_hp_per_floor":[99,99,99,99,99,99,99,99,99,99,99,99,99,99,99,99,99,99,99,99,99,99,99,99,99,99,99,99,99,99,99,99,99,99,99,99,99,99,99,99,99,99,99,99],"card_choices":[{"not_picked":["champ:GladiatorsShout","champ:PreciseThrust"],"picked":"champ:GladiatorStyle","floor":2.0},{"not_picked":["champ:TornadoPunch","champ:ViciousMockery"],"picked":"champ:Haymaker","floor":3.0},{"not_picked":["champ:ViciousMockery","champ:FalseCounter"],"picked":"champ:PreciseThrust","floor":4.0},{"not_picked":["champ:StanceDance","champ:FocusedDefense"],"picked":"champ:HoldFirm","floor":6.0},{"not_picked":["champ:StanceDance","champ:FlashCut","champ:CrookedStrike"],"picked":"SKIP","floor":9.0},{"not_picked":["champ:Backstep","champ:BerserkerStyle","champ:ShieldThrow"],"picked":"SKIP","floor":10.0},{"not_picked":["champ:Backstep","champ:DefensiveShout","champ:AdrenalArmor"],"picked":"SKIP","floor":11.0},{"not_picked":["champ:Lariat","champ:GutPunch","champ:GladiatorsShout"],"picked":"SKIP","floor":12.0},{"not_picked":["champ:FanOfKnives","champ:ShieldThrow","champ:PerfectedStrike"],"picked":"SKIP","floor":13.0},{"not_picked":["champ:BerserkersShout","champ:BringItOn","champ:Encircle"],"picked":"SKIP","floor":14.0},{"not_picked":["champ:Backstep","champ:TornadoPunch","champ:PerfectedStrike"],"picked":"SKIP","floor":15.0},{"not_picked":["champ:IgnorePain","champ:SwordThrow"],"picked":"champ:CrownThrow","floor":16.0},{"not_picked":["champ:Encircle+1","champ:FanOfKnives","champ:AdrenalArmor+1"],"picked":"SKIP","floor":19.0},{"not_picked":["champ:HeartStrike","champ:EnragedBash","champ:GutPunch"],"picked":"SKIP","floor":20.0},{"not_picked":["champ:PerfectedStrike+1","champ:AdrenalArmor+1"],"picked":"champ:BladeFlurry","floor":21.0},{"not_picked":["champ:StanceDance","champ:CrookedStrike","champ:DeathBlow"],"picked":"SKIP","floor":22.0},{"not_picked":["champ:DefensiveShout","champ:BerserkerStyle","champ:StanceDance"],"picked":"SKIP","floor":23.0},{"not_picked":["champ:BringItOn","champ:Lariat"],"picked":"champ:Improvising","floor":25.0},{"not_picked":["champ:Backstep","champ:DefensiveStyle+1","champ:BringItOn"],"picked":"SKIP","floor":26.0},{"not_picked":["champ:BladeFlurry","champ:ShieldWall","champ:BringItOn"],"picked":"SKIP","floor":27.0},{"not_picked":["champ:DefensiveShout","champ:RisingSlash","champ:Riposte"],"picked":"SKIP","floor":31.0},{"not_picked":["champ:FaceSlap","champ:FanOfKnives+1","champ:HeartStrike"],"picked":"SKIP","floor":32.0},{"not_picked":["champ:CrownThrow","champ:StrikeOfGenius"],"picked":"champ:HoldFirm","floor":33.0},{"not_picked":["champ:Shatter+1","champ:CalledShot","champ:AdrenalArmor+1"],"picked":"SKIP","floor":36},{"not_picked":["champ:FocusedBerserking+1","champ:GutPunch+1","champ:Shatter+1"],"picked":"SKIP","floor":37},{"not_picked":["champ:HeartStrike","champ:BerserkersShout+1","champ:AdrenalArmor"],"picked":"SKIP","floor":38}],"player_experience":1000625,"relics_obtained":[{"floor":7.0,"key":"ReplayTheSpireMod:Lightbulb"},{"floor":26.0,"key":"infinitespire:EmpoweringShard"},{"floor":41,"key":"infinitespire:Bottled Soul"}],"event_choices":[{"cards_removed":["champ:HoldFirm"],"damage_healed":0,"gold_gain":0,"player_choice":"Took Card","damage_taken":0,"max_hp_gain":0,"max_hp_loss":0,"event_name":"NoteForYourself","floor":40,"gold_loss":0,"cards_obtained":["Runesmith:CraftMedicinae"]}],"is_beta":false,"boss_relics":[{"not_picked":["Black Star","Abe\u0027s Treasure"],"picked":"Cursed Key"},{"not_picked":["Replay:Drink Me","SlaversCollar"],"picked":"champ:ChampionCrownUpgraded"}],"items_purged_floors":[4,10],"is_endless":false,"potions_floor_spawned":[2,6,9,11,12,16,19,22,23,27,33,38],"killed_by":"Writhing Mass","ascension_level":0}}