{"host":"tl8jdqk9pnwb74j1","time":1610459092,"event":{"mods":["BaseMod","BetterRewards","Custom Start","Minty Spire (QoL Compilation)","Shop Mod","StSLib","SuperFastMode"],"gold_per_floor":[110,185,59,74,74,109,109,109,109,124,124,73,89,108,108,229,229,243,259,91,115,131,154,154,193,193,208,63,88,88,101,101,220,220,220,220],"floor_reached":35,"playtime":1242,"items_purged":["Strike_R","Strike_R"],"score":386,"play_id":"f5aa2c6d-e6e3-4251-a722-5ae1e13ff367","local_time":"20210112214452","is_ascension_mode":false,"campfire_choices":[{"data":"Body Slam","floor":7.0,"key":"SMITH"},{"data":"Flame Barrier","floor":11.0,"key":"SMITH"},{"data":"Bash","floor":15.0,"key":"SMITH"},{"data":"Barricade","floor":24.0,"key":"SMITH"},{"data":"Entrench","floor":32.0,"key":"SMITH"}],"circlet_count":0,"master_deck":["Strike_R","Defend_R","Defend_R","Defend_R","Defend_R","Bash+1","Body Slam+1","True Grit+1","Flame Barrier+1","Shrug It Off","Barricade+1","Body Slam","Entrench+1","Shockwave","Dual Wield","Shrug It Off","Armaments","Entrench+1","Writhe","Offering"],"relics":["Burning Blood","NeowsBlessing","Golden Idol","Champion Belt","Torii","Sozu","Red Mask","Lizard Tail","Anchor","Bag of Marbles","Empty Cage"],"acts_visited":["Exordium","TheCity","TheBeyond"],"potions_floor_usage":[],"damage_taken":[{"damage":0.0,"enemies":"Small Slimes","floor":1.0,"turns":1.0},{"damage":0.0,"enemies":"2 Louse","floor":4.0,"turns":1.0},{"damage":0.0,"enemies":"Lagavulin","floor":6.0,"turns":1.0},{"damage":0.0,"enemies":"Cultist","floor":10.0,"turns":4.0},{"damage":1.0,"enemies":"3 Louse","floor":13.0,"turns":4.0},{"damage":7.0,"enemies":"Blue Slaver","floor":14.0,"turns":4.0},{"damage":59.0,"enemies":"Slime Boss","floor":16.0,"turns":18.0},{"damage":8.0,"enemies":"Shell Parasite","floor":18.0,"turns":7.0},{"damage":0.0,"enemies":"Spheric Guardian","floor":19.0,"turns":7.0},{"damage":20.0,"enemies":"Centurion and Healer","floor":21.0,"turns":5.0},{"damage":17.0,"enemies":"Sentry and Sphere","floor":22.0,"turns":9.0},{"damage":27.0,"enemies":"Shelled Parasite and Fungi","floor":23.0,"turns":6.0},{"damage":29.0,"enemies":"Masked Bandits","floor":25.0,"turns":5.0},{"damage":9.0,"enemies":"Centurion and Healer","floor":27.0,"turns":5.0},{"damage":10.0,"enemies":"Sentry and Sphere","floor":29.0,"turns":10.0},{"damage":2.0,"enemies":"Snake Plant","floor":31.0,"turns":6.0},{"damage":13.0,"enemies":"Automaton","floor":33.0,"turns":8.0},{"damage":0,"enemies":"3 Darklings","floor":35,"turns":1}],"seed_played":"-2229120593937075816","potions_obtained":[{"floor":1.0,"key":"Fire Potion"},{"floor":16.0,"key":"Block Potion"}],"is_trial":false,"path_per_floor":["M","?","$","M","?","E","R","?","T","M","R","$","M","M","R","B",null,"M","M","$","M","M","M","R","?","T","M","$","M","?","M","R","B",null,"M"],"character_chosen":"IRONCLAD","items_purchased":["True Grit","Shrug It Off","Entrench","Anchor"],"campfire_rested":0,"item_purchase_floors":[3,12,20,28],"current_hp_per_floor":[80,69,69,75,55,61,61,61,61,67,67,67,72,71,71,18,80,78,80,80,66,55,34,34,11,11,8,8,46,46,50,50,43,80,80,80],"gold":220,"neow_bonus":"THREE_ENEMY_KILL","is_daily":false,"chose_seed":false,"campfire_upgraded":5,"win_rate":0.0,"timestamp":1610459092,"path_taken":["M","?","$","M","?","E","R","?","T","?","R","$","M","M","R","BOSS","M","M","$","M","M","M","R","?","T","M","$","M","?","M","R","BOSS","M"],"items_purchased_type":["Card","Card","Card","Relic"],"build_version":"2020-12-22","purchased_purges":2,"victory":false,"max_hp_per_floor":[80,80,80,80,80,80,80,80,80,80,80,80,80,80,80,80,80,80,80,80,80,80,80,80,80,80,80,80,80,80,80,80,80,80,80,80],"card_choices":[{"not_picked":["Burning Pact","Uppercut"],"picked":"Body Slam","floor":1.0},{"not_picked":["Heavy Blade","Thunderclap","Anger"],"picked":"SKIP","floor":4.0},{"not_picked":["Clothesline","Sever Soul","Anger"],"picked":"SKIP","floor":6.0},{"not_picked":["Flex","Pummel"],"picked":"Flame Barrier","floor":10.0},{"not_picked":["Perfected Strike","True Grit","Combust"],"picked":"SKIP","floor":13.0},{"not_picked":["Power Through","Sword Boomerang","Whirlwind"],"picked":"SKIP","floor":14.0},{"not_picked":["Juggernaut","Exhume"],"picked":"Barricade","floor":16.0},{"not_picked":["Headbutt+1","Anger+1","Heavy Blade+1"],"picked":"SKIP","floor":18.0},{"not_picked":["Iron Wave","Sentinel+1"],"picked":"Body Slam","floor":19.0},{"not_picked":["Rampage+1","Clothesline+1"],"picked":"Shockwave","floor":21.0},{"not_picked":["Anger","Whirlwind","Cleave"],"picked":"SKIP","floor":22.0},{"not_picked":["Thunderclap+1","Shrug It Off"],"picked":"Dual Wield","floor":23.0},{"not_picked":["Flame Barrier","Sever Soul"],"picked":"Shrug It Off","floor":25.0},{"not_picked":["Havoc","Thunderclap"],"picked":"Armaments","floor":27.0},{"not_picked":["Pummel","Iron Wave"],"picked":"Entrench+1","floor":29.0},{"not_picked":["Wild Strike+1","Pummel","Feed"],"picked":"SKIP","floor":31.0},{"not_picked":["Demon Form","Feed"],"picked":"Offering","floor":33.0}],"player_experience":954463,"relics_obtained":[{"floor":6.0,"key":"Champion Belt"},{"floor":9.0,"key":"Torii"},{"floor":25.0,"key":"Red Mask"},{"floor":26.0,"key":"Lizard Tail"}],"event_choices":[{"damage_healed":0.0,"max_hp_gain":0.0,"max_hp_loss":0.0,"gold_gain":75.0,"event_name":"World of Goop","player_choice":"Gather Gold","floor":2.0,"gold_loss":0.0,"damage_taken":11.0},{"damage_healed":0.0,"max_hp_gain":0.0,"max_hp_loss":0.0,"gold_gain":0.0,"event_name":"Golden Idol","player_choice":"Take Damage","floor":5.0,"gold_loss":0.0,"damage_taken":20.0,"relics_obtained":["Golden Idol"]},{"damage_healed":0.0,"max_hp_gain":0.0,"max_hp_loss":0.0,"gold_gain":0.0,"event_name":"Accursed Blacksmith","player_choice":"Forge","floor":8.0,"gold_loss":0.0,"damage_taken":0.0,"cards_upgraded":["True Grit"]},{"damage_healed":0.0,"max_hp_gain":0.0,"max_hp_loss":0.0,"gold_gain":0.0,"event_name":"Masked Bandits","player_choice":"Fought Bandits","floor":25.0,"gold_loss":0.0,"damage_taken":0.0},{"damage_healed":0.0,"max_hp_gain":0.0,"max_hp_loss":0.0,"gold_gain":0.0,"event_name":"The Mausoleum","player_choice":"Opened","floor":30.0,"gold_loss":0.0,"damage_taken":0.0,"relics_obtained":["Bag of Marbles"],"cards_obtained":["Writhe"]}],"is_beta":false,"boss_relics":[{"not_picked":["Black Blood","Runic Dome"],"picked":"Sozu"},{"not_picked":["Snecko Eye","Runic Pyramid"],"picked":"Empty Cage"}],"items_purged_floors":[3,20],"is_endless":false,"potions_floor_spawned":[1,16,22,23,25,31],"killed_by":"3 Darklings","ascension_level":0}}