{"host":"j3h0p3l2xgzxhnx7","time":1610469070,"event":{"mods":["BaseMod","Luminous","Marisa????????","Minty Spire (QoL Compilation)","Remilia??????","StSLib","The Bug Knight","The Cursed","The Servant 0.9.4"],"gold_per_floor":[112,112,112,123,142,176,186,220,220,220,246,262,262,278,278,379,379,396,396,410,423,423,453,464,495,495,495,495,508,528,540,540,643,693,705,724,634,649,659,659,689,701,701,714,76,76,106,125,125,125],"floor_reached":51,"playtime":3077,"items_purged":["Strike_P"],"score":940,"play_id":"5d6063b5-8cc9-4f44-bc61-5074be7537d9","local_time":"20210113003110","is_ascension_mode":true,"campfire_choices":[{"floor":10,"key":"REST"},{"data":"Protect","floor":13,"key":"SMITH"},{"data":"Eruption","floor":15,"key":"SMITH"},{"floor":28,"key":"REST"},{"floor":32,"key":"REST"},{"floor":40,"key":"REST"},{"floor":46,"key":"REST"},{"floor":49,"key":"REST"}],"circlet_count":0,"master_deck":["Strike_P+1","Defend_P+1","Defend_P","Defend_P+1","Defend_P","Eruption+1","Vigilance","Conclude","Crescendo+1","EmptyBody","CrushJoints","ForeignInfluence","Conclude","CrushJoints","Protect+1","FlurryOfBlows","Devotion","ThirdEye+1","ForeignInfluence+1","BowlingBash+1","ForeignInfluence+1","SandsOfTime","DeceiveReality+1","TalkToTheHand+1","SandsOfTime","ThirdEye","EmptyBody","InnerPeace+1","Adaptation+1","Judgement","FlurryOfBlows+1","JustLucky+1","Evaluate+1","ThirdEye+1","ClearTheMind+1","EmptyBody+1","ForeignInfluence","Scrawl","SashWhip+1"],"relics":["PureWater","NeowsBlessing","White Beast Statue","Ornamental Fan","Pear","Matryoshka","Thread and Needle","Nloth\u0027s Gift","Smiling Mask","Ancient Tea Set","Damaru","HollowMod:LifeEnderRelic","Tiny House","War Paint","Strawberry","TungstenRod","Pen Nib","Orrery","Toy Ornithopter"],"acts_visited":["Exordium","TheCity","TheBeyond"],"potions_floor_usage":[6,6,6,8,14,18,21,21,23,23,23,25,30,33,33,33,38,38,41,42,44,44,44,47,48,50],"damage_taken":[{"damage":0,"enemies":"2 Louse","floor":1,"turns":1},{"damage":0,"enemies":"Small Slimes","floor":4,"turns":1},{"damage":0,"enemies":"Cultist","floor":5,"turns":1},{"damage":24,"enemies":"3 Sentries","floor":6,"turns":6},{"damage":9,"enemies":"3 Louse","floor":7,"turns":3},{"damage":18,"enemies":"Lagavulin","floor":8,"turns":6},{"damage":18,"enemies":"3 Sentries","floor":11,"turns":2},{"damage":0,"enemies":"Gremlin Gang","floor":12,"turns":2},{"damage":2,"enemies":"Looter","floor":14,"turns":4},{"damage":3,"enemies":"Slime Boss","floor":16,"turns":5},{"damage":1,"enemies":"Spheric Guardian","floor":18,"turns":3},{"damage":0,"enemies":"Chosen","floor":20,"turns":3},{"damage":1,"enemies":"Centurion and Healer","floor":21,"turns":6},{"damage":23,"enemies":"Slavers","floor":23,"turns":4},{"damage":16,"enemies":"Chosen and Byrds","floor":24,"turns":6},{"damage":27,"enemies":"Gremlin Leader","floor":25,"turns":7},{"damage":6,"enemies":"3 Cultists","floor":29,"turns":4},{"damage":2,"enemies":"Snake Plant","floor":30,"turns":5},{"damage":0,"enemies":"Cultist and Chosen","floor":31,"turns":4},{"damage":11,"enemies":"Collector","floor":33,"turns":8},{"damage":33,"enemies":"3 Darklings","floor":35,"turns":5},{"damage":9,"enemies":"3 Shapes","floor":36,"turns":3},{"damage":15,"enemies":"Jaw Worm Horde","floor":38,"turns":4},{"damage":0,"enemies":"Spire Growth","floor":39,"turns":4},{"damage":23,"enemies":"Nemesis","floor":41,"turns":5},{"damage":14,"enemies":"Maw","floor":42,"turns":8},{"damage":12,"enemies":"Jaw Worm Horde","floor":44,"turns":4},{"damage":39,"enemies":"Reptomancer","floor":47,"turns":6},{"damage":1,"enemies":"Sphere and 2 Shapes","floor":48,"turns":3},{"damage":41,"enemies":"Donu and Deca","floor":50,"turns":10}],"seed_played":"4416324922670538943","potions_obtained":[{"floor":1,"key":"GamblersBrew"},{"floor":4,"key":"StancePotion"},{"floor":5,"key":"PowerPotion"},{"floor":6,"key":"Swift Potion"},{"floor":7,"key":"Energy Potion"},{"floor":8,"key":"Energy Potion"},{"floor":11,"key":"StancePotion"},{"floor":12,"key":"Regen Potion"},{"floor":14,"key":"EntropicBrew"},{"floor":18,"key":"FearPotion"},{"floor":20,"key":"PowerPotion"},{"floor":21,"key":"Explosive Potion"},{"floor":23,"key":"Swift Potion"},{"floor":25,"key":"Ambrosia"},{"floor":30,"key":"Ambrosia"},{"floor":31,"key":"EssenceOfSteel"},{"floor":33,"key":"CultistPotion"},{"floor":34,"key":"ColorlessPotion"},{"floor":35,"key":"Fire Potion"},{"floor":38,"key":"GamblersBrew"},{"floor":39,"key":"Explosive Potion"},{"floor":41,"key":"PowerPotion"},{"floor":42,"key":"Weak Potion"},{"floor":44,"key":"BottledMiracle"},{"floor":47,"key":"AttackPotion"},{"floor":48,"key":"BottledMiracle"}],"is_trial":false,"path_per_floor":["M","?","?","M","M","E","M","E","T","R","E","M","R","M","R","B",null,"M","?","M","M","?","E","M","E","T","?","R","M","M","M","R","B",null,"M","M","?","M","M","R","E","M","T","M","$","R","E","M","R","B",null],"character_chosen":"WATCHER","items_purchased":["TungstenRod","Pen Nib","Orrery"],"campfire_rested":6,"item_purchase_floors":[45,45,45],"current_hp_per_floor":[72,72,72,72,72,48,39,31,31,55,37,37,37,47,47,44,82,81,81,81,80,80,57,41,14,14,14,38,32,33,33,57,46,87,56,48,48,33,33,59,36,22,29,17,17,45,6,10,38,2],"gold":125,"neow_bonus":"THREE_ENEMY_KILL","is_daily":false,"chose_seed":false,"campfire_upgraded":2,"win_rate":0.0,"timestamp":1610469070,"path_taken":["M","?","?","?","M","E","M","E","T","R","E","M","R","M","R","BOSS","M","?","?","M","?","E","?","E","T","?","R","M","M","M","R","BOSS","M","M","?","M","M","R","E","M","T","?","$","R","E","M","R","BOSS"],"items_purchased_type":["Relic","Relic","Relic"],"build_version":"2020-12-22","purchased_purges":1,"victory":true,"max_hp_per_floor":[72,72,72,72,72,72,72,82,82,82,82,82,82,82,82,82,82,82,82,82,82,82,82,82,82,82,82,82,82,82,82,82,82,87,87,87,87,87,87,87,87,87,94,94,94,94,94,94,94,94],"card_choices":[{"not_picked":["Worship","Collect"],"picked":"Conclude","floor":1},{"not_picked":["Halt","Adaptation"],"picked":"Crescendo","floor":4},{"not_picked":["Study","Halt"],"picked":"EmptyBody","floor":5},{"not_picked":["Ragnarok","InnerPeace"],"picked":"CrushJoints","floor":6},{"not_picked":["BattleHymn","BowlingBash"],"picked":"ForeignInfluence","floor":7},{"not_picked":["JustLucky","BattleHymn"],"picked":"Conclude","floor":8},{"not_picked":["Crescendo","FollowUp"],"picked":"CrushJoints","floor":11},{"not_picked":["CrushJoints","Fasting2"],"picked":"Protect","floor":12},{"not_picked":["Prostrate","EmptyFist"],"picked":"FlurryOfBlows","floor":14},{"not_picked":["Brilliance","DevaForm"],"picked":"Devotion","floor":16},{"not_picked":["EmptyFist","FearNoEvil"],"picked":"ThirdEye+1","floor":18},{"not_picked":["Evaluate","Meditate"],"picked":"ForeignInfluence+1","floor":20},{"not_picked":["EmptyFist","Crescendo"],"picked":"BowlingBash+1","floor":21},{"not_picked":["Brilliance","LikeWater"],"picked":"SandsOfTime","floor":23},{"not_picked":["BowlingBash+1","Protect"],"picked":"DeceiveReality+1","floor":24},{"not_picked":["PathToVictory","Halt+1"],"picked":"TalkToTheHand+1","floor":25},{"not_picked":["Halt","Crescendo"],"picked":"EmptyBody","floor":29},{"not_picked":["CutThroughFate+1","CrushJoints"],"picked":"InnerPeace+1","floor":30},{"not_picked":["Pray","Vengeance"],"picked":"Adaptation+1","floor":31},{"not_picked":["Vault","Brilliance"],"picked":"Judgement","floor":33},{"not_picked":["Collect+1","ClearTheMind+1"],"picked":"FlurryOfBlows+1","floor":34},{"not_picked":["DevaForm","PathToVictory+1"],"picked":"JustLucky+1","floor":35},{"not_picked":["Perseverance+1","FollowUp","ThirdEye"],"picked":"SKIP","floor":36},{"not_picked":["FlyingSleeves+1","Crescendo+1","Omniscience"],"picked":"SKIP","floor":38},{"not_picked":["Evaluate","PathToVictory","DeceiveReality"],"picked":"SKIP","floor":39},{"not_picked":["ForeignInfluence","Pray+1","EmptyBody"],"picked":"SKIP","floor":41},{"not_picked":["ReachHeaven+1","Sanctity","FlurryOfBlows"],"picked":"SKIP","floor":42},{"not_picked":["CrushJoints+1","Tantrum"],"picked":"Evaluate+1","floor":44},{"not_picked":["DeceiveReality","Crescendo+1"],"picked":"ThirdEye+1","floor":45},{"not_picked":["Conclude+1","Evaluate+1"],"picked":"ClearTheMind+1","floor":45},{"not_picked":["FlyingSleeves+1","MasterReality"],"picked":"EmptyBody+1","floor":45},{"not_picked":["Vault","Pray"],"picked":"ForeignInfluence","floor":45},{"not_picked":["CutThroughFate+1","Prostrate"],"picked":"Scrawl","floor":47},{"not_picked":["CutThroughFate+1","Consecrate"],"picked":"SashWhip+1","floor":48}],"player_experience":121871,"relics_obtained":[{"floor":6,"key":"Ornamental Fan"},{"floor":8,"key":"Pear"},{"floor":9,"key":"Matryoshka"},{"floor":11,"key":"Thread and Needle"},{"floor":23,"key":"Smiling Mask"},{"floor":25,"key":"Ancient Tea Set"},{"floor":26,"key":"Damaru"},{"floor":26,"key":"HollowMod:LifeEnderRelic"},{"floor":41,"key":"War Paint"},{"floor":43,"key":"Strawberry"},{"floor":47,"key":"Toy Ornithopter"}],"event_choices":[{"damage_healed":0,"gold_gain":0,"player_choice":"Box","damage_taken":0,"relics_obtained":["White Beast Statue"],"max_hp_gain":0,"max_hp_loss":0,"event_name":"Big Fish","floor":2,"gold_loss":0,"cards_obtained":["Regret"]},{"damage_healed":0,"gold_gain":0,"player_choice":"Full Heal","damage_taken":0,"max_hp_gain":0,"max_hp_loss":0,"event_name":"Wheel of Change","floor":3,"gold_loss":0},{"damage_healed":0,"gold_gain":0,"player_choice":"Traded Relic","damage_taken":0,"relics_obtained":["Nloth\u0027s Gift"],"max_hp_gain":0,"max_hp_loss":0,"event_name":"N\u0027loth","floor":19,"relics_lost":["Runic Pyramid"],"gold_loss":0},{"damage_healed":0,"gold_gain":0,"player_choice":"Copied","damage_taken":0,"max_hp_gain":0,"max_hp_loss":0,"event_name":"Duplicator","floor":22,"gold_loss":0,"cards_obtained":["ForeignInfluence"]},{"damage_healed":0,"gold_gain":0,"cards_transformed":["Strike_P","Strike_P"],"player_choice":"Became Test Subject","damage_taken":0,"max_hp_gain":0,"max_hp_loss":0,"event_name":"Drug Dealer","floor":27,"gold_loss":0,"cards_obtained":["SandsOfTime","ThirdEye"]},{"cards_removed":["Regret"],"damage_healed":0,"gold_gain":0,"player_choice":"Upgrade and Remove","damage_taken":0,"max_hp_gain":0,"max_hp_loss":0,"event_name":"Designer","floor":37,"gold_loss":90,"cards_upgraded":["Strike_P"]}],"is_beta":false,"boss_relics":[{"not_picked":["Coffee Dripper","Sozu"],"picked":"Runic Pyramid"},{"not_picked":["Fusion Hammer","Runic Dome"],"picked":"Tiny House"}],"items_purged_floors":[45],"is_endless":false,"potions_floor_spawned":[1,4,5,6,7,8,11,12,14,16,18,20,21,23,24,25,29,30,31,33,35,36,38,39,41,42,44,47,48],"ascension_level":1}}