{"host":"3h5qf14xt40jhha0","time":1610428413,"event":{"mods":["AlwaysNeverKeys","BaseMod","Colored Powertips","Minty Spire (QoL Compilation)","Permanent Neow","Relic Stats","StSLib"],"gold_per_floor":[19,36,52,52,67,67,102,102,128,128,128,154,134,153,153,225,225,236,161,138,138,138,138,138,148,148,148,148],"floor_reached":27,"playtime":1244,"items_purged":[],"score":492,"play_id":"03c04587-926f-40ef-932b-252ac5df7bae","local_time":"20210112001333","is_ascension_mode":true,"campfire_choices":[{"floor":6,"key":"REST"},{"data":"Bouncing Flask","floor":11,"key":"SMITH"},{"data":"Tactician","floor":15,"key":"SMITH"},{"floor":24,"key":"REST"}],"circlet_count":0,"master_deck":["AscendersBane","Defend_G+1","Defend_G+1","Defend_G+1","Defend_G+1","Defend_G","Survivor","Neutralize","Prepared","Tools of the Trade","Bane","Poisoned Stab","Dagger Spray","Poisoned Stab","Bouncing Flask+1","Tactician+1","Noxious Fumes+1","Backflip","Finisher","Unload"],"relics":["Ring of the Snake","Snake Skull","War Paint","Orichalcum","Philosopher\u0027s Stone","Ancient Tea Set","Letter Opener"],"acts_visited":["Exordium","TheCity"],"potions_floor_usage":[5,7,16,18,20],"damage_taken":[{"damage":10,"enemies":"Small Slimes","floor":1,"turns":5},{"damage":8,"enemies":"Jaw Worm","floor":2,"turns":7},{"damage":1,"enemies":"2 Louse","floor":3,"turns":4},{"damage":9,"enemies":"Exordium Thugs","floor":5,"turns":5},{"damage":15,"enemies":"Gremlin Nob","floor":7,"turns":4},{"damage":0,"enemies":"Lagavulin","floor":12,"turns":5},{"damage":0,"enemies":"Large Slime","floor":14,"turns":3},{"damage":12,"enemies":"The Guardian","floor":16,"turns":9},{"damage":40,"enemies":"3 Byrds","floor":18,"turns":5},{"damage":13,"enemies":"2 Thieves","floor":20,"turns":4},{"damage":17,"enemies":"Chosen and Byrds","floor":25,"turns":5},{"damage":10,"enemies":"Gremlin Leader","floor":27,"turns":3}],"seed_played":"1076690201388299299","potions_obtained":[{"floor":2,"key":"Ancient Potion"},{"floor":3,"key":"Weak Potion"},{"floor":7,"key":"CunningPotion"},{"floor":12,"key":"Dexterity Potion"},{"floor":13,"key":"Regen Potion"},{"floor":18,"key":"DuplicationPotion"}],"is_trial":false,"path_per_floor":["M","M","M","?","M","R","E","?","T","T","R","E","?","M","R","B",null,"M","?","M","?","?","?","R","M","T","E"],"character_chosen":"THE_SILENT","items_purchased":[],"campfire_rested":2,"item_purchase_floors":[],"current_hp_per_floor":[49,41,40,20,11,30,15,37,37,37,37,37,37,37,37,40,60,20,20,7,7,7,7,26,9,9,0,0],"gold":148,"neow_bonus":"TRANSFORM_TWO_CARDS","is_daily":false,"chose_seed":false,"campfire_upgraded":2,"win_rate":0.0,"timestamp":1610428413,"path_taken":["M","M","M","?","M","R","E","?","T","?","R","E","?","M","R","BOSS","M","?","M","?","?","?","R","?","T","E"],"items_purchased_type":[],"build_version":"2020-12-22","purchased_purges":0,"victory":false,"max_hp_per_floor":[66,66,66,66,66,66,66,66,66,66,66,66,66,66,66,66,66,66,66,66,66,66,66,66,66,66,66,66],"relic_stats":{"counters":[12,59],"Snake Skull":[60],"Letter Opener":[20],"War Paint":["Defend_G","Defend_G"],"Orichalcum":[60],"obtain_stats":[{"Philosopher\u0027s Stone":17,"Snake Skull":7,"Letter Opener":26,"War Paint":9,"Orichalcum":12,"Ancient Tea Set":23,"Ring of the Snake":0},{"Philosopher\u0027s Stone":8,"Snake Skull":5,"Letter Opener":11,"War Paint":5,"Orichalcum":6,"Ancient Tea Set":10,"Ring of the Snake":0},{"Philosopher\u0027s Stone":42,"Snake Skull":25,"Letter Opener":56,"War Paint":25,"Orichalcum":30,"Ancient Tea Set":51,"Ring of the Snake":0}],"Ring of the Snake":[24]},"card_choices":[{"not_picked":["Deflect","Prepared"],"picked":"Bane","floor":1},{"not_picked":["Prepared","Tools of the Trade"],"picked":"Poisoned Stab","floor":2},{"not_picked":["Dodge and Roll","Slice"],"picked":"Dagger Spray","floor":3},{"not_picked":["Terror","Infinite Blades"],"picked":"Poisoned Stab","floor":5},{"not_picked":["Poisoned Stab","Underhanded Strike"],"picked":"Bouncing Flask","floor":7},{"not_picked":["Dagger Throw","Riddle With Holes"],"picked":"Night Terror","floor":12},{"not_picked":["Backflip","Outmaneuver"],"picked":"Tactician","floor":14},{"not_picked":["Die Die Die","Adrenaline"],"picked":"Night Terror","floor":16},{"not_picked":["Bane+1","Underhanded Strike"],"picked":"Noxious Fumes+1","floor":18},{"not_picked":["Blade Dance","Sucker Punch"],"picked":"Backflip","floor":20},{"not_picked":["Choke+1","Outmaneuver","Caltrops"],"picked":"SKIP","floor":25}],"player_experience":1323568,"relics_obtained":[{"floor":7,"key":"Snake Skull"},{"floor":9,"key":"War Paint"},{"floor":12,"key":"Orichalcum"},{"floor":26,"key":"Letter Opener"}],"event_choices":[{"damage_healed":0,"gold_gain":0,"player_choice":"Entered Light","damage_taken":20,"max_hp_gain":0,"max_hp_loss":0,"event_name":"Shining Light","floor":4,"gold_loss":0,"cards_upgraded":["Defend_G","Defend_G"]},{"damage_healed":22,"gold_gain":0,"player_choice":"Banana","damage_taken":0,"max_hp_gain":0,"max_hp_loss":0,"event_name":"Big Fish","floor":8,"gold_loss":0},{"damage_healed":0,"gold_gain":0,"player_choice":"Bought 1 Potion","damage_taken":0,"max_hp_gain":0,"max_hp_loss":0,"event_name":"The Woman in Blue","floor":13,"gold_loss":0},{"cards_removed":["Strike_G"],"damage_healed":0,"gold_gain":0,"player_choice":"Gave Gold","damage_taken":0,"max_hp_gain":0,"max_hp_loss":0,"event_name":"Beggar","floor":19,"gold_loss":75},{"cards_removed":["Strike_G"],"damage_healed":0,"gold_gain":0,"player_choice":"Elegance","damage_taken":0,"max_hp_gain":0,"max_hp_loss":0,"event_name":"Back to Basics","floor":21,"gold_loss":0},{"damage_healed":0,"gold_gain":0,"cards_transformed":["Strike_G","Night Terror"],"player_choice":"Became Test Subject","damage_taken":0,"max_hp_gain":0,"max_hp_loss":0,"event_name":"Drug Dealer","floor":22,"gold_loss":0,"cards_obtained":["Finisher","Unload"]},{"cards_removed":["Night Terror"],"damage_healed":0,"gold_gain":0,"player_choice":"Gave Card","damage_taken":0,"relics_obtained":["Ancient Tea Set"],"max_hp_gain":0,"max_hp_loss":0,"event_name":"WeMeetAgain","floor":23,"gold_loss":0}],"is_beta":false,"boss_relics":[{"not_picked":["Busted Crown","Runic Pyramid"],"picked":"Philosopher\u0027s Stone"}],"items_purged_floors":[],"is_endless":false,"potions_floor_spawned":[2,3,7,12,18],"killed_by":"Gremlin Leader","ascension_level":20}}