{"host":"k67zwea37tbl4jhz","time":1610421157,"event":{"mods":["AchievementEnabler","Aspiration","BaseMod","Better Altar","Better Match","Better Sensory Stone","Better Skull","Better Third Choice","BetterRewards","CCEM","Clawfect","Colored Map","Conspire","Downfall","GifTheSpireLib","Googly Eyes","Halation","Highlight Path","Hubris","Mimic Mod","Minty Spire (QoL Compilation)","Permanent Neow","Replay The Spire","Shop Mod","Spicy Shops","StSLib","Stuff the Spire","Unceasing Turn Reminder","everything is the same but u backflip on backflip"],"gold_per_floor":[99,113,127,127,14,29,29,55,55,55,74,94,114,144,158,158,158,158],"floor_reached":16,"playtime":1237,"items_purged":[],"score":114,"play_id":"b64ee3fe-9652-46db-874f-702418453986","local_time":"20210111221237","is_ascension_mode":false,"campfire_choices":[{"floor":1,"key":"RECALL"},{"floor":9,"key":"REST"}],"circlet_count":0,"master_deck":["champ:Strike","champ:Strike","champ:Strike","champ:Defend","champ:Defend","champ:Defend","champ:Defend","champ:Execute","champ:Taunt","champ:AdrenalArmor","champ:BerserkersShout","champ:Lariat","champ:RageSigil","champ:BerserkerStyle","champ:BringItOn","champ:BerserkerStyle","StuffTheSpire:PlasmaPulse+1","champ:EnragedBash"],"relics":["champ:ChampionCrown","hubris:PeanutButter","CCEMRelics:FestiveHat"],"acts_visited":["Exordium"],"potions_floor_usage":[],"damage_taken":[{"damage":5,"enemies":"2 Louse","floor":2,"turns":2},{"damage":24,"enemies":"Cultist","floor":3,"turns":7},{"damage":20,"enemies":"downfall:FleeingMerchant","floor":5,"turns":4},{"damage":29,"enemies":"Small Slimes","floor":6,"turns":5},{"damage":93,"enemies":"Gremlin Nob","floor":8,"turns":6},{"damage":23,"enemies":"Blue Slaver","floor":11,"turns":4},{"damage":42,"enemies":"Exordium Thugs","floor":12,"turns":7},{"damage":25,"enemies":"3 Louse","floor":13,"turns":4},{"damage":51,"enemies":"Lagavulin","floor":14,"turns":11},{"damage":32,"enemies":"Red Slaver","floor":15,"turns":6},{"damage":122,"enemies":"downfall:Defect","floor":16,"turns":9}],"seed_played":"-8475849489255335310","potions_obtained":[{"floor":2,"key":"SkillPotion"},{"floor":8,"key":"champ:OpenerPotion"},{"floor":13,"key":"champ:CounterPotion"},{"floor":14,"key":"Regen Potion"}],"is_trial":false,"path_per_floor":["R","M","M","?","$","M","T","E","R","?","M","M","M","E","M","B"],"character_chosen":"THE_CHAMP","items_purchased":["champ:Lariat","champ:RageSigil"],"campfire_rested":1,"item_purchase_floors":[5,5],"current_hp_per_floor":[90,90,82,87,87,87,87,36,63,63,71,78,81,79,82,0,0,0],"gold":158,"neow_bonus":"REMOVE_CARD","is_daily":false,"chose_seed":false,"campfire_upgraded":0,"win_rate":0.0,"timestamp":1610421157,"path_taken":["R","M","M","?","?","M","T","E","R","?","?","M","M","E","M","BOSS"],"items_purchased_type":["Card","Card"],"build_version":"2020-12-22","purchased_purges":0,"victory":false,"max_hp_per_floor":[90,90,90,90,90,90,90,90,90,90,90,90,90,90,90,90,90,90],"card_choices":[{"not_picked":["champ:Duel","champ:RageSigil"],"picked":"champ:AdrenalArmor","floor":2},{"not_picked":["champ:Circumvent","champ:BladeFlurry"],"picked":"champ:BerserkersShout","floor":3},{"not_picked":["champ:PerfectedStrike","champ:DefensiveShout","champ:GladiatorStyle"],"picked":"SKIP","floor":5},{"not_picked":["champ:Circumvent","champ:CalledShot","champ:DancingMaster"],"picked":"SKIP","floor":6},{"not_picked":["champ:Duel","champ:HeartStrike"],"picked":"champ:BerserkerStyle","floor":8},{"not_picked":["champ:DefensiveShout","champ:SwordSigil"],"picked":"champ:BringItOn","floor":11},{"not_picked":["champ:AdrenalArmor","champ:TornadoPunch","champ:Lariat"],"picked":"SKIP","floor":12},{"not_picked":["champ:StanceDance","champ:Control","champ:PerfectedStrike"],"picked":"SKIP","floor":13},{"not_picked":["champ:DancingMaster","champ:FocusedGladiator"],"picked":"champ:BerserkerStyle","floor":14},{"not_picked":["Survey Options+1","Bandage Up+1"],"picked":"StuffTheSpire:PlasmaPulse+1","floor":15},{"not_picked":["champ:CrookedStrike","champ:TornadoPunch"],"picked":"champ:EnragedBash","floor":15}],"player_experience":212133,"relics_obtained":[{"floor":8,"key":"hubris:PeanutButter"},{"floor":14,"key":"CCEMRelics:FestiveHat"}],"event_choices":[{"damage_healed":5,"gold_gain":0,"player_choice":"LEAVE ","damage_taken":0,"relics_obtained":[],"max_hp_gain":0,"max_hp_loss":0,"event_name":"betterSkull:BetterSkull","floor":4,"gold_loss":0,"cards_upgraded":[]}],"is_beta":false,"boss_relics":[],"items_purged_floors":[],"is_endless":false,"potions_floor_spawned":[2,8,13,14,15],"killed_by":"downfall:Defect","ascension_level":0}}