{"host":"q0qnzbgdx8oqogg9","time":1610486097,"event":{"mods":["BaseMod","Minty Spire (QoL Compilation)","Slay-I","StSLib"],"gold_per_floor":[109,129,129,156,178,212,212,235,316,352,352,29,38,86,86,193,193,239,299,320,520,520,520],"floor_reached":22,"language":"ENG","playtime":926,"items_purged":["Strike_R"],"score":265,"play_id":"b4464b42-c92b-40d8-a4be-234b6a472d99","local_time":"20210112161457","is_ascension_mode":true,"campfire_choices":[{"data":"Searing Blow","floor":7,"key":"SMITH"},{"data":"Searing Blow+1","floor":11,"key":"SMITH"},{"data":"Searing Blow+2","floor":15,"key":"SMITH"}],"circlet_count":0,"master_deck":["Strike_R","Strike_R","Strike_R","Defend_R","Defend_R","Defend_R","Defend_R","Bash","Brutality","Iron Wave","Clash","Searing Blow+3","Inflame","Flame Barrier","Flex","HandOfGreed","True Grit","Inflame","Second Wind","Feed","Rupture","Shrug It Off","Combust+1"],"relics":["Burning Blood","CeramicFish","Omamori","Eternal Feather","Pen Nib","Cursed Key"],"acts_visited":["Exordium","TheCity"],"potions_floor_usage":[10,16,16,22,22],"damage_taken":[{"damage":7,"enemies":"Jaw Worm","floor":1,"turns":5},{"damage":1,"enemies":"Small Slimes","floor":2,"turns":3},{"damage":4,"enemies":"Cultist","floor":5,"turns":4},{"damage":30,"enemies":"Lagavulin","floor":6,"turns":6},{"damage":8,"enemies":"3 Louse","floor":8,"turns":4},{"damage":16,"enemies":"3 Sentries","floor":10,"turns":10},{"damage":23,"enemies":"Gremlin Nob","floor":14,"turns":4},{"damage":40,"enemies":"The Guardian","floor":16,"turns":13},{"damage":10,"enemies":"3 Byrds","floor":18,"turns":4},{"damage":29,"enemies":"2 Thieves","floor":19,"turns":5},{"damage":14,"enemies":"Snake Plant","floor":20,"turns":3},{"damage":36,"enemies":"Shelled Parasite and Fungi","floor":22,"turns":3}],"seed_played":"6089734299290195313","potions_obtained":[{"floor":1,"key":"HeartOfIron"},{"floor":8,"key":"Energy Potion"},{"floor":10,"key":"SmokeBomb"},{"floor":14,"key":"SkillPotion"},{"floor":18,"key":"Energy Potion"},{"floor":19,"key":"PowerPotion"},{"floor":20,"key":"PowerPotion"}],"is_trial":false,"path_per_floor":["M","M","?","T","M","E","R","M","T","E","R","$","?","E","R","B",null,"M","M","M","?","M"],"character_chosen":"IRONCLAD","items_purchased":["HandOfGreed","True Grit","Inflame"],"campfire_rested":0,"item_purchase_floors":[12,12,12],"current_hp_per_floor":[71,76,76,76,78,54,54,52,52,42,51,51,51,34,43,9,62,61,38,33,33,0,0],"gold":520,"neow_bonus":"ONE_RANDOM_RARE_CARD","is_daily":false,"chose_seed":false,"campfire_upgraded":3,"win_rate":0.0,"timestamp":1610486097,"path_taken":["M","M","?","?","M","E","R","M","T","E","R","$","?","E","R","BOSS","M","M","?","?","M"],"items_purchased_type":["Card","Card","Card"],"build_version":"2020-12-22","purchased_purges":1,"victory":false,"max_hp_per_floor":[80,80,80,80,80,80,80,80,80,80,80,80,80,80,80,80,80,83,83,86,86,86,86],"card_choices":[{"not_picked":["Disarm","Shockwave"],"picked":"Iron Wave","floor":1},{"not_picked":["Entrench","Havoc"],"picked":"Clash","floor":2},{"not_picked":["Entrench","Headbutt"],"picked":"Searing Blow","floor":5},{"not_picked":["Iron Wave","Wild Strike"],"picked":"Inflame","floor":6},{"not_picked":["Sentinel","Dual Wield"],"picked":"Flame Barrier","floor":8},{"not_picked":["Thunderclap","Hemokinesis"],"picked":"Flex","floor":10},{"not_picked":["Iron Wave","Uppercut","Burning Pact"],"picked":"SKIP","floor":14},{"not_picked":["Berserk","Demon Form"],"picked":"Feed","floor":16},{"not_picked":["Bloodletting","Flex"],"picked":"Rupture","floor":18},{"not_picked":["Wild Strike","Pommel Strike"],"picked":"Shrug It Off","floor":19},{"not_picked":["Body Slam","Warcry+1"],"picked":"Combust+1","floor":20}],"player_experience":208471,"relics_obtained":[{"floor":4,"key":"CeramicFish"},{"floor":6,"key":"Omamori"},{"floor":10,"key":"Eternal Feather"},{"floor":14,"key":"Pen Nib"}],"event_choices":[{"damage_healed":0,"gold_gain":0,"player_choice":"Ignored","damage_taken":0,"max_hp_gain":0,"max_hp_loss":0,"event_name":"Liars Game","floor":3,"gold_loss":0},{"damage_healed":0,"gold_gain":0,"cards_transformed":["Strike_R"],"player_choice":"Transformed","damage_taken":0,"max_hp_gain":0,"max_hp_loss":0,"event_name":"Transmorgrifier","floor":13,"gold_loss":0,"cards_obtained":["Second Wind"]},{"damage_healed":0,"gold_gain":200,"player_choice":"Gold","damage_taken":0,"max_hp_gain":0,"max_hp_loss":0,"event_name":"Wheel of Change","floor":21,"gold_loss":0}],"is_beta":false,"boss_relics":[{"not_picked":["Velvet Choker","Sozu"],"picked":"Cursed Key"}],"items_purged_floors":[12],"is_endless":false,"potions_floor_spawned":[1,8,10,14,18,19,20],"killed_by":"Shelled Parasite and Fungi","ascension_level":6}}