{"host":"kdt6w7ix8lwe69i9","time":1610413186,"event":{"mods":["100% Spire Juice","Bartender","BaseMod","ChefMod","Downfall","Evolution","Fiend Mod","Jorbs\u0027s Wanderer Trilogy","Minty Spire (QoL Compilation)","Reimu（博丽灵梦）","Robot Space Explorer","Shade Mod","StSLib","The Caster","The Cursed","The Disciple","The Dragon Tamer","The Druid","The Fake Hero","The Forsaken","The Gatherer","The Marked","TheBandit","TheSwordswoman"],"gold_per_floor":[113,188,19,194,213,248,248,258,258,274,302,302,319,334,334,430,430,443,483,582,601,619,651,651,651,651],"floor_reached":25,"playtime":2457,"items_purged":[],"score":260,"play_id":"0febdc8f-a3a8-4fe6-8541-ff4426e236df","local_time":"20210111195946","is_ascension_mode":false,"campfire_choices":[{"floor":7,"key":"REST"},{"data":"Shade:GreaterAnimation","floor":15,"key":"SMITH"}],"circlet_count":0,"master_deck":["Shade:ClawBack","Shade:ClawBack","Shade:ClawBack","Shade:Strike_Shade","Shade:Defend_Shade","Shade:Defend_Shade","Shade:Defend_Shade","Shade:Defend_Shade","Shade:AnimateDead","Shade:CarefulCut","Shade:UnbarTheGrave","Shade:FeralStrike","Shade:FreshBones","Doubt","Shade:FingerOfDeath","Shade:GreaterAnimation+1","Shade:Frenzy","Shade:CommandSoldier","Shade:Brains","Pain","Shade:FuneraryArmor","Shade:Asphyxiate","Shade:Coordination","Shade:ExtraLimbs","Shade:Brains","Shade:SensePrey","Shade:GraveStillness+1","Shade:DangerousRitual"],"relics":["Shade:YorickSkull","EVO:Axolotl","Vajra","Bag of Preparation","Ancient Tea Set","WarpedTongs","Black Star","Cleaning_Rag","Bottled Tornado","Power_Wrist"],"acts_visited":["Exordium","TheCity"],"potions_floor_usage":[6,11,13,19,19,22,25],"damage_taken":[{"damage":1,"enemies":"Cultist","floor":1,"turns":4},{"damage":0,"enemies":"Small Slimes","floor":5,"turns":2},{"damage":20,"enemies":"Gremlin Nob","floor":6,"turns":4},{"damage":2,"enemies":"2 Louse","floor":8,"turns":3},{"damage":0,"enemies":"Lots of Slimes","floor":10,"turns":2},{"damage":0,"enemies":"3 Sentries","floor":11,"turns":4},{"damage":0,"enemies":"Blue Slaver","floor":13,"turns":2},{"damage":0,"enemies":"Exordium Thugs","floor":14,"turns":4},{"damage":27,"enemies":"The Guardian","floor":16,"turns":9},{"damage":3,"enemies":"Chosen","floor":18,"turns":3},{"damage":2,"enemies":"2 Thieves","floor":19,"turns":3},{"damage":36,"enemies":"Cultist and Chosen","floor":21,"turns":5},{"damage":3,"enemies":"3 Cultists","floor":22,"turns":2},{"damage":5,"enemies":"Gremlin Leader","floor":23,"turns":6},{"damage":19,"enemies":"Shelled Parasite and Fungi","floor":25,"turns":3}],"seed_played":"9090488322959239448","potions_obtained":[{"floor":5,"key":"Fire Potion"},{"floor":10,"key":"EssenceOfSteel"},{"floor":11,"key":"DistilledChaos"},{"floor":14,"key":"hexamod:EctoCoolerPotion"},{"floor":18,"key":"champ:CounterPotion"},{"floor":21,"key":"SkillPotion"},{"floor":23,"key":"Strength Potion"}],"is_trial":false,"path_per_floor":["M","?","$","?","M","E","R","M","T","M","E","?","M","M","R","B",null,"M","M","?","M","M","E","T","M"],"character_chosen":"SHADE","items_purchased":["Vajra","Shade:FreshBones"],"campfire_rested":1,"item_purchase_floors":[3,3],"current_hp_per_floor":[64,53,53,53,53,33,52,50,50,50,50,50,50,50,50,23,65,62,60,60,24,21,16,16,0,0],"gold":651,"neow_bonus":"ONE_RANDOM_RARE_CARD","is_daily":false,"chose_seed":false,"campfire_upgraded":1,"win_rate":0.0,"timestamp":1610413186,"path_taken":["M","?","$","?","M","E","R","M","T","M","E","?","?","M","R","BOSS","M","M","?","M","M","E","?","M"],"items_purchased_type":["Relic","Card"],"build_version":"2020-12-22","purchased_purges":0,"victory":false,"max_hp_per_floor":[65,65,65,65,65,65,65,65,65,65,65,65,65,65,65,65,65,65,65,65,65,65,65,65,65,65],"card_choices":[{"not_picked":["Shade:FuneraryArmor","Shade:Trample"],"picked":"Shade:FeralStrike","floor":1},{"not_picked":["Shade:PoundOfFlesh","Shade:GraveStillness"],"picked":"Shade:FingerOfDeath","floor":5},{"not_picked":["Shade:CloudOfShrapnel","Shade:Trample"],"picked":"Shade:GreaterAnimation","floor":6},{"not_picked":["Shade:AncientSpear","Shade:SoulToxin"],"picked":"Shade:Frenzy","floor":8},{"not_picked":["Shade:SanguineRitual","Shade:RitualOffering"],"picked":"Shade:CommandSoldier","floor":10},{"not_picked":["Shade:AblativeArmor","Shade:TouchOfTheGrave"],"picked":"Shade:Brains","floor":11},{"not_picked":["Shade:RavenousHorde","Shade:PotionOfRestlessness"],"picked":"Shade:FuneraryArmor","floor":13},{"not_picked":["Shade:Haruspicy","Shade:FingerOfDeath"],"picked":"Shade:Asphyxiate","floor":14},{"not_picked":["Shade:OminousRitual","Shade:OneIsEnough"],"picked":"Shade:Coordination","floor":16},{"not_picked":["Shade:AblativeArmor+1","Shade:WallOfFlesh"],"picked":"Shade:ExtraLimbs","floor":18},{"not_picked":["Shade:AblativeArmor","Shade:CallWraith"],"picked":"Shade:Brains","floor":19},{"not_picked":["Shade:ClawBack","Shade:Brains"],"picked":"Shade:SensePrey","floor":21},{"not_picked":["Shade:CoffinDance+1","Shade:SoulToxin+1"],"picked":"Shade:GraveStillness+1","floor":22},{"not_picked":["Shade:Trample","Shade:PotionOfRestlessness"],"picked":"Shade:DangerousRitual","floor":23}],"player_experience":1749449,"relics_obtained":[{"floor":6,"key":"Bag of Preparation"},{"floor":11,"key":"Ancient Tea Set"},{"floor":23,"key":"Cleaning_Rag"},{"floor":23,"key":"Bottled Tornado"},{"floor":24,"key":"Power_Wrist"}],"event_choices":[{"damage_healed":0,"gold_gain":75,"player_choice":"Gather Gold","damage_taken":11,"max_hp_gain":0,"max_hp_loss":0,"event_name":"World of Goop","floor":2,"gold_loss":0},{"damage_healed":0,"gold_gain":175,"player_choice":"AGREE","damage_taken":0,"max_hp_gain":0,"max_hp_loss":0,"event_name":"Liars Game","floor":4,"gold_loss":0,"cards_obtained":["Doubt"]},{"damage_healed":0,"gold_gain":0,"player_choice":"Rummage","damage_taken":0,"relics_obtained":["WarpedTongs"],"max_hp_gain":0,"max_hp_loss":0,"event_name":"Accursed Blacksmith","floor":12,"gold_loss":0,"cards_obtained":["Pain"]},{"damage_healed":0,"gold_gain":99,"player_choice":"Stole From Cult","damage_taken":0,"max_hp_gain":0,"max_hp_loss":0,"event_name":"Nest","floor":20,"gold_loss":0}],"is_beta":false,"boss_relics":[{"not_picked":["Fusion Hammer","Tiny House"],"picked":"Black Star"}],"items_purged_floors":[],"is_endless":false,"potions_floor_spawned":[5,10,11,14,18,21,23],"killed_by":"Shelled Parasite and Fungi","ascension_level":0}}