{"host":"nkolxg4se00n20yf","time":1610481511,"event":{"mods":["BaseMod","CatGirl Mod","Chen","Colored Map","Colored Powertips","Downfall","Friendly Minions","Infinite Spire","Kiyohime????","Marisa????????","Minty Spire (QoL Compilation)","StSLib","Td1madao Mod","The Administrix","The Cursed","The Exalted","The Hierophant","The Servant 0.9.4"],"gold_per_floor":[119,18,168,243,255,284,311,311,335,335,360,377,377,387,387,463,463,475,202,222,222,237,270,270,270,293,310,310,324,339,355,355,355,355],"floor_reached":33,"language":"ENG","playtime":1226,"items_purged":["Regret"],"score":540,"play_id":"1bc39b8f-1d1b-4ed0-b225-cdf55d9b0b44","local_time":"20210112205831","is_ascension_mode":true,"campfire_choices":[{"floor":8.0,"key":"REST"},{"floor":10.0,"key":"REST"},{"floor":13.0,"key":"REST"},{"data":"Infinite Blades","floor":15.0,"key":"SMITH"},{"floor":24.0,"key":"REST"},{"floor":28.0,"key":"REST"},{"floor":32,"key":"REST"}],"circlet_count":0,"master_deck":["AscendersBane","Survivor","Neutralize","Flying Knee","Slice","Doubt","Poisoned Stab","Phantasmal Killer+1","Heel Hook","Infinite Blades","Dagger Throw","Infinite Blades+1","Corpse Explosion","Setup","Catalyst","Dagger Spray","Deflect","Envenom","Quick Slash","Phantasmal Killer","Dagger Spray","Unload","Expertise","PiercingWail","Quick Slash+1","Infinite Blades+1","Slice+1","infinitespire:Neurotoxin","Bouncing Flask","Underhanded Strike+1","Underhanded Strike+1","Skewer+1"],"relics":["Ring of the Snake","Ginger","War Paint","Odd Mushroom","Potion Belt","Bottled Lightning","Pandora\u0027s Box","Molten Egg 2","Blue Candle","Bromod:ArcaneGrace","Bromod:ArcaneTempo"],"acts_visited":["Exordium","TheCity"],"potions_floor_usage":[29,30,33,33],"damage_taken":[{"damage":2.0,"enemies":"2 Louse","floor":1.0,"turns":3.0},{"damage":4.0,"enemies":"Small Slimes","floor":5.0,"turns":5.0},{"damage":28.0,"enemies":"Gremlin Nob","floor":6.0,"turns":4.0},{"damage":0.0,"enemies":"The Mushroom Lair","floor":7.0,"turns":4.0},{"damage":17.0,"enemies":"3 Sentries","floor":11.0,"turns":8.0},{"damage":1.0,"enemies":"Jaw Worm","floor":12.0,"turns":2.0},{"damage":7.0,"enemies":"Lots of Slimes","floor":14.0,"turns":3.0},{"damage":36.0,"enemies":"Hexaghost","floor":16.0,"turns":11.0},{"damage":0.0,"enemies":"Spheric Guardian","floor":18.0,"turns":2.0},{"damage":0.0,"enemies":"Chosen","floor":20.0,"turns":3.0},{"damage":30.0,"enemies":"Snake Plant","floor":22.0,"turns":4.0},{"damage":11.0,"enemies":"Slavers","floor":23.0,"turns":2.0},{"damage":24.0,"enemies":"3 Cultists","floor":27.0,"turns":5.0},{"damage":15,"enemies":"Shelled Parasite and Fungi","floor":29,"turns":2},{"damage":3,"enemies":"Sentry and Sphere","floor":30,"turns":3},{"damage":0,"enemies":"Cultist and Chosen","floor":31,"turns":3},{"damage":57,"enemies":"Collector","floor":33,"turns":6}],"seed_played":"2227035308172390247","potions_obtained":[{"floor":5.0,"key":"Swift Potion"},{"floor":7.0,"key":"Swift Potion"},{"floor":12.0,"key":"EntropicBrew"},{"floor":20.0,"key":"DistilledChaos"},{"floor":29,"key":"hexamod:EctoCoolerPotion"},{"floor":30,"key":"GamblersBrew"},{"floor":31,"key":"LiquidBronze"}],"is_trial":false,"path_per_floor":["M","$","?","?","M","E","?","R","T","R","E","M","R","M","R","B",null,"M","$","M","?","M","E","R","AVR","T","M","R","M","M","M","R","B"],"character_chosen":"THE_SILENT","items_purchased":["Slice","Molten Egg 2"],"campfire_rested":6,"item_purchase_floors":[2,19],"current_hp_per_floor":[57,57,57,46,42,14,14,33,33,52,35,34,53,46,46,10,52,52,52,52,52,22,11,30,30,30,8,27,13,10,10,29,0,0],"gold":355,"neow_bonus":"ONE_RARE_RELIC","is_daily":false,"chose_seed":false,"campfire_upgraded":1,"win_rate":0.0,"timestamp":1610481511,"path_taken":["M","$","?","?","M","E","?","R","T","R","E","M","R","M","R","BOSS","M","$","M","?","M","E","R","AVR","T","M","R","M","?","M","R","BOSS"],"items_purchased_type":["Card","Relic"],"build_version":"2020-12-22","purchased_purges":1,"victory":false,"max_hp_per_floor":[66,66,66,66,66,66,66,66,66,66,66,66,66,66,66,66,66,66,66,66,66,66,66,66,66,66,66,66,66,66,66,66,66,66],"card_choices":[{"not_picked":["Setup","Cloak And Dagger"],"picked":"Flying Knee","floor":1.0},{"not_picked":["Cloak And Dagger","Blur"],"picked":"Poisoned Stab","floor":5.0},{"not_picked":["Masterful Stab","Dagger Throw"],"picked":"Phantasmal Killer","floor":6.0},{"not_picked":["Slice","Dagger Throw"],"picked":"Heel Hook","floor":7.0},{"not_picked":["Cloak And Dagger","Dodge and Roll"],"picked":"Infinite Blades","floor":11.0},{"not_picked":["Quick Slash","Predator"],"picked":"Dagger Throw","floor":12.0},{"not_picked":["Slice","Prepared"],"picked":"Infinite Blades","floor":14.0},{"not_picked":["After Image","Adrenaline"],"picked":"Corpse Explosion","floor":16.0},{"not_picked":["Dagger Spray","Acrobatics"],"picked":"PiercingWail","floor":18.0},{"not_picked":["Phantasmal Killer","Calculated Gamble+1"],"picked":"Quick Slash+1","floor":20.0},{"not_picked":["Bane+1","Deflect+1"],"picked":"Slice+1","floor":22.0},{"not_picked":["Blade Dance","Predator+1"],"picked":"infinitespire:Neurotoxin","floor":23.0},{"not_picked":["Dagger Spray+1","Cloak And Dagger"],"picked":"Bouncing Flask","floor":27.0},{"not_picked":["PiercingWail","Quick Slash+1"],"picked":"Underhanded Strike+1","floor":29},{"not_picked":["Grand Finale+1","Setup"],"picked":"Underhanded Strike+1","floor":30},{"not_picked":["Setup","Dagger Throw+1"],"picked":"Skewer+1","floor":31}],"player_experience":1115703,"relics_obtained":[{"floor":6.0,"key":"War Paint"},{"floor":7.0,"key":"Odd Mushroom"},{"floor":9.0,"key":"Potion Belt"},{"floor":11.0,"key":"Bottled Lightning"},{"floor":23.0,"key":"Blue Candle"},{"floor":26.0,"key":"Bromod:ArcaneTempo"}],"event_choices":[{"damage_healed":0.0,"max_hp_gain":0.0,"max_hp_loss":0.0,"gold_gain":150.0,"event_name":"Liars Game","player_choice":"AGREE","floor":3.0,"gold_loss":0.0,"damage_taken":0.0,"cards_obtained":["Doubt"]},{"damage_healed":0.0,"max_hp_gain":0.0,"max_hp_loss":0.0,"gold_gain":75.0,"event_name":"World of Goop","player_choice":"Gather Gold","floor":4.0,"gold_loss":0.0,"damage_taken":11.0},{"damage_healed":0.0,"max_hp_gain":0.0,"max_hp_loss":0.0,"gold_gain":0.0,"event_name":"Mushrooms","player_choice":"Fought Mushrooms","floor":7.0,"gold_loss":0.0,"damage_taken":0.0},{"damage_healed":0.0,"max_hp_gain":0.0,"max_hp_loss":0.0,"gold_gain":0.0,"event_name":"Duplicator","player_choice":"Copied","floor":21.0,"gold_loss":0.0,"damage_taken":0.0,"cards_obtained":["Infinite Blades"]}],"is_beta":false,"boss_relics":[{"not_picked":["Sozu","Coffee Dripper"],"picked":"Pandora\u0027s Box"}],"items_purged_floors":[2],"is_endless":false,"potions_floor_spawned":[5,7,12,20,29,30,31],"killed_by":"Collector","ascension_level":19}}