{"host":"tnsigirk6wurdark","time":1610472407,"event":{"mods":["BaseMod","Colored Map","Colored Powertips","Highlight Path","Minty Spire (QoL Compilation)","Quick Restart","Relic Sorter","StSLib","Synergy Search"],"gold_per_floor":[111,122,122,122,134,134,167,167,167,267,279,292,310,321,321,394,394,361,377,145,45,55,81,81,81],"floor_reached":24,"playtime":1755,"items_purged":["Strike_G","Strike_G"],"score":374,"play_id":"8388ad1d-081d-4214-93b4-e8c67184e723","local_time":"20210112172647","is_ascension_mode":true,"campfire_choices":[{"data":"Footwork","floor":6,"key":"SMITH"},{"floor":8,"key":"REST"},{"floor":15,"key":"REST"}],"circlet_count":0,"master_deck":["AscendersBane","Strike_G","Strike_G","Strike_G","Defend_G","Defend_G","Defend_G","Defend_G","Defend_G","Survivor","Neutralize","Poisoned Stab","Bouncing Flask+1","Footwork+1","Acrobatics","Deadly Poison","Tactician","Dagger Throw","Dagger Throw","Adrenaline","Underhanded Strike","Underhanded Strike","Bouncing Flask","Crippling Poison"],"relics":["HoveringKite","Question Card","SlaversCollar","MealTicket","TwistedFunnel","CaptainsWheel"],"acts_visited":["Exordium","TheCity"],"potions_floor_usage":[7,11,12,13,18,23,24],"damage_taken":[{"damage":15,"enemies":"Jaw Worm","floor":1,"turns":9},{"damage":4,"enemies":"Small Slimes","floor":2,"turns":4},{"damage":5,"enemies":"Cultist","floor":5,"turns":4},{"damage":7,"enemies":"Lagavulin","floor":7,"turns":6},{"damage":12,"enemies":"Gremlin Gang","floor":11,"turns":8},{"damage":3,"enemies":"Lots of Slimes","floor":12,"turns":6},{"damage":0,"enemies":"3 Louse","floor":13,"turns":4},{"damage":3,"enemies":"Blue Slaver","floor":14,"turns":4},{"damage":14,"enemies":"The Guardian","floor":16,"turns":8},{"damage":9,"enemies":"2 Thieves","floor":18,"turns":5},{"damage":0,"enemies":"Spheric Guardian","floor":19,"turns":3},{"damage":18,"enemies":"Snecko","floor":22,"turns":4},{"damage":43,"enemies":"Book of Stabbing","floor":23,"turns":5},{"damage":10,"enemies":"3 Cultists","floor":24,"turns":2}],"seed_played":"-3329921503824036118","potions_obtained":[{"floor":1,"key":"BlessingOfTheForge"},{"floor":5,"key":"SpeedPotion"},{"floor":7,"key":"CunningPotion"},{"floor":11,"key":"GhostInAJar"},{"floor":16,"key":"Block Potion"},{"floor":22,"key":"LiquidMemories"},{"floor":23,"key":"ColorlessPotion"}],"is_trial":false,"path_per_floor":["M","M","?","?","M","R","E","R","T","?","M","M","M","M","R","B",null,"M","M","$","$","M","E","M"],"character_chosen":"THE_SILENT","items_purchased":["TwistedFunnel"],"campfire_rested":2,"item_purchase_floors":[20],"current_hp_per_floor":[44,40,40,40,35,35,28,47,47,47,35,32,32,29,48,34,58,49,49,64,66,48,5,0,0],"gold":81,"neow_bonus":"BOSS_RELIC","is_daily":false,"chose_seed":false,"campfire_upgraded":1,"win_rate":0.0,"timestamp":1610472407,"path_taken":["M","M","?","?","M","R","E","R","T","?","M","M","M","M","R","BOSS","M","M","?","$","?","E","?"],"items_purchased_type":["Relic"],"build_version":"2020-12-22","purchased_purges":2,"victory":false,"max_hp_per_floor":[66,66,66,66,66,66,66,66,66,66,66,66,66,66,66,66,66,66,66,66,66,66,66,66,66],"card_choices":[{"not_picked":["Leg Sweep","Dagger Spray"],"picked":"Poisoned Stab","floor":1},{"not_picked":["Bane","Dagger Throw"],"picked":"Bouncing Flask","floor":2},{"not_picked":["Flying Knee","Finisher"],"picked":"Footwork","floor":5},{"not_picked":["Backflip","Predator"],"picked":"Acrobatics","floor":7},{"not_picked":["Underhanded Strike","Deflect","Flying Knee"],"picked":"Deadly Poison","floor":11},{"not_picked":["Underhanded Strike","Backstab","Flying Knee"],"picked":"Tactician","floor":12},{"not_picked":["Backflip","Deflect","Predator"],"picked":"Dagger Throw","floor":13},{"not_picked":["Bullet Time","Crippling Poison","Poisoned Stab"],"picked":"Dagger Throw","floor":14},{"not_picked":["Corpse Explosion","Storm of Steel","Unload"],"picked":"Adrenaline","floor":16},{"not_picked":["Dagger Throw","Dash","Choke"],"picked":"Underhanded Strike","floor":18},{"not_picked":["Noxious Fumes","Slice","Poisoned Stab"],"picked":"Underhanded Strike","floor":19},{"not_picked":["Sucker Punch","Dodge and Roll","Poisoned Stab+1"],"picked":"Bouncing Flask","floor":22},{"not_picked":["Malaise","Predator","Accuracy+1"],"picked":"Crippling Poison","floor":23}],"player_experience":681565,"relics_obtained":[{"floor":7,"key":"MealTicket"},{"floor":9,"key":"Question Card"},{"floor":23,"key":"CaptainsWheel"}],"event_choices":[{"damage_healed":0,"gold_gain":0,"player_choice":"Ignored","damage_taken":0,"max_hp_gain":0,"max_hp_loss":0,"event_name":"Shining Light","floor":3,"gold_loss":0},{"damage_healed":0,"gold_gain":0,"player_choice":"Grow","damage_taken":0,"max_hp_gain":0,"max_hp_loss":0,"event_name":"Living Wall","floor":4,"gold_loss":0,"cards_upgraded":["Bouncing Flask"]},{"damage_healed":0,"gold_gain":100,"player_choice":"Pray","damage_taken":0,"max_hp_gain":0,"max_hp_loss":0,"event_name":"Golden Shrine","floor":10,"gold_loss":0}],"is_beta":false,"boss_relics":[{"not_picked":["WristBlade","Busted Crown"],"picked":"SlaversCollar"}],"items_purged_floors":[20,21],"is_endless":false,"potions_floor_spawned":[1,5,7,11,16,22,23],"killed_by":"3 Cultists","ascension_level":14}}