{"host":"tmzq6unyecs2p367","time":1610437249,"event":{"mods":["BaseMod","Koishi","Minty Spire (QoL Compilation)","StSLib","The Bug Knight","The Dragon Tamer","The Juggle","The Senshi"],"gold_per_floor":[20,32,32,51,71,102,177,177,177,177],"floor_reached":8,"playtime":567,"items_purged":[],"score":91,"play_id":"9cc0b3fd-d114-46d5-a149-8c315cb5e345","local_time":"20210112084049","is_ascension_mode":true,"metric_token":531,"campfire_choices":[],"dtmod_dragon_data":[33,50,-1,-1,0,0],"circlet_count":0,"master_deck":["DTMod:Strike","DTMod:Strike","DTMod:Strike","DTMod:Strike","DTMod:DoubleHit","DTMod:TargetDefense","DTMod:TargetDefense","DTMod:TargetDefense","DTMod:TargetDefense","DTMod:SwitchingTactic","DTMod:ShadowImage","DTMod:CrossStep","DTMod:BalancedStrike","DTMod:Shift","DTMod:PurifyingFlame"],"relics":["DTMod:PactStone","Golden Idol","Blood Vial"],"acts_visited":["Exordium"],"potions_floor_usage":[6,6],"damage_taken":[{"damage":0,"enemies":"Cultist","floor":1,"turns":4},{"damage":4,"enemies":"Jaw Worm","floor":2,"turns":4},{"damage":0,"enemies":"2 Louse","floor":4,"turns":3},{"damage":0,"enemies":"Gremlin Gang","floor":5,"turns":6},{"damage":0,"enemies":"HollowMod:MossKnight","floor":6,"turns":15},{"damage":40,"enemies":"Gremlin Nob","floor":8,"turns":5}],"seed_played":"7692317244769809097","potions_obtained":[{"floor":4,"key":"SpeedPotion"},{"floor":5,"key":"DistilledChaos"}],"is_trial":false,"path_per_floor":["M","M","?","M","M","E","?","E"],"character_chosen":"THE_DT","items_purchased":[],"campfire_rested":0,"item_purchase_floors":[],"current_hp_per_floor":[45,41,30,30,30,30,19,0,0,0],"gold":177,"neow_bonus":"THREE_RARE_CARDS","is_daily":false,"chose_seed":false,"campfire_upgraded":0,"win_rate":0.0,"timestamp":1610437249,"path_taken":["M","?","?","M","M","E","?","E"],"items_purchased_type":[],"build_version":"2020-12-22","purchased_purges":0,"victory":false,"max_hp_per_floor":[45,45,45,45,45,45,45,45,45,45],"card_choices":[{"not_picked":["DTMod:LightShield","DTMod:GearUp"],"picked":"DTMod:ShadowImage","floor":0},{"not_picked":["DTMod:QuickFly","DTMod:Conduct"],"picked":"DTMod:CrossStep","floor":1},{"not_picked":["DTMod:Hide","DTMod:Threaten","DTMod:Feint"],"picked":"SKIP","floor":2},{"not_picked":["DTMod:RunningTactic","DTMod:BuildUp"],"picked":"DTMod:BalancedStrike","floor":4},{"not_picked":["DTMod:HeatWave","DTMod:Weaken"],"picked":"DTMod:Shift","floor":5},{"not_picked":["DTMod:Conduct","DTMod:LowKick"],"picked":"DTMod:PurifyingFlame","floor":6}],"player_experience":1831008,"relics_obtained":[{"floor":6,"key":"Blood Vial"}],"event_choices":[{"damage_healed":0,"gold_gain":0,"player_choice":"Take Damage","damage_taken":11,"relics_obtained":["Golden Idol"],"max_hp_gain":0,"max_hp_loss":0,"event_name":"Golden Idol","floor":3,"gold_loss":0},{"damage_healed":0,"gold_gain":75,"player_choice":"Gather Gold","damage_taken":11,"max_hp_gain":0,"max_hp_loss":0,"event_name":"World of Goop","floor":7,"gold_loss":0}],"is_beta":false,"boss_relics":[],"items_purged_floors":[],"is_endless":false,"potions_floor_spawned":[4,5],"killed_by":"Gremlin Nob","ascension_level":2}}