{"host":"dpbezu80jg8zk7un","time":1610415403,"event":{"mods":["BaseMod","Colored Map","Colored Powertips","Custom Start","DeckTracker","Minty Spire (QoL Compilation)","Quick Restart","StSLib","SuperFastMode"],"gold_per_floor":[216,216,101,101,114,439,439,459,459,476,476,476,510,530,530,603,603,617,273,273,323,198,198,227,227,227,239,255,283,283,295,295,369,369,389,339,339,359,309,361,361,396,445,445,470,470,503,520,520,520,520,520,520,132,159,159],"floor_reached":57,"playtime":2518,"items_purged":["Strike_P","Defend_P","Strike_P","FlurryOfBlows","DevaForm","Shame"],"score":3143,"play_id":"6e7da619-924d-4a88-9955-cb3bfc5be9f0","local_time":"20210112103643","is_ascension_mode":true,"campfire_choices":[{"data":"Eruption","floor":7.0,"key":"SMITH"},{"data":"Ragnarok","floor":12.0,"key":"SMITH"},{"data":"EmptyMind","floor":15.0,"key":"SMITH"},{"data":"Meditate","floor":23.0,"key":"SMITH"},{"data":"Adaptation","floor":25.0,"key":"SMITH"},{"data":"MentalFortress","floor":30.0,"key":"SMITH"},{"data":"Tantrum","floor":32.0,"key":"SMITH"},{"data":"Adaptation","floor":41,"key":"SMITH"},{"floor":44,"key":"RECALL"},{"data":"DeceiveReality","floor":46,"key":"SMITH"},{"data":"Establishment","floor":49,"key":"SMITH"},{"data":"Vigilance","floor":53,"key":"SMITH"}],"circlet_count":0,"master_deck":["AscendersBane","Eruption+1","Vigilance+1","Tantrum+1","FearNoEvil","Ragnarok+1","EmptyMind+1","Establishment+1","MentalFortress+1","Meditate+1","Adaptation+1","DeceiveReality+1","Wireheading","Adaptation+1","Scrawl"],"relics":["PureWater","Old Coin","Mango","Gremlin Horn","Cursed Key","Toy Ornithopter","Smiling Mask","Meat on the Bone","Pandora\u0027s Box","WingedGreaves","PreservedInsect","Letter Opener","Question Card","Anchor","InkBottle"],"acts_visited":["Exordium","TheCity","TheBeyond","TheEnding"],"potions_floor_usage":[40,42,50,51,51,55],"damage_taken":[{"damage":2.0,"enemies":"Jaw Worm","floor":1.0,"turns":3.0},{"damage":0.0,"enemies":"2 Louse","floor":5.0,"turns":3.0},{"damage":16.0,"enemies":"Gremlin Nob","floor":6.0,"turns":3.0},{"damage":0.0,"enemies":"Cultist","floor":8.0,"turns":2.0},{"damage":0.0,"enemies":"3 Louse","floor":10.0,"turns":2.0},{"damage":0.0,"enemies":"Lagavulin","floor":13.0,"turns":3.0},{"damage":0.0,"enemies":"Large Slime","floor":14.0,"turns":2.0},{"damage":0.0,"enemies":"Slime Boss","floor":16.0,"turns":4.0},{"damage":0.0,"enemies":"Shell Parasite","floor":18.0,"turns":2.0},{"damage":0.0,"enemies":"Gremlin Leader","floor":24.0,"turns":3.0},{"damage":0.0,"enemies":"3 Byrds","floor":27.0,"turns":3.0},{"damage":9.0,"enemies":"Snecko","floor":28.0,"turns":3.0},{"damage":22.0,"enemies":"Book of Stabbing","floor":29.0,"turns":3.0},{"damage":0.0,"enemies":"Sentry and Sphere","floor":31.0,"turns":2.0},{"damage":0.0,"enemies":"Champ","floor":33.0,"turns":4.0},{"damage":11.0,"enemies":"3 Darklings","floor":35.0,"turns":3.0},{"damage":0.0,"enemies":"Orb Walker","floor":38.0,"turns":2.0},{"damage":4,"enemies":"2 Orb Walkers","floor":40,"turns":2},{"damage":0,"enemies":"Reptomancer","floor":42,"turns":2},{"damage":5,"enemies":"Nemesis","floor":45,"turns":5},{"damage":6,"enemies":"Giant Head","floor":47,"turns":4},{"damage":0,"enemies":"Jaw Worm Horde","floor":48,"turns":2},{"damage":16,"enemies":"Donu and Deca","floor":50,"turns":3},{"damage":24,"enemies":"Awakened One","floor":51,"turns":3},{"damage":4,"enemies":"Shield and Spear","floor":55,"turns":3},{"damage":25,"enemies":"The Heart","floor":56,"turns":6}],"seed_played":"-6094049778434512396","potions_obtained":[{"floor":5.0,"key":"Weak Potion"},{"floor":6.0,"key":"GamblersBrew"},{"floor":18.0,"key":"Strength Potion"},{"floor":27.0,"key":"BlessingOfTheForge"},{"floor":33.0,"key":"Explosive Potion"},{"floor":38.0,"key":"EntropicBrew"},{"floor":40,"key":"LiquidMemories"},{"floor":45,"key":"StancePotion"}],"is_trial":false,"path_per_floor":["M","?","$","?","M","E","R","M","T","M","?","R","E","M","R","B",null,"M","$","?","?","$","R","E","R","T","M","M","E","R","M","R","B",null,"M","$","?","M","$","?","R","E","T","R","E","R","E","M","R","B","B",null,"R","$","E","B",null],"character_chosen":"WATCHER","items_purchased":["Tantrum","MentalFortress","Toy Ornithopter","Anchor","GamblersBrew","LiquidMemories"],"campfire_rested":0,"item_purchase_floors":[3,19,19,54,54,54],"current_hp_per_floor":[59,59,59,68,68,52,52,52,66,66,59,59,59,59,59,59,76,76,76,76,76,76,76,76,76,76,81,72,50,50,50,50,55,75,69,69,69,69,69,70,70,75,75,75,70,70,64,64,64,53,51,74,74,74,75,50],"gold":159,"neow_bonus":"HUNDRED_GOLD","is_daily":false,"chose_seed":false,"campfire_upgraded":11,"win_rate":0.0,"timestamp":1610415403,"path_taken":["M","?","$","?","M","E","R","?","T","M","?","R","E","M","R","BOSS","M","$","?","?","$","R","E","R","T","M","M","E","R","M","R","BOSS","M","$","?","M","$","?","R","E","T","R","E","R","E","?","R","BOSS","BOSS","R","$","E","BOSS"],"items_purchased_type":["Card","Card","Relic","Relic","Potion","Potion"],"build_version":"2020-12-22","purchased_purges":6,"victory":true,"max_hp_per_floor":[68,68,68,68,68,68,68,68,82,82,82,82,82,82,82,82,82,82,82,82,82,82,82,82,82,82,82,82,82,82,82,82,82,82,82,82,82,82,82,82,82,82,82,82,82,82,82,82,82,82,82,82,82,82,82,82],"card_choices":[{"not_picked":["FlyingSleeves","Protect","SashWhip"],"picked":"SKIP","floor":1.0},{"not_picked":["EmptyFist","Collect"],"picked":"FearNoEvil","floor":5.0},{"not_picked":["Sanctity","ClearTheMind"],"picked":"Ragnarok","floor":6.0},{"not_picked":["LikeWater","Consecrate"],"picked":"EmptyMind","floor":8.0},{"not_picked":["PathToVictory","Vengeance"],"picked":"FlurryOfBlows","floor":10.0},{"not_picked":["Collect","Prostrate","WaveOfTheHand"],"picked":"SKIP","floor":13.0},{"not_picked":["Wireheading","FlyingSleeves","FlurryOfBlows"],"picked":"SKIP","floor":14.0},{"not_picked":["Alpha","DevaForm"],"picked":"Establishment","floor":16.0},{"not_picked":["DeceiveReality","JustLucky","WaveOfTheHand"],"picked":"SKIP","floor":18.0},{"not_picked":["FollowUp","InnerPeace"],"picked":"Adaptation","floor":24.0},{"not_picked":["BattleHymn+1","FollowUp","Evaluate"],"picked":"SKIP","floor":27.0},{"not_picked":["Wallop","EmptyFist","Evaluate"],"picked":"SKIP","floor":28.0},{"not_picked":["Indignation","CrushJoints","SashWhip"],"picked":"SKIP","floor":29.0},{"not_picked":["EmptyFist","Collect","ClearTheMind"],"picked":"SKIP","floor":31.0},{"not_picked":["PathToVictory+1","FlyingSleeves"],"picked":"Adaptation","floor":35.0},{"not_picked":["JustLucky","Crescendo+1","SashWhip"],"picked":"SKIP","floor":38.0},{"not_picked":["ThirdEye","FollowUp","EmptyMind"],"picked":"SKIP","floor":42},{"not_picked":["EmptyBody","Evaluate","Worship"],"picked":"SKIP","floor":45},{"not_picked":["WheelKick","FlyingSleeves","Study+1"],"picked":"SKIP","floor":47},{"not_picked":["Study","JustLucky","CarveReality","Wallop"],"picked":"SKIP","floor":48},{"not_picked":["EmptyFist","Perseverance+1","ReachHeaven"],"picked":"Scrawl","floor":55}],"player_experience":2863920,"relics_obtained":[{"floor":6.0,"key":"Old Coin"},{"floor":9.0,"key":"Mango"},{"floor":13.0,"key":"Gremlin Horn"},{"floor":24.0,"key":"Smiling Mask"},{"floor":29.0,"key":"Meat on the Bone"},{"floor":40,"key":"WingedGreaves"},{"floor":42,"key":"PreservedInsect"},{"floor":45,"key":"Letter Opener"},{"floor":47,"key":"Question Card"},{"floor":55,"key":"InkBottle"}],"event_choices":[{"cards_removed":["Defend_P"],"damage_healed":0.0,"max_hp_gain":0.0,"max_hp_loss":0.0,"gold_gain":0.0,"event_name":"Living Wall","player_choice":"Forget","floor":2.0,"gold_loss":0.0,"damage_taken":0.0},{"damage_healed":9.0,"max_hp_gain":0.0,"max_hp_loss":0.0,"gold_gain":0.0,"event_name":"Wheel of Change","player_choice":"Full Heal","floor":4.0,"gold_loss":0.0,"damage_taken":0.0},{"cards_removed":["Strike_P"],"damage_healed":0.0,"max_hp_gain":0.0,"max_hp_loss":0.0,"gold_gain":0.0,"event_name":"Golden Wing","player_choice":"Card Removal","floor":11.0,"gold_loss":0.0,"damage_taken":7.0},{"damage_healed":0.0,"max_hp_gain":0.0,"max_hp_loss":0.0,"gold_gain":0.0,"event_name":"The Library","player_choice":"Read","floor":20.0,"gold_loss":0.0,"damage_taken":0.0,"cards_obtained":["Meditate"]},{"damage_healed":0.0,"max_hp_gain":0.0,"max_hp_loss":0.0,"gold_gain":50.0,"event_name":"Golden Shrine","player_choice":"Pray","floor":21.0,"gold_loss":0.0,"damage_taken":0.0},{"damage_healed":0.0,"max_hp_gain":0.0,"max_hp_loss":0.0,"gold_gain":0.0,"event_name":"Tomb of Lord Red Mask","player_choice":"Ignored","floor":37.0,"gold_loss":0.0,"damage_taken":0.0},{"damage_healed":0,"gold_gain":0,"player_choice":"Fight","damage_taken":0,"max_hp_gain":0,"max_hp_loss":0,"event_name":"Mysterious Sphere","floor":40,"gold_loss":0}],"is_beta":false,"boss_relics":[{"not_picked":["Snecko Eye","Tiny House"],"picked":"Cursed Key"},{"not_picked":["Sozu","Runic Dome"],"picked":"Pandora\u0027s Box"}],"items_purged_floors":[3,19,22,36,39,54],"is_endless":false,"potions_floor_spawned":[5,6,8,16,18,27,33,38,40,45],"ascension_level":20}}