{"host":"cdwmoa70bcdnlxwr","time":1610457290,"event":{"mods":["BaseMod","Colored Map","Colored Powertips","Custom Start","Keyboard Shortcuts","Minty Spire (QoL Compilation)","StSLib","SuperFastMode"],"gold_per_floor":[109,109,34,45,63,63,82,82,107,132,132,145,145,163,163,235,235,247,258,258,268,281,281,301,301,374,391,391,391,408,3,3,74,74,90,90,107,125,142,142,155,155,228,253,253,267,322,351,351,351,351],"floor_reached":50,"playtime":1484,"items_purged":["Defend_G","Strike_G"],"score":1031,"play_id":"4ef74d59-2b9e-4d5e-95ae-45ad82bf5ae5","local_time":"20210112221450","is_ascension_mode":true,"campfire_choices":[{"data":"1","floor":8.0,"key":"LIFT"},{"data":"2","floor":11.0,"key":"LIFT"},{"floor":13.0,"key":"REST"},{"data":"3","floor":15.0,"key":"LIFT"},{"floor":23.0,"key":"REST"},{"data":"Blade Dance","floor":25.0,"key":"SMITH"},{"data":"Venomology","floor":32,"key":"SMITH"},{"data":"Phantasmal Killer","floor":40,"key":"SMITH"},{"data":"Prepared","floor":45,"key":"SMITH"},{"floor":49,"key":"REST"}],"circlet_count":0,"master_deck":["AscendersBane","Defend_G","Defend_G","Defend_G","Defend_G","Survivor","Neutralize","Terror","Dagger Throw","Backstab","Blade Dance+1","Blade Dance","Prepared+1","Venomology+1","Escape Plan","Choke+1","Backstab","Acrobatics","Phantasmal Killer+1","Reflex","Reflex+1","Acrobatics+1"],"relics":["Ring of the Snake","Girya","MealTicket","Omamori","Ornamental Fan","Calling Bell","Centennial Puzzle","Letter Opener","Calipers","Mango","Gremlin Horn","Pear","Empty Cage","Lantern","Unceasing Top","FossilizedHelix","Blue Candle"],"acts_visited":["Exordium","TheCity","TheBeyond"],"potions_floor_usage":[27,30,33,33,33,37,39,39,46,48],"damage_taken":[{"damage":6.0,"enemies":"Jaw Worm","floor":1.0,"turns":7.0},{"damage":1.0,"enemies":"Cultist","floor":4.0,"turns":4.0},{"damage":3.0,"enemies":"Small Slimes","floor":5.0,"turns":5.0},{"damage":6.0,"enemies":"Looter","floor":7.0,"turns":3.0},{"damage":29.0,"enemies":"3 Sentries","floor":10.0,"turns":12.0},{"damage":4.0,"enemies":"Red Slaver","floor":12.0,"turns":3.0},{"damage":0.0,"enemies":"Large Slime","floor":14.0,"turns":3.0},{"damage":16.0,"enemies":"Slime Boss","floor":16.0,"turns":8.0},{"damage":8.0,"enemies":"Shell Parasite","floor":18.0,"turns":2.0},{"damage":9.0,"enemies":"2 Thieves","floor":19.0,"turns":3.0},{"damage":11.0,"enemies":"Sentry and Sphere","floor":21.0,"turns":6.0},{"damage":21.0,"enemies":"Snake Plant","floor":22.0,"turns":3.0},{"damage":2.0,"enemies":"3 Cultists","floor":24.0,"turns":4.0},{"damage":21,"enemies":"Shelled Parasite and Fungi","floor":27,"turns":4},{"damage":0,"enemies":"Centurion and Healer","floor":30,"turns":3},{"damage":7,"enemies":"Collector","floor":33,"turns":3},{"damage":9,"enemies":"3 Shapes","floor":35,"turns":6},{"damage":23,"enemies":"3 Darklings","floor":37,"turns":3},{"damage":0,"enemies":"4 Shapes","floor":38,"turns":3},{"damage":12,"enemies":"Transient","floor":39,"turns":6},{"damage":16,"enemies":"Jaw Worm Horde","floor":41,"turns":2},{"damage":0,"enemies":"Mind Bloom Boss Battle","floor":44,"turns":3},{"damage":1,"enemies":"4 Shapes","floor":46,"turns":4},{"damage":18,"enemies":"2 Orb Walkers","floor":47,"turns":2},{"damage":0,"enemies":"Nemesis","floor":48,"turns":3},{"damage":73,"enemies":"Time Eater","floor":50,"turns":7}],"seed_played":"-2422632376163449120","potions_obtained":[{"floor":1.0,"key":"Poison Potion"},{"floor":5.0,"key":"Block Potion"},{"floor":10.0,"key":"ColorlessPotion"},{"floor":22.0,"key":"Weak Potion"},{"floor":27,"key":"Fruit Juice"},{"floor":41,"key":"Swift Potion"},{"floor":48,"key":"FairyPotion"}],"is_trial":false,"path_per_floor":["M","?","$","M","M","?","M","R","T","E","R","M","R","M","R","B",null,"M","M","?","M","M","R","M","R","T","M","?","?","M","$","R","B",null,"M","?","M","M","M","R","M","T","T","?","R","M","?","E","R","B"],"character_chosen":"THE_SILENT","items_purchased":["Acrobatics","Pear"],"campfire_rested":3,"item_purchase_floors":[31,31],"current_hp_per_floor":[53,53,53,52,49,44,38,38,38,9,9,5,24,24,24,8,52,44,35,49,38,17,41,39,39,39,18,18,18,23,48,48,41,82,73,73,50,50,38,38,22,22,22,22,22,21,3,3,31,0,0],"gold":351,"neow_bonus":"ONE_RARE_RELIC","is_daily":false,"chose_seed":false,"campfire_upgraded":4,"win_rate":0.0,"timestamp":1610457290,"path_taken":["M","?","$","?","M","?","M","R","T","E","R","M","R","M","R","BOSS","M","M","?","M","M","R","M","R","T","?","?","?","?","$","R","BOSS","M","?","M","M","M","R","M","?","T","?","R","M","?","E","R","BOSS"],"items_purchased_type":["Card","Relic"],"build_version":"2020-12-22","purchased_purges":2,"victory":false,"max_hp_per_floor":[66,66,66,66,66,66,66,66,66,66,66,66,66,66,66,66,66,66,66,80,80,80,80,80,80,80,80,80,80,85,95,95,95,95,95,95,95,95,95,95,95,95,95,95,95,95,95,95,95,95,95],"card_choices":[{"not_picked":["Deflect","PiercingWail","Cloak And Dagger"],"picked":"SKIP","floor":1.0},{"not_picked":["Dodge and Roll","Sucker Punch"],"picked":"Terror","floor":4.0},{"not_picked":["Slice","Underhanded Strike"],"picked":"Dagger Throw","floor":5.0},{"not_picked":["Deflect","Flying Knee"],"picked":"Backstab","floor":7.0},{"not_picked":["Poisoned Stab","Dagger Spray"],"picked":"Blade Dance","floor":10.0},{"not_picked":["Noxious Fumes","Well Laid Plans"],"picked":"Blade Dance","floor":12.0},{"not_picked":["Choke","Poisoned Stab"],"picked":"Prepared","floor":14.0},{"not_picked":["Malaise","Corpse Explosion"],"picked":"Venomology","floor":16.0},{"not_picked":["Blur","Flying Knee"],"picked":"Escape Plan","floor":18.0},{"not_picked":["Dagger Throw","Noxious Fumes","Catalyst"],"picked":"SKIP","floor":19.0},{"not_picked":["Backstab+1","Blur"],"picked":"Choke+1","floor":21.0},{"not_picked":["Bane","Night Terror","Quick Slash"],"picked":"SKIP","floor":22.0},{"not_picked":["Backflip","Outmaneuver","Dodge and Roll"],"picked":"SKIP","floor":24.0},{"not_picked":["Dash","Prepared","Calculated Gamble"],"picked":"SKIP","floor":27},{"not_picked":["Dagger Spray","Poisoned Stab","Expertise"],"picked":"SKIP","floor":30},{"not_picked":["Venomology","Grand Finale"],"picked":"Phantasmal Killer","floor":33},{"not_picked":["PiercingWail","Sucker Punch"],"picked":"Reflex","floor":35},{"not_picked":["Underhanded Strike+1","Sucker Punch"],"picked":"Reflex+1","floor":37},{"not_picked":["Deflect","Dagger Spray","Eviscerate"],"picked":"SKIP","floor":38},{"not_picked":["Noxious Fumes","Dash","Blur"],"picked":"SKIP","floor":39},{"not_picked":["Masterful Stab+1","Deflect","Outmaneuver"],"picked":"SKIP","floor":41},{"not_picked":["Backflip","Calculated Gamble"],"picked":"Acrobatics+1","floor":46},{"not_picked":["Underhanded Strike+1","Backflip","Bullet Time"],"picked":"SKIP","floor":48}],"player_experience":2617717,"relics_obtained":[{"floor":9.0,"key":"Omamori"},{"floor":10.0,"key":"Ornamental Fan"},{"floor":17.0,"key":"Centennial Puzzle"},{"floor":17.0,"key":"Letter Opener"},{"floor":17.0,"key":"Calipers"},{"floor":26.0,"key":"Gremlin Horn"},{"floor":42,"key":"Lantern"},{"floor":44,"key":"Unceasing Top"},{"floor":47,"key":"FossilizedHelix"},{"floor":48,"key":"Blue Candle"}],"event_choices":[{"cards_removed":["Injury"],"damage_healed":0.0,"max_hp_gain":0.0,"max_hp_loss":0.0,"gold_gain":0.0,"event_name":"Fountain of Cleansing","player_choice":"Removed Curses","floor":2.0,"gold_loss":0.0,"damage_taken":0.0},{"damage_healed":0.0,"max_hp_gain":0.0,"max_hp_loss":0.0,"gold_gain":0.0,"event_name":"Scrap Ooze","player_choice":"Success","floor":6.0,"gold_loss":0.0,"damage_taken":5.0,"relics_obtained":["MealTicket"]},{"damage_healed":0.0,"max_hp_gain":0.0,"max_hp_loss":0.0,"gold_gain":0.0,"event_name":"WeMeetAgain","player_choice":"Gave Potion","floor":20.0,"gold_loss":0.0,"damage_taken":0.0,"relics_obtained":["Mango"]},{"damage_healed":0,"gold_gain":0,"player_choice":"Ignored","damage_taken":0,"max_hp_gain":0,"max_hp_loss":0,"event_name":"Vampires","floor":28,"gold_loss":0},{"damage_healed":0,"gold_gain":0,"cards_transformed":["Strike_G","Strike_G"],"player_choice":"Became Test Subject","damage_taken":0,"max_hp_gain":0,"max_hp_loss":0,"event_name":"Drug Dealer","floor":29,"gold_loss":0,"cards_obtained":["Backstab","Flying Knee"]},{"cards_removed":["Flying Knee"],"damage_healed":0,"gold_gain":0,"player_choice":"Removed Attack","damage_taken":0,"max_hp_gain":0,"max_hp_loss":0,"event_name":"Falling","floor":36,"gold_loss":0},{"damage_healed":0,"gold_gain":0,"player_choice":"Fight","damage_taken":0,"max_hp_gain":0,"max_hp_loss":0,"event_name":"MindBloom","floor":44,"gold_loss":0},{"damage_healed":0,"gold_gain":0,"player_choice":"Fight","damage_taken":0,"max_hp_gain":0,"max_hp_loss":0,"event_name":"Mysterious Sphere","floor":47,"gold_loss":0}],"is_beta":false,"boss_relics":[{"not_picked":["HoveringKite","Ectoplasm"],"picked":"Calling Bell"},{"not_picked":["Busted Crown","Philosopher\u0027s Stone"],"picked":"Empty Cage"}],"items_purged_floors":[3,31],"is_endless":false,"potions_floor_spawned":[1,5,7,10,22,27,41,46,47,48],"killed_by":"Time Eater","ascension_level":20}}