{"host":"5e0jz0sn42a2vhx9","time":1610456153,"event":{"mods":["ATMod(°¢èªMod)","Act Like it!","BaseMod","Downfall","Hallownest","Lobotomy","Minty Spire (QoL Compilation)","Replay The Spire","StSLib","The Bug Knight","The Cursed","The Hierophant"],"gold_per_floor":[99,118,137,137,9999,9263,9311,8544,8544,8563,8580,8680,8680,8680,8680,8700,8720,8818,8818,8818,8828,8842,7952,8027,8047,8047,7526,7559,7559,7584,7584,7595,7613,7629,7728,7728,7728,7747,6846,6230,6241,5963,6014,6014,6014,5594,5611,5611,5640,5674,5696,5702],"floor_reached":53,"playtime":3965,"items_purged":["Pain","Regret","Spreading Infection","Doubt","Languid"],"score":994,"play_id":"de54218b-8c49-411b-8cf8-24b92f6f5e39","local_time":"20210112205553","is_ascension_mode":false,"campfire_choices":[{"data":"Guardian:DecasProtection","floor":13,"key":"SMITH"},{"data":"Guardian:RevengeProtocol","floor":20,"key":"SMITH"},{"data":"Guardian:CurlUp","floor":45,"key":"SMITH"},{"data":"AT_FamilyPortrait","floor":48,"key":"SMITH"}],"circlet_count":0,"master_deck":["Guardian:Strike_Guardian+1","Guardian:Strike_Guardian","Guardian:Strike_Guardian","Guardian:Strike_Guardian+1","Guardian:Defend_Guardian","Guardian:Defend_Guardian","Guardian:Defend_Guardian","Guardian:Defend_Guardian","Guardian:CurlUp+1","Guardian:TwinSlam+1","Guardian:PrismaticBarrier","Guardian:Planning","Guardian:DecasProtection+1","Guardian:ConstructionForm","Guardian:SphericShield+1","Guardian:TimeSifter+1","Guardian:EvasiveProtocol","ReplayUltimateDefense","Guardian:CrystalBeam","Guardian:EvasiveProtocol","Guardian:RevengeProtocol+1","Guardian:DecasProtection","Guardian:SpikerProtocol","Mayhem","Guardian:Planning","Guardian:Preprogram","Violence","Guardian:EvasiveProtocol+1","Guardian:SpikerProtocol+1","Guardian:StasisField","Guardian:AncientConstruct+1","Guardian:DecasProtection+1","AT_FamilyPortrait+1","expansioncontent:DashGenerateEvil","Guardian:SpikerProtocol+1","Guardian:PrismaticBarrier","Guardian:PrismaticBarrier","Guardian:Incinerate","Guardian:Repulse+1","Guardian:EvasiveProtocol+1"],"relics":["Guardian:ModeShifter","AT_ATBox","Durian","Shuriken","AT_BladeRuinedKing","Happy Flower","Cauldron","Whetstone","Replay:Wax Seal","Akabeko","Orrery","Iron Hammer","Replay:Ancient Bell","AT_SunfireAegis","AT_ForceNature","Pondfish Scales","HollowMod:PaleOreRelic","AT_RedNoBalance","Toolbox","Lantern","Strange Spoon","Replay:Rubber Ducky","Guardian:PickAxe","Frozen Egg 2","Replay:Bronze Core","ReplayTheSpireMod:Shallot","ClockworkSouvenir","Vajra","Turnip","Membership Card","Gremlin Horn","AT_RedTearstoneRing","DollysMirror","Replay:Bandana","AT_BellDemon","Onion Ring","Guide Book","ReplayTheSpireMod:TigerMarble","Pear","Pen Nib","HollowMod:LifeEnderRelic"],"acts_visited":["Exordium","TheCity","TheBeyond"],"potions_floor_usage":[6,8,8,10,16,22,27,33,52,52],"damage_taken":[{"damage":5,"enemies":"Cultist","floor":2,"turns":4},{"damage":8,"enemies":"2 Louse","floor":3,"turns":4},{"damage":9,"enemies":"downfall:FleeingMerchant","floor":6,"turns":4},{"damage":5,"enemies":"downfall:FleeingMerchant","floor":8,"turns":4},{"damage":0,"enemies":"Jaw Worm","floor":10,"turns":4},{"damage":0,"enemies":"Exordium Wildlife","floor":11,"turns":5},{"damage":5,"enemies":"3 Louse","floor":16,"turns":2},{"damage":0,"enemies":"Lots of Slimes","floor":17,"turns":4},{"damage":5,"enemies":"downfall:Watcher","floor":18,"turns":10},{"damage":0,"enemies":"Chosen","floor":21,"turns":5},{"damage":13,"enemies":"3 Cultists","floor":22,"turns":4},{"damage":0,"enemies":"downfall:FleeingMerchant","floor":23,"turns":4},{"damage":0,"enemies":"Centurion and Healer","floor":25,"turns":5},{"damage":0,"enemies":"downfall:FleeingMerchant","floor":27,"turns":4},{"damage":0,"enemies":"Book of Stabbing","floor":28,"turns":5},{"damage":0,"enemies":"Replay:Snechameleon","floor":30,"turns":5},{"damage":0,"enemies":"Snake Plant","floor":32,"turns":4},{"damage":0,"enemies":"Chosen and Byrds","floor":33,"turns":3},{"damage":0,"enemies":"Shelled Parasite and Fungi","floor":34,"turns":4},{"damage":0,"enemies":"downfall:Defect","floor":35,"turns":6},{"damage":0,"enemies":"3 Shapes","floor":38,"turns":3},{"damage":0,"enemies":"Orb Walker","floor":41,"turns":2},{"damage":0,"enemies":"3 Darklings","floor":47,"turns":4},{"damage":0,"enemies":"Maw","floor":49,"turns":5},{"damage":0,"enemies":"Giant Head","floor":50,"turns":8},{"damage":0,"enemies":"Writhing Mass","floor":51,"turns":4},{"damage":0,"enemies":"downfall:Silent","floor":52,"turns":9}],"seed_played":"287800013923887442","potions_obtained":[{"floor":2,"key":"Swift Potion"},{"floor":3,"key":"FearPotion"},{"floor":6,"key":"EntropicBrew"},{"floor":6,"key":"Block Potion"},{"floor":11,"key":"champ:CounterPotion"},{"floor":17,"key":"AttackPotion"},{"floor":21,"key":"Guardian:BlockOnCardUsePotion"},{"floor":24,"key":"downfall:CursedFountainPotion"},{"floor":25,"key":"Elixir"},{"floor":28,"key":"Fire Potion"},{"floor":32,"key":"champ:CounterPotion"},{"floor":34,"key":"Dexterity Potion"},{"floor":35,"key":"DuplicationPotion"}],"is_trial":false,"path_per_floor":["R","M","M","?","?","$","T","$","T","M","M","?","R","PTL","PTL","M","M","B",null,"R","M","M","$","?","M","T","$","E","R","E","R","M","M","M","B",null,"R","M","$","$","M","$","T","?","R","$","M","R","M","E","M","B",null],"character_chosen":"GUARDIAN","items_purchased":["AT_BladeRuinedKing","Guardian:Gem_Orange","Happy Flower","Cauldron","Guardian:DecasProtection","Guardian:SphericShield","Replay:Wax Seal","Akabeko","Orrery","ReplayUltimateDefense","HollowMod:PaleOreRelic","AT_SilverBalance","Guardian:SpikerProtocol","Mayhem","Toolbox","Lantern","Strange Spoon","Replay:Rubber Ducky","Guardian:Preprogram","Violence","ReplayTheSpireMod:Shallot","ClockworkSouvenir","Vajra","AT_FamilyPortrait","expansioncontent:DashGenerateEvil","Turnip","Membership Card","Gremlin Horn","AT_RedTearstoneRing","DollysMirror","Guardian:PrismaticBarrier","Guardian:Gem_Orange","AT_BellDemon","Onion Ring","Guide Book","Guardian:Incinerate"],"campfire_rested":0,"item_purchase_floors":[6,6,6,6,6,8,8,8,8,8,23,23,23,23,23,27,27,27,27,27,39,39,39,39,40,40,40,42,42,42,46,46,46,46,46,46],"current_hp_per_floor":[85,80,72,72,72,63,63,58,58,58,58,58,58,58,58,53,53,48,85,85,85,72,72,72,42,42,42,42,42,42,42,42,42,42,42,85,85,42,42,42,42,42,42,42,42,42,42,42,42,52,52,52],"gold":5702,"neow_bonus":"UPGRADE_CARD","is_daily":false,"chose_seed":false,"campfire_upgraded":4,"win_rate":0.0,"timestamp":1610456153,"path_taken":["R","M","M","?","?","$","T","$","?","M","?","?","R","PTL","PTL","M","M","BOSS","R","M","M","$","?","?","T","$","E","R","E","R","M","M","M","BOSS","R","M","?","$","M","$","T","?","R","$","M","R","M","E","M","BOSS"],"items_purchased_type":["Relic","Card","Relic","Relic","Card","Card","Relic","Relic","Relic","Card","Relic","Relic","Card","Card","Relic","Card","Relic","Relic","Card","Card","Relic","Relic","Relic","Card","Card","Relic","Relic","Relic","Relic","Relic","Card","Card","Relic","Relic","Relic","Card"],"build_version":"2020-12-22","purchased_purges":5,"victory":true,"max_hp_per_floor":[85,85,85,85,85,85,85,85,85,85,85,85,85,85,85,85,85,85,85,85,85,85,85,85,85,85,85,85,85,85,85,85,85,85,85,85,85,85,85,85,85,85,85,85,85,85,85,85,85,95,95,95],"card_choices":[{"not_picked":["Guardian:ArmoredProtocol","Guardian:WalkerClaw"],"picked":"Guardian:PrismaticBarrier","floor":2},{"not_picked":["Guardian:WalkerClaw","Guardian:Suspension"],"picked":"Guardian:Planning","floor":3},{"not_picked":["Guardian:PrimingBeam","Guardian:Gem_Cyan"],"picked":"Guardian:Gem_Red","floor":6},{"not_picked":["Guardian:RollAttack","Guardian:Gem_Crimson"],"picked":"Guardian:ConstructionForm","floor":8},{"not_picked":["Guardian:TemporalShield","Guardian:FloatingOrbs"],"picked":"Guardian:Gem_Purple","floor":8},{"not_picked":["Guardian:Suspension","Guardian:TemporalShield"],"picked":"Guardian:Gem_Green","floor":8},{"not_picked":["Guardian:PrimingBeam","Guardian:Gem_Lightblue"],"picked":"Guardian:TimeSifter","floor":8},{"not_picked":["Guardian:RollAttack","Guardian:ArmoredProtocol"],"picked":"Guardian:EvasiveProtocol","floor":8},{"not_picked":["Guardian:TemporalStrike","Guardian:Repulse"],"picked":"Guardian:CrystalBeam","floor":10},{"not_picked":["Guardian:TemporalStrike","Guardian:TimeCapacitor","Guardian:Gem_Cyan"],"picked":"SKIP","floor":11},{"not_picked":["Guardian:ChargeCore","Guardian:CrystalBeam"],"picked":"Guardian:EvasiveProtocol","floor":16},{"not_picked":["Guardian:Reroute","Guardian:WalkerClaw"],"picked":"Guardian:Gem_Lightblue","floor":17},{"not_picked":["Guardian:ConstructionForm","Guardian:FastForward"],"picked":"Guardian:RevengeProtocol","floor":18},{"not_picked":["Looming Evil","Pain"],"picked":"Doubt","floor":19},{"not_picked":["ReplayTheSpireMod:Faulty Equipment","Guardian:Aged"],"picked":"Spreading Infection","floor":19},{"not_picked":["ReplayTheSpireMod:Splinters","Delirium"],"picked":"Languid","floor":19},{"not_picked":["Guardian:Recover","Guardian:VentSteam"],"picked":"Guardian:Gem_Red","floor":21},{"not_picked":["Guardian:TemporalStrike","Guardian:Gem_Cyan"],"picked":"Guardian:DecasProtection","floor":22},{"not_picked":["Guardian:PrimingBeam","Guardian:TimeSifter","Guardian:RefractedBeam"],"picked":"SKIP","floor":23},{"not_picked":["Guardian:CrystalBeam","Guardian:WalkerClaw"],"picked":"Guardian:Planning","floor":25},{"not_picked":["Guardian:RollAttack+1","Guardian:Repulse"],"picked":"Guardian:PrismaticBeam","floor":27},{"not_picked":["Guardian:Gem_Green","Guardian:PiercingHide"],"picked":"Guardian:Gem_Lightblue","floor":28},{"not_picked":["Guardian:Gem_Purple","Guardian:VentSteam"],"picked":"Guardian:EvasiveProtocol+1","floor":30},{"not_picked":["Guardian:PrismaticBarrier","Guardian:ShieldCharger"],"picked":"Guardian:SpikerProtocol+1","floor":32},{"not_picked":["Guardian:ChargeUp+1","Guardian:SentryBeam","Guardian:ShieldSpikes+1"],"picked":"SKIP","floor":33},{"not_picked":["Guardian:PrismaticBeam","Guardian:ShieldSpikes+1"],"picked":"Guardian:StasisField","floor":34},{"not_picked":["Guardian:ExploitGems","Guardian:Gem_Synthetic"],"picked":"Guardian:AncientConstruct+1","floor":35},{"not_picked":["Guardian:TemporalStrike+1","Guardian:Harden+1"],"picked":"Guardian:DecasProtection+1","floor":38},{"not_picked":["Guardian:PrimingBeam","Guardian:Gem_Red"],"picked":"Guardian:SpikerProtocol+1","floor":41},{"not_picked":["Guardian:VentSteam","Guardian:ChargeCore+1"],"picked":"Guardian:Repulse+1","floor":47},{"not_picked":["Guardian:CrystalBeam","Guardian:Gem_Red"],"picked":"Guardian:EvasiveProtocol+1","floor":49},{"not_picked":["Guardian:Repulse+1","Guardian:Gem_Cyan","Guardian:MultiBeam+1"],"picked":"SKIP","floor":50},{"not_picked":["Guardian:Incinerate+1","Guardian:Reroute","Guardian:Gem_Cyan"],"picked":"SKIP","floor":51}],"player_experience":372043,"relics_obtained":[{"floor":7,"key":"Whetstone"},{"floor":9,"key":"Iron Hammer"},{"floor":28,"key":"Guardian:PickAxe"},{"floor":30,"key":"Frozen Egg 2"},{"floor":43,"key":"Replay:Bandana"},{"floor":49,"key":"ReplayTheSpireMod:TigerMarble"},{"floor":50,"key":"Pear"},{"floor":50,"key":"Pen Nib"},{"floor":51,"key":"HollowMod:LifeEnderRelic"}],"event_choices":[{"damage_healed":0,"gold_gain":0,"player_choice":"Box","damage_taken":0,"relics_obtained":["Shuriken"],"max_hp_gain":0,"max_hp_loss":0,"event_name":"Big Fish","floor":4,"gold_loss":0,"cards_obtained":["Regret"]},{"damage_healed":0,"gold_gain":100,"player_choice":"Gold","damage_taken":0,"max_hp_gain":0,"max_hp_loss":0,"event_name":"Wheel of Change","floor":12,"gold_loss":0},{"cards_removed":["Guardian:PrismaticBeam"],"damage_healed":0,"gold_gain":0,"player_choice":"Removed Attack","damage_taken":0,"max_hp_gain":0,"max_hp_loss":0,"event_name":"Falling","floor":44,"gold_loss":0}],"is_beta":false,"boss_relics":[{"not_picked":["Guardian:StasisSlotReductionRelic","Ring of Chaos"],"picked":"Replay:Ancient Bell"},{"not_picked":["Bag of Preparation","AT_EbonyIvory"],"picked":"AT_SunfireAegis"},{"not_picked":["AT_SilvercatRing","HornCleat"],"picked":"AT_ForceNature"},{"not_picked":["FossilizedHelix","Thread and Needle"],"picked":"Pondfish Scales"},{"not_picked":["Guardian:ModeShifterPlus","ChewingGum"],"picked":"Replay:Bronze Core"}],"items_purged_floors":[6,8,23,27,39],"is_endless":false,"potions_floor_spawned":[2,3,11,17,21,25,28,32,34,35,38,49],"ascension_level":0}}