{"host":"6bj8ykg4y4m3db2y","time":1610444955,"event":{"mods":["Act Like it!","Astrologer","BaseMod","Beaked The Cultist","Card Forge","Colored Map","Colorless Booster Pack","Conspire","Dio Mod","Downfall","Duelist Mod","Fiend Mod","Fireblade Mod","Friendly Minions","FutureSeer","GifTheSpireLib","Glutton Mod","Gremlin Mod","GungeonMod","Hermit","Hero for Fun","Hubris","Hyrulean Relics","Ironclad Rager","Jedi Mod","JesterMod","Jorbs\u0027s Wanderer Trilogy","Kalas","Marked Mod","Mathematician","Mimic Mod","Minty Spire (QoL Compilation)","Pale of the Ancients","Pikachu Mod","QueenMod","READ ME - Guardian Mod","READ ME - Snecko Mod","Random Character Mod","Relic Sorter","Replay The Spire","Ruin Mod","Shade Mod","Shop Mod","Somnambulant","Spicy Shops","StSLib","The Animator","The Blackbeard","The Bladedancer","The Construct","The Cursed","The Death Knight","The Disciple","The Druid","The Florist","The Gatherer","The Hayseed","The IronCluck","The Judge","The Jungle","The Mystic","The Necromancer","The Runesmith","The Saiyan","The Servant 0.9.4","The Showman","The Trickster","The Valiant","The Wild Card","TheBandit","TheHeartMod","TheHero","TheVacant","Thieving Mod","Treasure Hunter","Wandering Minibosses","Yuri Mod","yUi"],"gold_per_floor":[114,129,49,49,16,16,16,16,16,16,16,16,16,16,16,16,16,16,16,16,16,16,34,34,49,49,66,145,175,175,210,33,65,65,202,202,267,267,267,267,343,462,705,87,87,345,345,345],"floor_reached":47,"playtime":2502,"items_purged":["Shade:Strike_Shade","hubris:Greed"],"score":764,"play_id":"3ed9bb70-58e2-453f-b0bf-a0bd467cfffa","local_time":"20210112014915","is_ascension_mode":false,"campfire_choices":[{"data":"Shade:AnimateDead","floor":10,"key":"SMITH"},{"data":"Shade:Putrefaction","floor":17,"key":"SMITH"},{"floor":26,"key":"RECALL"},{"data":"Shade:Trample","floor":34,"key":"SMITH"}],"circlet_count":1,"master_deck":["Shade:Strike_Shade","Shade:Strike_Shade+1","Shade:AnimateDead+1","Shade:CarefulCut","Shade:ExtraLimbs","Shade:Putrefaction+1","Pride","Shade:StitchTogether","Shade:WallOfFlesh","Shade:FuneraryArmor","Shade:FuneraryArmor","Shade:FleshOffering","Shade:SensePrey","Shade:CommandSoldier","Shade:Coordination","Shade:FreshBones","theJungle:Gourd+1","theJungle:Gourd","theJungle:Gourd","theJungle:Gourd+1","Shade:GraveStillness+1","Shade:Trample+1","hubris:Greed","hubris:Greed","hubris:Greed","hubris:Greed","hubris:Greed","hubris:Greed","hubris:Greed","hubris:Greed","hubris:Greed","hubris:Greed","ReplayTheSpireMod:Private Reserves","hubris:Greed","hubris:Greed","hubris:Greed","hubris:Greed","hubris:Greed","hubris:Greed","hubris:Greed","hubris:Greed","hubris:Greed","Shade:GoDigging+1","hubris:Greed","hubris:Greed","hubris:Greed","hubris:Greed","hubris:Greed","hubris:Greed","hubris:Greed","hubris:Greed","hubris:Greed","hubris:Greed","hubris:Greed","hubris:Greed","hubris:Greed","hubris:Greed","hubris:Greed","hubris:Greed","hubris:Greed","hubris:Greed","hubris:Greed","hubris:Greed","hubris:Greed","hubris:Greed","hubris:Greed","Guardian:Aged","hubris:Greed","hubris:Greed","hubris:Greed","Parasite","hubris:Greed","hubris:Greed","hubris:Greed","hubris:Greed","hubris:Greed"],"relics":["Shade:YorickPolishedSkull","Hammer of Thor","Seething Fire","Anvil of the Gods","jedi:ominousloannote","Bronze Scales","DemoMod:Metronome","jedi:crownofsimplicity","ReplayTheSpireMod:Ring of Addiction","Ring of Fury","Circlet","hubris:TenFootPole","Cursed Key","theJungle:SpiritDisease","ReplayTheSpireMod:TigerMarble","Spirit Poop","MerchantsRug","Anchor","Prayer Wheel","Centennial Puzzle","DemoMod:GreenGuonStone","Lee\u0027s Waffle","Torii"],"acts_visited":["Exordium","Exordium","TheBeyond"],"potions_floor_usage":[14,18,18,46,46,47],"damage_taken":[{"damage":4,"enemies":"Cultist","floor":1,"turns":4},{"damage":0,"enemies":"conspire:RoseBush","floor":2,"turns":3},{"damage":0,"enemies":"Jaw Worm","floor":4,"turns":3},{"damage":12,"enemies":"3 Sentries","floor":6,"turns":8},{"damage":0,"enemies":"3 Louse","floor":11,"turns":10},{"damage":0,"enemies":"3 Louse","floor":12,"turns":2},{"damage":0,"enemies":"Lagavulin","floor":14,"turns":7},{"damage":16,"enemies":"Fading Forest","floor":18,"turns":11},{"damage":0,"enemies":"Shell Parasite","floor":20,"turns":4},{"damage":0,"enemies":"theJungle:Flameango_and_Byrd","floor":22,"turns":5},{"damage":6,"enemies":"conspire:MimicChest","floor":23,"turns":6},{"damage":3,"enemies":"theJungle:Snecko_Cultist_And_Trap","floor":25,"turns":4},{"damage":0,"enemies":"theJungle:JungleHuntersEncounter","floor":27,"turns":3},{"damage":0,"enemies":"theJungle:2_Snecko_Cultists","floor":29,"turns":3},{"damage":0,"enemies":"theJungle:2_Flameangoes","floor":31,"turns":4},{"damage":5,"enemies":"theJungle:Lyon","floor":33,"turns":4},{"damage":17,"enemies":"theJungle:TotemBoss","floor":35,"turns":4},{"damage":0,"enemies":"3 Shapes","floor":37,"turns":4},{"damage":0,"enemies":"Orb Walker","floor":41,"turns":3},{"damage":0,"enemies":"4 Shapes","floor":42,"turns":6},{"damage":0,"enemies":"R_Hoarder","floor":43,"turns":11},{"damage":39,"enemies":"Writhing Mass","floor":46,"turns":8},{"damage":41,"enemies":"Mind Bloom Boss Battle","floor":47,"turns":6}],"seed_played":"-7785297134425098793","potions_obtained":[{"floor":2,"key":"champ:CounterPotion"},{"floor":6,"key":"PowerPotion"},{"floor":12,"key":"PowerPotion"},{"floor":14,"key":"LiquidMemories"},{"floor":22,"key":"AttackPotion"},{"floor":27,"key":"sneckomod:MuddlingPotion"},{"floor":42,"key":"AttackPotion"},{"floor":46,"key":"AttackPotion"}],"is_trial":false,"path_per_floor":["M","M","$","M","$","E","PTL","PTL","?","R","MIM","M","$","E","?","T","R","B",null,"M","?","M","?","?","M","R","M","T","M","?","M","$","M","R","B",null,"M","?","?","?","M","M","E","$","T","M","?"],"character_chosen":"SHADE","items_purchased":["jedi:ominousloannote","Shade:StitchTogether","DemoMod:MeatBun","Bronze Scales","Shade:FuneraryArmor","MerchantsRug","Anchor","Centennial Puzzle","DemoMod:GreenGuonStone","Lee\u0027s Waffle"],"campfire_rested":0,"item_purchase_floors":[3,3,3,3,5,32,32,44,44,44],"current_hp_per_floor":[67,67,71,71,71,66,66,66,66,66,71,71,71,71,71,71,71,60,71,71,71,69,63,63,60,60,60,60,60,63,63,63,58,58,41,64,62,62,62,51,59,59,58,65,65,30,0,0],"gold":345,"neow_bonus":"TEN_PERCENT_HP_BONUS","is_daily":false,"chose_seed":false,"campfire_upgraded":3,"win_rate":0.0,"timestamp":1610444955,"path_taken":["M","M","?","M","?","E","PTL","PTL","?","R","MIM","M","$","E","?","?","R","BOSS","M","?","M","?","?","?","R","M","T","M","?","M","$","M","R","BOSS","M","?","?","?","M","?","E","?","T","M","?"],"items_purchased_type":["Relic","Card","Relic","Relic","Card","Relic","Relic","Relic","Relic","Relic"],"build_version":"2020-12-22","purchased_purges":2,"victory":false,"max_hp_per_floor":[71,71,71,71,71,71,71,71,71,71,71,71,71,71,71,71,71,71,71,71,71,69,69,69,67,67,67,65,65,68,66,66,66,64,64,64,62,62,62,60,60,60,58,65,65,63,63,63],"card_choices":[{"not_picked":["Shade:CommandSoldier","Shade:FeralStrike"],"picked":"Shade:ExtraLimbs","floor":1},{"not_picked":["Shade:CloudOfShrapnel","Shade:ClawBack"],"picked":"Shade:Putrefaction","floor":2},{"not_picked":["Shade:BoneShards","Shade:FleshLikeOak"],"picked":"Shade:WallOfFlesh","floor":4},{"not_picked":["TH:TreasureMap","TH:EnergyPotion"],"picked":"SKIP","floor":6},{"not_picked":["Shade:AncientSpear","Shade:Patience","Shade:ExtraLimbs"],"picked":"SKIP","floor":6},{"not_picked":["Shade:TouchOfTheGrave","Shade:Frenzy"],"picked":"Shade:FleshOffering","floor":11},{"not_picked":["Shade:Haruspicy","Shade:BoneShards"],"picked":"Shade:SensePrey","floor":12},{"not_picked":["Shade:Haruspicy","Shade:GreaterAnimation"],"picked":"Shade:CommandSoldier","floor":14},{"not_picked":["TH:DeckOfManyThings","TH:ElvenBoots"],"picked":"SKIP","floor":14},{"not_picked":["TH:ElvenBoots","TH:Mimic"],"picked":"SKIP","floor":16},{"not_picked":["Shade:UnbarTheGrave","Shade:SoulPierce"],"picked":"Shade:Coordination","floor":18},{"not_picked":["Shade:BoneShards","Shade:Brains","Shade:FleshToFlesh"],"picked":"SKIP","floor":20},{"not_picked":["Shade:FuneraryJewels","Shade:PressTheAttack+1"],"picked":"Shade:FreshBones","floor":22},{"not_picked":["Shade:Premonition","Shade:SensePrey"],"picked":"Shade:GraveStillness+1","floor":25},{"not_picked":["Shade:Doomsay+1","Shade:FingerOfDeath"],"picked":"Shade:Trample","floor":27},{"not_picked":["TH:CopperCoins","TH:ArmorSpikes"],"picked":"SKIP","floor":28},{"not_picked":["Shade:FleshToFlesh","Shade:Frenzy+1","Shade:UnbarTheGrave"],"picked":"SKIP","floor":29},{"not_picked":["Shade:BoneShards+1","Shade:Brains","Shade:Bonestorm"],"picked":"SKIP","floor":31},{"not_picked":["Shade:Trample+1","Shade:OfferingToTheBeyond","Shade:Awaken"],"picked":"SKIP","floor":33},{"not_picked":["Shade:ExtraLimbs+1","Shade:Doomsay","Shade:Haruspicy"],"picked":"SKIP","floor":37},{"not_picked":["Good Instincts","Replay:SS_hec_1"],"picked":"ReplayTheSpireMod:Private Reserves","floor":39},{"not_picked":["Shade:SanguineRitual+1","Shade:PressTheAttack","Shade:CoffinDance"],"picked":"SKIP","floor":41},{"not_picked":["Shade:FuneraryJewels+1","Shade:FingerOfDeath+1"],"picked":"Shade:GoDigging+1","floor":42},{"not_picked":["TH:PixieDust","TH:CopperCoins"],"picked":"SKIP","floor":43},{"not_picked":["Shade:FingerOfDeath","Shade:GraveStillness+1","Shade:SkeletonArmy+1"],"picked":"SKIP","floor":43},{"not_picked":["TH:BikiniMail","TH:TreasureMap"],"picked":"SKIP","floor":45},{"not_picked":["Shade:LyeBath+1","Shade:SpectralStrikes+1","Shade:ClawBack+1"],"picked":"SKIP","floor":46},{"not_picked":["Shade:GraveStillness","Shade:PressTheAttack+1","Shade:FingerOfDeath+1"],"picked":"SKIP","floor":46}],"player_experience":382653,"relics_obtained":[{"floor":6,"key":"DemoMod:WeirdEgg"},{"floor":11,"key":"DemoMod:Metronome"},{"floor":14,"key":"jedi:crownofsimplicity"},{"floor":15,"key":"ReplayTheSpireMod:Ring of Addiction"},{"floor":15,"key":"Ring of Fury"},{"floor":15,"key":"Circlet"},{"floor":15,"key":"Chameleon Ring"},{"floor":16,"key":"hubris:TenFootPole"},{"floor":23,"key":"ReplayTheSpireMod:TigerMarble"},{"floor":28,"key":"Spirit Poop"},{"floor":43,"key":"Prayer Wheel"},{"floor":45,"key":"Torii"}],"event_choices":[{"damage_healed":0,"gold_gain":175,"player_choice":"AGREE","damage_taken":0,"max_hp_gain":0,"max_hp_loss":0,"event_name":"Liars Game","floor":9,"gold_loss":0,"cards_obtained":["Doubt"]},{"cards_removed":["theJungle:Gourd"],"damage_healed":0,"gold_gain":0,"player_choice":"Removed Skill","damage_taken":0,"max_hp_gain":0,"max_hp_loss":0,"event_name":"Falling","floor":38,"gold_loss":0},{"damage_healed":0,"gold_gain":0,"player_choice":"Memory 1","damage_taken":0,"max_hp_gain":0,"max_hp_loss":0,"event_name":"SensoryStone","floor":39,"gold_loss":0},{"damage_healed":0,"gold_gain":0,"player_choice":"Fight","damage_taken":0,"max_hp_gain":0,"max_hp_loss":0,"event_name":"MindBloom","floor":47,"gold_loss":0}],"is_beta":false,"boss_relics":[{"not_picked":["hubris:BlackHole","Replay:Wanted Poster"],"picked":"Cursed Key"},{"not_picked":["ChewingGum","hubris:RunicObelisk"],"picked":"Shade:YorickPolishedSkull"}],"items_purged_floors":[3,44],"is_endless":false,"potions_floor_spawned":[2,6,12,14,22,27,29,42,43,46],"killed_by":"Mind Bloom Boss Battle","ascension_level":0}}