{"host":"eu5wvbbtjeiar27l","time":1610463954,"event":{"mods":["BaseMod","Colored Powertips","Conspire","Hubris","Infinite Spire","Minty Spire (QoL Compilation)","Rare Cards Sparkle","StSLib","The Factory","The Jungle","vexMod"],"gold_per_floor":[110,124,139,156,231,231,266,286,341,341,352,365,365,430,430,529,529,545,545,556,556,571,598,598,612,612,641,661,661,688,688,688,793,843,858,572,582,582,882,882,908,908,908,923,923,923,923],"floor_reached":46,"playtime":2641,"items_purged":["Shame"],"score":555,"play_id":"64663eeb-f305-41c4-91c5-963203d5f1cf","local_time":"20210112150554","is_ascension_mode":false,"campfire_choices":[{"data":"infinitespire:OneForAll","floor":6,"key":"SMITH"},{"data":"Cleave","floor":10,"key":"SMITH"},{"data":"infinitespire:OneForAll","floor":13,"key":"SMITH"},{"floor":15,"key":"REST"},{"data":"Limit Break","floor":24,"key":"SMITH"},{"data":"Rupture","floor":32,"key":"SMITH"},{"data":"infinitespire:SevenWalls","floor":40,"key":"SMITH"},{"data":"Seeing Red","floor":42,"key":"SMITH"}],"circlet_count":0,"master_deck":["Strike_R","Strike_R+1","Strike_R","Strike_R","Strike_R","Defend_R","Defend_R","Defend_R","Defend_R","Bash+1","infinitespire:OneForAll+1","Perfected Strike","Iron Wave","Cleave+1","Battle Trance","infinitespire:OneForAll+1","Warcry","Limit Break+1","Wild Strike","hubris:Fate","Seeing Red+1","Combust+1","Cleave+1","Pommel Strike","Rupture+1","Flex","Cleave","Offering+1","Twin Strike","Blood for Blood","Rupture+1","Warcry+1","infinitespire:SevenWalls+1","Flex+1"],"relics":["Burning Blood","hubris:GlazedTorus","hubris:ChampionShield","PreservedInsect","Runic Cube","TungstenRod","hubris:FunFungus","vexMod:BarristanHead","Shuriken","Bag of Marbles","theJungle:PaperFaux","vexMod:BerryBomb","hubris:Icosahedron","Tiny House","vexMod:PaidLearning","vexMod:MemoryStick","Orichalcum","Meat on the Bone"],"acts_visited":["Exordium","Exordium","theJungle:Jungle"],"potions_floor_usage":[16,16,33,33,35,44],"damage_taken":[{"damage":2,"enemies":"Small Slimes","floor":1,"turns":3},{"damage":3,"enemies":"conspire:RoseBush","floor":2,"turns":3},{"damage":2,"enemies":"2 Louse","floor":3,"turns":3},{"damage":24,"enemies":"Lots of Slimes","floor":4,"turns":5},{"damage":23,"enemies":"Gremlin Nob","floor":7,"turns":4},{"damage":17,"enemies":"Large Slime","floor":8,"turns":6},{"damage":9,"enemies":"conspire:2 RoseBushes","floor":11,"turns":4},{"damage":10,"enemies":"Looter","floor":12,"turns":2},{"damage":10,"enemies":"Gremlin Nob","floor":14,"turns":3},{"damage":19,"enemies":"Slime Boss","floor":16,"turns":9},{"damage":26,"enemies":"theJungle:GiantWrat","floor":18,"turns":5},{"damage":15,"enemies":"theJungle:5_Spyders","floor":20,"turns":5},{"damage":35,"enemies":"theJungle:2_Flameangoes","floor":22,"turns":6},{"damage":2,"enemies":"theJungle:2_Phrogs","floor":23,"turns":4},{"damage":16,"enemies":"theJungle:JungleHuntersEncounter","floor":25,"turns":5},{"damage":0,"enemies":"theJungle:MamaSnecko","floor":27,"turns":3},{"damage":0,"enemies":"theJungle:2_Snecko_Cultists","floor":28,"turns":2},{"damage":2,"enemies":"theJungle:2_Phrogs","floor":30,"turns":4},{"damage":20,"enemies":"theJungle:QueenSpyder","floor":33,"turns":6},{"damage":27,"enemies":"theFactory:2_Experiment_Personnel","floor":35,"turns":3},{"damage":16,"enemies":"theFactory:4_Mini-Bots","floor":37,"turns":4},{"damage":10,"enemies":"conspire:MimicChest","floor":41,"turns":5},{"damage":17,"enemies":"theFactory:Personnel_and_Mini-Bots","floor":44,"turns":4},{"damage":24,"enemies":"Nightmare","floor":46,"turns":2}],"seed_played":"-1815087821055891185","potions_obtained":[{"floor":2,"key":"ElixirPotion"},{"floor":4,"key":"Weak Potion"},{"floor":8,"key":"GamblersBrew"},{"floor":12,"key":"SpeedPotion"},{"floor":23,"key":"Strength Potion"},{"floor":25,"key":"CultistPotion"},{"floor":34,"key":"Energy Potion"},{"floor":37,"key":"SneckoOil"},{"floor":44,"key":"Energy Potion"}],"is_trial":false,"path_per_floor":["M","M","M","M","?","R","E","M","T","R","M","M","R","?","R","B",null,"M","AVR","M","?","M","E","R","M","T","E","M","?","E","?","R","B",null,"M","$","M","?","?","R","?","R","T","M","T","NM"],"character_chosen":"IRONCLAD","items_purchased":["Rupture","vexMod:PaidLearning"],"campfire_rested":1,"item_purchase_floors":[36,36],"current_hp_per_floor":[80,80,80,62,51,51,34,23,23,23,20,16,16,12,36,23,80,60,60,51,51,22,26,26,16,16,22,28,28,39,39,39,25,91,70,70,60,39,39,39,35,35,35,24,24,0,0],"gold":923,"neow_bonus":"UPGRADE_CARD","is_daily":false,"chose_seed":false,"campfire_upgraded":7,"win_rate":0.0,"timestamp":1610463954,"path_taken":["M","M","M","M","?","R","E","M","T","R","M","M","R","?","R","BOSS","M","AVR","M","?","?","E","R","M","T","E","M","?","E","?","R","BOSS","M","$","M","?","?","R","?","R","T","M","?","NM"],"items_purchased_type":["Card","Relic"],"build_version":"2020-12-22","purchased_purges":1,"victory":false,"max_hp_per_floor":[80,80,80,80,80,80,80,80,80,80,80,80,80,80,80,80,80,80,80,80,80,80,80,80,80,80,80,80,80,86,86,86,86,91,91,91,91,91,91,91,91,91,91,91,91,91,91],"card_choices":[{"not_picked":["Rupture","Sword Boomerang"],"picked":"infinitespire:OneForAll","floor":1},{"not_picked":["Cleave","Thunderclap"],"picked":"Perfected Strike","floor":2},{"not_picked":["Heavy Blade","Cleave","hubris:ReadiedAction"],"picked":"SKIP","floor":3},{"not_picked":["Heavy Blade","Havoc"],"picked":"Iron Wave","floor":4},{"not_picked":["Double Tap","Rupture","Anger"],"picked":"SKIP","floor":7},{"not_picked":["Entrench","Clothesline"],"picked":"Cleave","floor":8},{"not_picked":["Shrug It Off","Sword Boomerang"],"picked":"Battle Trance","floor":11},{"not_picked":["Anger","Thunderclap"],"picked":"infinitespire:OneForAll","floor":12},{"not_picked":["Wild Strike","True Grit"],"picked":"Warcry","floor":14},{"not_picked":["Brutality","Feed"],"picked":"Limit Break","floor":16},{"not_picked":["Thunderclap","Body Slam"],"picked":"Wild Strike","floor":18},{"not_picked":["Havoc","Headbutt"],"picked":"Seeing Red","floor":20},{"not_picked":["Anger+1","Headbutt"],"picked":"Combust+1","floor":22},{"not_picked":["Twin Strike","Thunderclap"],"picked":"Cleave+1","floor":23},{"not_picked":["Clothesline","Rampage"],"picked":"Pommel Strike","floor":25},{"not_picked":["Pummel","Sever Soul"],"picked":"Rupture","floor":27},{"not_picked":["Cleave","Metallicize"],"picked":"Flex","floor":28},{"not_picked":["Shrug It Off","Clothesline"],"picked":"Cleave","floor":30},{"not_picked":["hubris:StunningStrike","Impervious"],"picked":"Offering","floor":33},{"not_picked":["Reckless Charge+1","Battle Trance"],"picked":"Twin Strike","floor":34},{"not_picked":["Anger","conspire:ExplosiveBarrier"],"picked":"Blood for Blood","floor":35},{"not_picked":["Headbutt+1","Anger"],"picked":"Warcry+1","floor":37},{"not_picked":["infinitespire:NeuralNetwork","infinitespire:Collect"],"picked":"infinitespire:SevenWalls","floor":38},{"not_picked":["Warcry+1","Thunderclap"],"picked":"Flex+1","floor":44}],"player_experience":101033,"relics_obtained":[{"floor":7,"key":"hubris:GlazedTorus"},{"floor":9,"key":"hubris:ChampionShield"},{"floor":14,"key":"PreservedInsect"},{"floor":23,"key":"vexMod:BarristanHead"},{"floor":26,"key":"Shuriken"},{"floor":27,"key":"Bag of Marbles"},{"floor":30,"key":"vexMod:BerryBomb"},{"floor":41,"key":"vexMod:MemoryStick"},{"floor":43,"key":"Orichalcum"},{"floor":45,"key":"Meat on the Bone"}],"event_choices":[{"damage_healed":0,"gold_gain":75,"player_choice":"Gather Gold","damage_taken":11,"max_hp_gain":0,"max_hp_loss":0,"event_name":"World of Goop","floor":5,"gold_loss":0},{"damage_healed":0,"gold_gain":0,"player_choice":"Searched \u00272\u0027 times","damage_taken":0,"max_hp_gain":0,"max_hp_loss":0,"event_name":"Dead Adventurer","floor":14,"gold_loss":0},{"damage_healed":0,"gold_gain":0,"player_choice":"Gave Potion","damage_taken":0,"relics_obtained":["hubris:FunFungus"],"max_hp_gain":0,"max_hp_loss":0,"event_name":"WeMeetAgain","floor":21,"gold_loss":0}],"is_beta":false,"boss_relics":[{"not_picked":["conspire:SlowCooker","Snecko Eye"],"picked":"Runic Cube"},{"not_picked":["Velvet Choker","hubris:Stopwatch"],"picked":"Tiny House"}],"items_purged_floors":[36],"is_endless":false,"potions_floor_spawned":[2,4,8,12,23,25,37,44],"killed_by":"Nightmare","ascension_level":0}}