{"host":"xo3bvwoo3g0exv0i","time":1610429755,"event":{"mods":["BaseMod","Marisa????????","Minty Spire (QoL Compilation)"],"gold_per_floor":[119,194,209,225,225,251,251,261,261,277,51,51,77,77,77,180,230,242,260,273,283,299,332,332,365,411,429,429,447,303,318,318,419,419,437,455,2,2,14,48,63,88,388,398,398,398],"floor_reached":45,"playtime":4223,"items_purged":["Defend_MRS","Defend_MRS"],"score":606,"play_id":"80e903e6-8162-4ac5-a9d7-5b63c1aeb278","local_time":"20210112003555","is_ascension_mode":false,"campfire_choices":[{"data":"BlazeAway","floor":7,"key":"SMITH"},{"floor":12,"key":"REST"},{"data":"NonDirectionalLaser","floor":15,"key":"SMITH"},{"data":"DC","floor":24,"key":"SMITH"},{"floor":28,"key":"REST"},{"floor":32,"key":"REST"}],"circlet_count":0,"master_deck":["Strike_MRS+1","Strike_MRS","Strike_MRS+1","Defend_MRS+1","Defend_MRS","MasterSpark","UpSweep+1","SporeBomb","NonDirectionalLaser+1","NonDirectionalLaser+1","BlazeAway+1","IllusionStar","PowerUp","IllusionStar","UltimateShortwave","Panacea","MaximisePower","DC+1","GrandCross","IllusionStar","DoubleSpark","Acceleration","ManaConvection+1","SporeBomb","Occultation+1","ChargeUpSpray+1","Parasite","Parasite","MillisecondPulsars","SprinkleStarSeal+1","PulseMagic","GalacticHalo+1","GravityBeat+1","LuminesStrike+1","ChargeUpSpray+1","Acceleration+1"],"relics":["MiniHakkero","NeowsBlessing","Bronze Scales","Lantern","Orichalcum","Bottled Flame","Tiny House","InkBottle","Whetstone","Potion Belt","ShroomBag","Black Star","Centennial Puzzle","Strawberry","Oddly Smooth Stone","Anchor","Pen Nib","Question Card","Old Coin"],"acts_visited":["Exordium","TheCity","TheBeyond"],"potions_floor_usage":[13,16,16,21,21,25,33,33,40,40,41,42,42],"damage_taken":[{"damage":0,"enemies":"Small Slimes","floor":1,"turns":1},{"damage":0,"enemies":"Jaw Worm","floor":3,"turns":1},{"damage":0,"enemies":"Cultist","floor":4,"turns":1},{"damage":10,"enemies":"Gremlin Nob","floor":6,"turns":3},{"damage":0,"enemies":"2 Fungi Beasts","floor":8,"turns":2},{"damage":8,"enemies":"Lots of Slimes","floor":10,"turns":2},{"damage":1,"enemies":"3 Sentries","floor":13,"turns":4},{"damage":42,"enemies":"The Guardian","floor":16,"turns":5},{"damage":4,"enemies":"Chosen","floor":18,"turns":2},{"damage":0,"enemies":"3 Byrds","floor":19,"turns":3},{"damage":0,"enemies":"Centurion and Healer","floor":20,"turns":3},{"damage":9,"enemies":"Snecko","floor":21,"turns":2},{"damage":4,"enemies":"Cultist and Chosen","floor":22,"turns":3},{"damage":0,"enemies":"Gremlin Leader","floor":23,"turns":3},{"damage":34,"enemies":"Slavers","floor":25,"turns":3},{"damage":6,"enemies":"3 Cultists","floor":27,"turns":2},{"damage":9,"enemies":"Centurion and Healer","floor":29,"turns":4},{"damage":4,"enemies":"Cultist and Chosen","floor":31,"turns":4},{"damage":37,"enemies":"Collector","floor":33,"turns":6},{"damage":23,"enemies":"3 Darklings","floor":35,"turns":7},{"damage":1,"enemies":"Orb Walker","floor":36,"turns":2},{"damage":35,"enemies":"Transient","floor":39,"turns":5},{"damage":15,"enemies":"Reptomancer","floor":40,"turns":3},{"damage":19,"enemies":"Maw","floor":41,"turns":4},{"damage":50,"enemies":"Nemesis","floor":42,"turns":6},{"damage":7,"enemies":"3 Darklings","floor":44,"turns":3},{"damage":8,"enemies":"4 Shapes","floor":45,"turns":1}],"seed_played":"-1946285030467353185","potions_obtained":[{"floor":1,"key":"Dexterity Potion"},{"floor":4,"key":"Swift Potion"},{"floor":6,"key":"FearPotion"},{"floor":17,"key":"DuplicationPotion"},{"floor":19,"key":"FairyPotion"},{"floor":20,"key":"DistilledChaos"},{"floor":21,"key":"GamblersBrew"},{"floor":23,"key":"Energy Potion"},{"floor":27,"key":"EssenceOfSteel"},{"floor":31,"key":"Dexterity Potion"},{"floor":35,"key":"GamblersBrew"},{"floor":39,"key":"AttackPotion"},{"floor":40,"key":"AttackPotion"},{"floor":42,"key":"Strength Potion"}],"is_trial":false,"path_per_floor":["M","?","M","M","?","E","R","M","T","M","$","R","E","?","R","B",null,"M","M","M","M","M","E","R","E","T","M","R","M","$","M","R","B",null,"M","M","$","?","M","E","M","E","T","M","M"],"character_chosen":"MARISA","items_purchased":["Orichalcum","ShroomBag","Centennial Puzzle","Strawberry","Block Potion"],"campfire_rested":3,"item_purchase_floors":[11,30,37,37,37],"current_hp_per_floor":[75,64,64,64,49,39,39,39,39,31,31,53,52,52,52,10,80,76,76,76,67,63,63,63,29,29,23,47,38,38,38,62,29,80,61,62,69,69,38,27,12,12,12,7,0,0],"gold":398,"neow_bonus":"THREE_ENEMY_KILL","is_daily":false,"chose_seed":false,"campfire_upgraded":3,"win_rate":0.0,"timestamp":1610429755,"path_taken":["M","?","M","M","?","E","R","?","T","M","$","R","E","?","R","BOSS","M","M","M","M","?","E","R","E","T","M","R","M","$","M","R","BOSS","M","M","$","?","?","E","M","E","T","?","M"],"items_purchased_type":["Relic","Relic","Relic","Relic","Potion"],"build_version":"2020-12-22","purchased_purges":2,"victory":false,"max_hp_per_floor":[75,75,75,75,75,75,75,75,75,75,75,75,75,75,75,75,80,80,80,80,80,80,80,80,80,80,80,80,80,80,80,80,80,80,80,80,87,87,87,87,87,87,87,87,87,87],"card_choices":[{"not_picked":["Singularity","WitchOfGreed"],"picked":"SporeBomb","floor":1},{"not_picked":["ManaConvection","MachineGunSpark"],"picked":"NonDirectionalLaser","floor":3},{"not_picked":["IllusionStar","Occultation"],"picked":"NonDirectionalLaser","floor":4},{"not_picked":["DC","AbsoluteMagnitude"],"picked":"BlazeAway","floor":6},{"not_picked":["Occultation","GalacticHalo"],"picked":"IllusionStar","floor":8},{"not_picked":["MilkyWay","AsteroidBelt"],"picked":"PowerUp","floor":10},{"not_picked":["Occultation","StarBarrage"],"picked":"IllusionStar","floor":13},{"not_picked":["BinaryStars","SuperNova"],"picked":"MaximisePower","floor":16},{"not_picked":["DoubleSpark","MysteriousBeam"],"picked":"DC","floor":17},{"not_picked":["Acceleration","MilkyWay"],"picked":"GrandCross","floor":18},{"not_picked":["WitchLeyline","OrrerysSun"],"picked":"IllusionStar","floor":19},{"not_picked":["CollectingQuirk","ManaConvection","GasGiant"],"picked":"SKIP","floor":20},{"not_picked":["GalacticHalo","UnstableBomb"],"picked":"DoubleSpark","floor":21},{"not_picked":["AsteroidBelt","NonDirectionalLaser"],"picked":"Acceleration","floor":22},{"not_picked":["MysteriousBeam","AsteroidBelt"],"picked":"ManaConvection+1","floor":23},{"not_picked":["WitchOfGreed","BlazingStar"],"picked":"SporeBomb","floor":25},{"not_picked":["GalacticHalo","AsteroidBelt"],"picked":"Occultation+1","floor":27},{"not_picked":["AsteroidBelt","NonDirectionalLaser"],"picked":"ChargeUpSpray+1","floor":29},{"not_picked":["EventHorizon","BlazeAway","DC"],"picked":"SKIP","floor":31},{"not_picked":["JA","BinaryStars"],"picked":"MillisecondPulsars","floor":33},{"not_picked":["MysteriousBeam","IllusionStar+1"],"picked":"SprinkleStarSeal+1","floor":35},{"not_picked":["ManaConvection","UnstableBomb"],"picked":"PulseMagic","floor":36},{"not_picked":["OrrerysSun","OpenUniverse+1"],"picked":"GalacticHalo+1","floor":39},{"not_picked":["Orbital","StarlightTyphoon"],"picked":"GravityBeat+1","floor":40},{"not_picked":["PropBag+1","WitchLeyline"],"picked":"LuminesStrike+1","floor":41},{"not_picked":["EventHorizon","DC+1"],"picked":"ChargeUpSpray+1","floor":42},{"not_picked":["WitchLeyline","GalacticHalo","6A+1"],"picked":"Acceleration+1","floor":44}],"player_experience":5495,"relics_obtained":[{"floor":6,"key":"Bronze Scales"},{"floor":9,"key":"Lantern"},{"floor":13,"key":"Bottled Flame"},{"floor":23,"key":"InkBottle"},{"floor":25,"key":"Whetstone"},{"floor":26,"key":"Potion Belt"},{"floor":40,"key":"Oddly Smooth Stone"},{"floor":40,"key":"Anchor"},{"floor":42,"key":"Pen Nib"},{"floor":42,"key":"Question Card"},{"floor":43,"key":"Old Coin"}],"event_choices":[{"damage_healed":0,"gold_gain":75,"player_choice":"Gather Gold","damage_taken":11,"max_hp_gain":0,"max_hp_loss":0,"event_name":"World of Goop","floor":2,"gold_loss":0},{"damage_healed":0,"gold_gain":0,"player_choice":"Entered Light","damage_taken":15,"max_hp_gain":0,"max_hp_loss":0,"event_name":"Shining Light","floor":5,"gold_loss":0,"cards_upgraded":["Defend_MRS","NonDirectionalLaser"]},{"damage_healed":0,"gold_gain":0,"player_choice":"2 cards matched","damage_taken":0,"max_hp_gain":0,"max_hp_loss":0,"event_name":"Match and Keep!","floor":14,"gold_loss":0,"cards_obtained":["UltimateShortwave","Panacea"]},{"cards_removed":["Strike_MRS"],"damage_healed":0,"gold_gain":0,"player_choice":"Purged","damage_taken":0,"max_hp_gain":0,"max_hp_loss":0,"event_name":"Purifier","floor":38,"gold_loss":0}],"is_beta":false,"boss_relics":[{"not_picked":["SacredBark","Snecko Eye"],"picked":"Tiny House"},{"not_picked":["Velvet Choker","RampagingMagicTools"],"picked":"Black Star"}],"items_purged_floors":[11,37],"is_endless":false,"potions_floor_spawned":[1,4,6,19,20,21,23,27,31,35,39,40,42],"killed_by":"4 Shapes","ascension_level":0}}