{"host":"sc0o2qwpf9j16a4i","time":1610453339,"event":{"mods":["AchievementEnabler","BaseMod","BetterRewards","Block Reminder","Colored Map","Colored Powertips","Custom Start","Highlight Path","Minty Spire (QoL Compilation)","Relic Stats"],"gold_per_floor":[116,166,8,8,24,24,59,59,59,72,112,112,112,138,138,227,227,251,274,274,290,290,324,58,92,115,26,26,70,70,70,70,163,163,184,184,209,209,224,224,263,263,263,287,318,25,25,56,56,56,56,56,56,0,33,33],"floor_reached":57,"playtime":2049,"items_purged":["Strike_G","Strike_G","Regret"],"score":3846,"play_id":"94cd0223-ba05-4374-8bba-76b81b9744cb","local_time":"20210112140859","is_ascension_mode":true,"campfire_choices":[{"floor":6,"key":"REST"},{"floor":8,"key":"REST"},{"floor":13,"key":"REST"},{"floor":15,"key":"REST"},{"floor":28,"key":"REST"},{"floor":32,"key":"REST"},{"floor":40,"key":"REST"},{"floor":42,"key":"RECALL"},{"floor":47,"key":"REST"},{"data":"Well Laid Plans","floor":49,"key":"SMITH"},{"data":"Noxious Fumes","floor":53,"key":"SMITH"}],"circlet_count":0,"master_deck":["AscendersBane","Survivor","Neutralize","Footwork","Die Die Die","Noxious Fumes+1","Cloak And Dagger+1","Sucker Punch","Catalyst+1","Blade Dance+1","Infinite Blades","Cloak And Dagger+1","Malaise+1","Backflip+1","Backstab+1","Footwork","Dodge and Roll+1","Calculated Gamble+1","Crippling Poison+1","Well Laid Plans+1","Acrobatics+1","Clumsy","Footwork","Dodge and Roll+1","Night Terror+1","Calculated Gamble+1","Expertise+1","Calculated Gamble+1","Catalyst+1","Skewer+1","Blade Dance+1","Burst+1","Calculated Gamble+1","Panacea+1","Dark Shackles+1","Dramatic Entrance+1","Acrobatics+1","Writhe","Malaise+1","Leg Sweep+1","Catalyst+1"],"relics":["Ring of the Snake","Toxic Egg 2","Shuriken","Oddly Smooth Stone","Toy Ornithopter","Medical Kit","Turnip","HornCleat","TwistedFunnel","Question Card","ClockworkSouvenir","Golden Idol","Gremlin Horn","Molten Egg 2","Gambling Chip","Mummified Hand","Odd Mushroom","Cursed Key","Blue Candle","Calipers","Pen Nib","Sundial","MutagenicStrength","Enchiridion","Pandora\u0027s Box","Incense Burner","Ninja Scroll","Nunchaku","Frozen Eye","Potion Belt","Orichalcum"],"acts_visited":["Exordium","TheCity","TheBeyond","TheEnding"],"potions_floor_usage":[16,29,56,56,56,56],"damage_taken":[{"damage":0,"enemies":"Jaw Worm","floor":1,"turns":2},{"damage":0,"enemies":"2 Louse","floor":5,"turns":2},{"damage":10,"enemies":"Gremlin Nob","floor":7,"turns":4},{"damage":0,"enemies":"Small Slimes","floor":10,"turns":1},{"damage":4,"enemies":"Lagavulin","floor":11,"turns":5},{"damage":0,"enemies":"The Mushroom Lair","floor":14,"turns":1},{"damage":9,"enemies":"The Guardian","floor":16,"turns":8},{"damage":0,"enemies":"Chosen","floor":18,"turns":5},{"damage":10,"enemies":"2 Thieves","floor":19,"turns":3},{"damage":0,"enemies":"Cultist and Chosen","floor":21,"turns":4},{"damage":9,"enemies":"Book of Stabbing","floor":23,"turns":5},{"damage":0,"enemies":"Gremlin Leader","floor":25,"turns":5},{"damage":0,"enemies":"Slavers","floor":29,"turns":3},{"damage":1,"enemies":"Collector","floor":33,"turns":6},{"damage":1,"enemies":"Orb Walker","floor":35,"turns":4},{"damage":0,"enemies":"3 Shapes","floor":39,"turns":2},{"damage":1,"enemies":"Nemesis","floor":41,"turns":5},{"damage":27,"enemies":"Writhing Mass","floor":44,"turns":3},{"damage":0,"enemies":"Giant Head","floor":45,"turns":3},{"damage":0,"enemies":"Nemesis","floor":48,"turns":5},{"damage":1,"enemies":"Donu and Deca","floor":50,"turns":8},{"damage":10,"enemies":"Time Eater","floor":51,"turns":4},{"damage":24,"enemies":"Shield and Spear","floor":55,"turns":10},{"damage":34,"enemies":"The Heart","floor":56,"turns":6}],"seed_played":"1340135606116057581","potions_obtained":[{"floor":5,"key":"PowerPotion"},{"floor":11,"key":"SpeedPotion"},{"floor":18,"key":"Energy Potion"},{"floor":23,"key":"DistilledChaos"},{"floor":29,"key":"BlessingOfTheForge"},{"floor":55,"key":"SkillPotion"}],"is_trial":false,"path_per_floor":["M","?","$","?","M","R","E","R","T","M","E","?","R","?","R","B",null,"M","M","?","M","?","E","$","E","T","$","R","E","?","?","R","B",null,"M","?","T","?","M","R","E","R","T","M","E","$","R","E","R","B","B",null,"R","$","E","B",null],"character_chosen":"THE_SILENT","items_purchased":["Toxic Egg 2","Shuriken","Footwork","Die Die Die","Oddly Smooth Stone","Toy Ornithopter","Medical Kit","Noxious Fumes","Turnip","HornCleat","TwistedFunnel","Question Card","Cloak And Dagger+1","ClockworkSouvenir","Crippling Poison+1","Well Laid Plans","Footwork","Frozen Eye","PowerPotion"],"campfire_rested":8,"item_purchase_floors":[0,0,0,0,0,0,0,0,0,0,0,0,0,3,24,24,27,46,54],"current_hp_per_floor":[17,17,17,17,17,35,25,43,43,43,39,13,31,31,49,45,56,56,46,46,46,46,37,37,37,37,37,55,60,60,39,57,56,59,58,48,48,48,48,60,59,59,59,32,32,32,50,50,50,49,39,55,55,55,31,17],"gold":33,"neow_bonus":"","is_daily":false,"chose_seed":false,"campfire_upgraded":2,"win_rate":0.0,"timestamp":1610453339,"path_taken":["M","?","$","?","M","R","E","R","T","M","E","?","R","?","R","BOSS","M","M","?","M","?","E","$","E","T","$","R","E","?","?","R","BOSS","M","?","?","?","M","R","E","R","T","?","E","$","R","E","R","BOSS","BOSS","R","$","E","BOSS"],"items_purchased_type":["Relic","Relic","Card","Card","Relic","Relic","Relic","Card","Relic","Relic","Relic","Relic","Card","Relic","Card","Card","Card","Relic","Potion"],"build_version":"2020-12-22","purchased_purges":3,"victory":true,"max_hp_per_floor":[66,66,66,60,60,60,60,60,60,60,60,60,60,60,60,60,60,60,60,60,60,60,60,60,60,60,60,60,60,60,60,60,60,60,60,60,60,60,60,60,60,60,60,60,60,60,60,60,60,60,60,60,60,60,60,60],"relic_stats":{"Gremlin Horn":[18,18],"counters":[226,1132],"Golden Idol":223,"Blue Candle":[2],"Pen Nib":[13],"Orichalcum":[108],"Medical Kit":[9],"Question Card":24,"Cursed Key":3,"Nunchaku":[12],"Shuriken":[67],"Mummified Hand":[122],"Sundial":[18],"Gambling Chip":[79],"Pandora\u0027s Box":["Calculated Gamble","Expertise","Calculated Gamble","Skewer","Catalyst","Skewer","Blade Dance","Burst"],"Turnip":[7],"obtain_stats":[{"TwistedFunnel":0,"Ginger":42,"Bottled Tornado":54,"Boot":2,"Sling":0,"Blood Vial":26,"Sundial":43,"MealTicket":0,"Fusion Hammer":17,"Necronomicon":31,"Kunai":36,"Pear":9,"Blue Candle":13,"Velvet Choker":17,"Eternal Feather":55,"Pen Nib":4,"Paper Crane":44,"Akabeko":13,"MutagenicStrength":30,"Snecko Eye":17,"Pandora\u0027s Box":34,"StrikeDummy":7,"Ring of the Serpent":34,"Regal Pillow":0,"Lantern":26,"StoneCalendar":6,"Bag of Preparation":3,"Ancient Tea Set":14,"Cursed Key":34,"Smiling Mask":29,"Matryoshka":25,"Shovel":26,"Ninja Scroll":48,"WingedGreaves":37,"Chemical X":0,"InkBottle":32,"Ring of the Snake":0,"Potion Belt":0,"Lee\u0027s Waffle":0,"Golden Idol":4,"Thread and Needle":9,"PreservedInsect":39,"Frozen Egg 2":30,"Busted Crown":34,"Ornamental Fan":26,"Bloody Idol":20,"Orrery":20,"Ectoplasm":17,"Turnip":0,"Art of War":10,"Toy Ornithopter":14,"Ice Cream":10,"Calipers":23,"Gremlin Horn":9,"CeramicFish":27,"Vajra":0,"HoveringKite":34,"Lizard Tail":3,"Centennial Puzzle":9,"HornCleat":0,"DollysMirror":22,"Strawberry":0,"Philosopher\u0027s Stone":34,"Toxic Egg 2":9,"Girya":6,"Happy Flower":9,"Astrolabe":17,"Dead Branch":15,"Oddly Smooth Stone":24,"Letter Opener":8,"War Paint":40,"Question Card":0,"WarpedTongs":10,"Du-Vu Doll":36,"OrangePellets":0,"Shuriken":0,"Bronze Scales":42,"Molten Egg 2":9,"Nloth\u0027s Gift":19,"Pocketwatch":40,"Meat on the Bone":26,"Enchiridion":24,"Mango":39,"Snake Skull":0,"Juzu Bracelet":44,"Incense Burner":23,"ClockworkSouvenir":0,"Frozen Eye":54,"Dream Catcher":26,"Nunchaku":7,"Mummified Hand":9,"Pantograph":10,"Gambling Chip":0,"Tiny Chest":31,"Runic Pyramid":17,"Orichalcum":0,"Odd Mushroom":13,"Medical Kit":30,"White Beast Statue":11,"Mercury Hourglass":7,"Peace Pipe":0,"Anchor":22,"Bag of Marbles":7,"Membership Card":39},{"TwistedFunnel":19,"Ginger":80,"Bottled Tornado":116,"Boot":20,"Sling":61,"Blood Vial":14,"Sundial":111,"MealTicket":148,"Fusion Hammer":126,"Necronomicon":32,"Kunai":107,"Pear":124,"Blue Candle":125,"Velvet Choker":68,"Eternal Feather":117,"Pen Nib":44,"Paper Crane":81,"Akabeko":49,"MutagenicStrength":215,"Snecko Eye":51,"Pandora\u0027s Box":75,"StrikeDummy":5,"Ring of the Serpent":106,"Regal Pillow":89,"Lantern":131,"StoneCalendar":175,"Bag of Preparation":150,"Ancient Tea Set":25,"Cursed Key":33,"Smiling Mask":103,"Matryoshka":54,"Shovel":54,"Ninja Scroll":85,"WingedGreaves":78,"Chemical X":89,"InkBottle":134,"Ring of the Snake":0,"Potion Belt":89,"Lee\u0027s Waffle":41,"Golden Idol":121,"Thread and Needle":92,"PreservedInsect":78,"Frozen Egg 2":17,"Busted Crown":135,"Ornamental Fan":72,"Bloody Idol":182,"Orrery":128,"Ectoplasm":10,"Turnip":202,"Art of War":23,"Toy Ornithopter":125,"Ice Cream":93,"Calipers":130,"Gremlin Horn":65,"CeramicFish":54,"Vajra":89,"HoveringKite":188,"Lizard Tail":20,"Centennial Puzzle":47,"HornCleat":61,"DollysMirror":13,"Strawberry":118,"Philosopher\u0027s Stone":58,"Toxic Egg 2":6,"Girya":22,"Happy Flower":22,"Astrolabe":96,"Dead Branch":125,"Oddly Smooth Stone":29,"Letter Opener":152,"War Paint":139,"Question Card":202,"WarpedTongs":124,"Du-Vu Doll":35,"OrangePellets":41,"Shuriken":202,"Bronze Scales":111,"Molten Egg 2":205,"Nloth\u0027s Gift":156,"Pocketwatch":38,"Meat on the Bone":54,"Enchiridion":130,"Mango":165,"Snake Skull":41,"Juzu Bracelet":40,"Incense Burner":158,"ClockworkSouvenir":89,"Frozen Eye":87,"Dream Catcher":29,"Nunchaku":123,"Mummified Hand":176,"Pantograph":7,"Gambling Chip":148,"Tiny Chest":74,"Runic Pyramid":26,"Orichalcum":41,"Odd Mushroom":95,"Medical Kit":32,"White Beast Statue":93,"Mercury Hourglass":65,"Peace Pipe":61,"Anchor":13,"Bag of Marbles":46,"Membership Card":78},{"TwistedFunnel":113,"Ginger":378,"Bottled Tornado":556,"Boot":116,"Sling":288,"Blood Vial":72,"Sundial":522,"MealTicket":717,"Fusion Hammer":596,"Necronomicon":168,"Kunai":502,"Pear":588,"Blue Candle":590,"Velvet Choker":320,"Eternal Feather":562,"Pen Nib":228,"Paper Crane":384,"Akabeko":251,"MutagenicStrength":1076,"Snecko Eye":255,"Pandora\u0027s Box":355,"StrikeDummy":30,"Ring of the Serpent":500,"Regal Pillow":433,"Lantern":616,"StoneCalendar":855,"Bag of Preparation":724,"Ancient Tea Set":136,"Cursed Key":177,"Smiling Mask":486,"Matryoshka":263,"Shovel":263,"Ninja Scroll":400,"WingedGreaves":367,"Chemical X":433,"InkBottle":632,"Ring of the Snake":0,"Potion Belt":433,"Lee\u0027s Waffle":218,"Golden Idol":576,"Thread and Needle":444,"PreservedInsect":367,"Frozen Egg 2":93,"Busted Crown":639,"Ornamental Fan":339,"Bloody Idol":894,"Orrery":604,"Ectoplasm":55,"Turnip":1028,"Art of War":129,"Toy Ornithopter":590,"Ice Cream":447,"Calipers":612,"Gremlin Horn":304,"CeramicFish":263,"Vajra":433,"HoveringKite":932,"Lizard Tail":116,"Centennial Puzzle":241,"HornCleat":288,"DollysMirror":65,"Strawberry":571,"Philosopher\u0027s Stone":280,"Toxic Egg 2":33,"Girya":125,"Happy Flower":125,"Astrolabe":459,"Dead Branch":590,"Oddly Smooth Stone":156,"Letter Opener":731,"War Paint":659,"Question Card":1028,"WarpedTongs":588,"Du-Vu Doll":183,"OrangePellets":218,"Shuriken":1028,"Bronze Scales":522,"Molten Egg 2":1036,"Nloth\u0027s Gift":754,"Pocketwatch":200,"Meat on the Bone":263,"Enchiridion":612,"Mango":800,"Snake Skull":218,"Juzu Bracelet":212,"Incense Burner":763,"ClockworkSouvenir":433,"Frozen Eye":420,"Dream Catcher":156,"Nunchaku":585,"Mummified Hand":860,"Pantograph":36,"Gambling Chip":717,"Tiny Chest":348,"Runic Pyramid":143,"Orichalcum":218,"Odd Mushroom":454,"Medical Kit":168,"White Beast Statue":447,"Mercury Hourglass":304,"Peace Pipe":288,"Anchor":65,"Bag of Marbles":237,"Membership Card":367}],"Toy Ornithopter":30,"Ring of the Snake":[209]},"card_choices":[{"not_picked":["Quick Slash","Prepared+1","Underhanded Strike"],"picked":"Sucker Punch","floor":1},{"not_picked":["Acrobatics+1","Quick Slash","Poisoned Stab","Choke"],"picked":"SKIP","floor":5},{"not_picked":["Quick Slash","Flying Knee","Dagger Spray"],"picked":"Catalyst+1","floor":7},{"not_picked":["Grand Finale+1","Quick Slash+1","Slice+1"],"picked":"Blade Dance+1","floor":10},{"not_picked":["Slice+1","Accuracy","All Out Attack+1"],"picked":"Infinite Blades","floor":11},{"not_picked":["Escape Plan+1","Distraction+1","Deflect+1"],"picked":"Cloak And Dagger+1","floor":14},{"not_picked":["Bullet Time+1","Phantasmal Killer+1","Die Die Die+1"],"picked":"Malaise+1","floor":16},{"not_picked":["Cloak And Dagger+1","Tactician+1","Skewer+1"],"picked":"Backflip+1","floor":18},{"not_picked":["Skewer+1","Cloak And Dagger+1","Distraction+1"],"picked":"Backstab+1","floor":19},{"not_picked":["Dagger Spray+1","Poisoned Stab+1","Sucker Punch+1"],"picked":"Dodge and Roll+1","floor":21},{"not_picked":["Glass Knife+1","Acrobatics+1","Underhanded Strike+1"],"picked":"Calculated Gamble+1","floor":23},{"not_picked":["Accuracy","All Out Attack+1","Slice+1"],"picked":"Acrobatics+1","floor":25},{"not_picked":["Deflect+1","Phantasmal Killer+1","Acrobatics+1"],"picked":"Dodge and Roll+1","floor":29},{"not_picked":["Venomology+1","After Image","Envenom"],"picked":"Night Terror+1","floor":33},{"not_picked":["Endless Agony+1","Underhanded Strike+1","Backstab+1"],"picked":"Calculated Gamble+1","floor":35},{"not_picked":["Dark Shackles+1","Swift Strike+1","Dramatic Entrance+1"],"picked":"Panacea+1","floor":36},{"not_picked":["Trip+1","Madness+1","Bandage Up+1"],"picked":"Dark Shackles+1","floor":36},{"not_picked":["Transmutation+1","Bandage Up+1","The Bomb+1"],"picked":"Dramatic Entrance+1","floor":36},{"not_picked":["Quick Slash+1","Deflect+1","Underhanded Strike+1"],"picked":"Acrobatics+1","floor":39},{"not_picked":["Prepared+1","Skewer+1","Dagger Spray+1","Die Die Die+1"],"picked":"SKIP","floor":41},{"not_picked":["Terror+1","Well Laid Plans","Skewer+1","Outmaneuver+1"],"picked":"SKIP","floor":44},{"not_picked":["Outmaneuver+1","Dagger Throw+1","Flying Knee+1"],"picked":"Malaise+1","floor":45},{"not_picked":["Prepared+1","Poisoned Stab+1","Grand Finale+1"],"picked":"Leg Sweep+1","floor":48},{"not_picked":["PiercingWail+1","Footwork","Noxious Fumes"],"picked":"Catalyst+1","floor":55}],"player_experience":590857,"relics_obtained":[{"floor":7,"key":"Gremlin Horn"},{"floor":9,"key":"Molten Egg 2"},{"floor":11,"key":"Gambling Chip"},{"floor":14,"key":"Odd Mushroom"},{"floor":23,"key":"Blue Candle"},{"floor":25,"key":"Calipers"},{"floor":26,"key":"Pen Nib"},{"floor":29,"key":"Sundial"},{"floor":31,"key":"Enchiridion"},{"floor":41,"key":"Incense Burner"},{"floor":43,"key":"Ninja Scroll"},{"floor":45,"key":"Nunchaku"},{"floor":48,"key":"Potion Belt"},{"floor":55,"key":"Orichalcum"}],"event_choices":[{"damage_healed":0,"gold_gain":50,"player_choice":"Gained Gold","damage_taken":0,"max_hp_gain":0,"max_hp_loss":0,"event_name":"Golden Wing","floor":2,"gold_loss":0},{"damage_healed":0,"gold_gain":0,"player_choice":"Lose Max HP","damage_taken":0,"relics_obtained":["Golden Idol"],"max_hp_gain":0,"max_hp_loss":6,"event_name":"Golden Idol","floor":4,"gold_loss":0},{"damage_healed":0,"gold_gain":0,"player_choice":"Success","damage_taken":26,"relics_obtained":["Mummified Hand"],"max_hp_gain":0,"max_hp_loss":0,"event_name":"Scrap Ooze","floor":12,"gold_loss":0},{"damage_healed":0,"gold_gain":0,"player_choice":"Fought Mushrooms","damage_taken":0,"max_hp_gain":0,"max_hp_loss":0,"event_name":"Mushrooms","floor":14,"gold_loss":0},{"damage_healed":0,"gold_gain":0,"player_choice":"Read","damage_taken":0,"max_hp_gain":0,"max_hp_loss":0,"event_name":"The Library","floor":20,"gold_loss":0,"cards_obtained":["Footwork"]},{"damage_healed":0,"gold_gain":0,"player_choice":"Ignored","damage_taken":0,"max_hp_gain":0,"max_hp_loss":0,"event_name":"The Mausoleum","floor":22,"gold_loss":0},{"damage_healed":0,"gold_gain":0,"player_choice":"Inject Mutagens","damage_taken":0,"relics_obtained":["MutagenicStrength"],"max_hp_gain":0,"max_hp_loss":0,"event_name":"Drug Dealer","floor":30,"gold_loss":0},{"damage_healed":0,"gold_gain":0,"player_choice":"Obtained Book","damage_taken":21,"max_hp_gain":0,"max_hp_loss":0,"event_name":"Cursed Tome","floor":31,"gold_loss":0},{"damage_healed":0,"gold_gain":0,"player_choice":"Memory 3","damage_taken":10,"max_hp_gain":0,"max_hp_loss":0,"event_name":"SensoryStone","floor":36,"gold_loss":0},{"cards_removed":["Skewer"],"damage_healed":0,"gold_gain":0,"player_choice":"Removed Attack","damage_taken":0,"max_hp_gain":0,"max_hp_loss":0,"event_name":"Falling","floor":38,"gold_loss":0}],"is_beta":false,"boss_relics":[{"not_picked":["Ring of the Serpent","Empty Cage"],"picked":"Cursed Key"},{"not_picked":["Tiny House","Fusion Hammer"],"picked":"Pandora\u0027s Box"}],"items_purged_floors":[0,24,46],"is_endless":false,"potions_floor_spawned":[5,11,18,19,23,29,45,55],"ascension_level":20}}