{"host":"nozk9xg7ssf2drdi","time":1610442755,"event":{"mods":["BaseMod","Colored Map","Minty Spire (QoL Compilation)","Relic Stats","Slay the Relics Exporter","StSLib","everything is the same but u backflip on backflip"],"gold_per_floor":[118,133,54,54,66,66,98,98,124,138,165,185,185,203,203,280,280,292,303,322,78,96,96,121,121,145,160,178,178,178,191,191,265,265,282,282,282,42,54,54,54],"floor_reached":40,"playtime":2635,"items_purged":["Strike_R","Strike_R+1"],"score":990,"play_id":"482e6bb4-ea5f-4492-b522-dc8560fd05e1","local_time":"20210112031235","is_ascension_mode":true,"campfire_choices":[{"data":"True Grit","floor":6,"key":"SMITH"},{"data":"Bash","floor":8,"key":"SMITH"},{"data":"Rampage","floor":15,"key":"SMITH"},{"data":"Juggernaut","floor":23,"key":"SMITH"},{"data":"Feel No Pain","floor":25,"key":"SMITH"},{"data":"Impervious","floor":29,"key":"SMITH"},{"data":"Battle Trance","floor":32,"key":"SMITH"}],"circlet_count":0,"master_deck":["AscendersBane","Strike_R+1","Strike_R+1","Defend_R+1","Defend_R+1","Defend_R+1","Bash+1","Fire Breathing","Shrug It Off","Clash","True Grit+1","Rampage+1","Impervious+1","Dark Embrace","Juggernaut+1","Battle Trance+1","Ghostly Armor","Infernal Blade+1","Shockwave","Feel No Pain+1","Shrug It Off","Bloodletting+1","Body Slam+1","Intimidate+1","Barricade","Flame Barrier","The Bomb","Shrug It Off"],"relics":["Burning Blood","Omamori","FossilizedHelix","Happy Flower","Regal Pillow","FaceOfCleric","Runic Dome","Sundial","Whetstone","Snecko Eye","Membership Card"],"acts_visited":["Exordium","TheCity","TheBeyond"],"potions_floor_usage":[7,18,24,28,33,40],"damage_taken":[{"damage":11,"enemies":"Jaw Worm","floor":1,"turns":3},{"damage":4,"enemies":"Cultist","floor":2,"turns":4},{"damage":1,"enemies":"Small Slimes","floor":5,"turns":3},{"damage":1,"enemies":"3 Sentries","floor":7,"turns":5},{"damage":7,"enemies":"3 Louse","floor":10,"turns":3},{"damage":4,"enemies":"Lagavulin","floor":11,"turns":7},{"damage":13,"enemies":"Large Slime","floor":12,"turns":4},{"damage":0,"enemies":"Looter","floor":14,"turns":4},{"damage":5,"enemies":"The Guardian","floor":16,"turns":11},{"damage":5,"enemies":"Shell Parasite","floor":18,"turns":6},{"damage":0,"enemies":"Chosen","floor":19,"turns":5},{"damage":30,"enemies":"Shelled Parasite and Fungi","floor":20,"turns":9},{"damage":7,"enemies":"Centurion and Healer","floor":22,"turns":7},{"damage":21,"enemies":"Book of Stabbing","floor":24,"turns":4},{"damage":11,"enemies":"Snake Plant","floor":27,"turns":4},{"damage":11,"enemies":"Snecko","floor":28,"turns":6},{"damage":6,"enemies":"Centurion and Healer","floor":31,"turns":3},{"damage":0,"enemies":"Automaton","floor":33,"turns":10},{"damage":3,"enemies":"3 Darklings","floor":35,"turns":8},{"damage":0,"enemies":"3 Shapes","floor":39,"turns":4},{"damage":82,"enemies":"Reptomancer","floor":40,"turns":4}],"seed_played":"4377665270306148505","potions_obtained":[{"floor":5,"key":"LiquidMemories"},{"floor":7,"key":"HeartOfIron"},{"floor":11,"key":"CultistPotion"},{"floor":19,"key":"LiquidBronze"},{"floor":24,"key":"Regen Potion"},{"floor":27,"key":"Dexterity Potion"},{"floor":35,"key":"SkillPotion"}],"is_trial":false,"path_per_floor":["M","M","$","?","M","R","E","R","T","M","E","M","?","M","R","B",null,"M","M","M","$","M","R","E","R","T","M","M","R","?","M","R","B",null,"M","?","?","$","M","E"],"character_chosen":"IRONCLAD","items_purchased":["Rampage","Shockwave","Feel No Pain","Membership Card","Shrug It Off"],"campfire_rested":0,"item_purchase_floors":[3,21,21,38,38],"current_hp_per_floor":[45,47,47,36,41,41,46,46,46,45,47,40,40,47,47,49,70,72,79,56,56,56,56,42,42,42,38,48,48,48,49,49,56,79,83,73,73,73,80,0,0],"gold":54,"neow_bonus":"TRANSFORM_TWO_CARDS","is_daily":false,"chose_seed":false,"campfire_upgraded":7,"win_rate":0.0,"timestamp":1610442755,"path_taken":["M","M","$","?","M","R","E","R","T","M","E","M","?","?","R","BOSS","M","?","?","$","?","R","E","R","T","M","M","R","?","M","R","BOSS","M","?","?","$","M","E"],"items_purchased_type":["Card","Card","Card","Relic","Card"],"build_version":"2020-12-22","purchased_purges":2,"victory":false,"max_hp_per_floor":[75,75,75,75,75,75,75,75,75,75,75,75,75,76,76,77,77,78,79,80,80,81,81,82,82,82,83,84,84,84,85,85,86,86,87,87,87,87,88,88,88],"relic_stats":{"Regal Pillow":0,"Happy Flower":[33],"FaceOfCleric":13,"counters":[21,114],"Sundial":[10],"Snecko Eye":[31,37,35,39],"Whetstone":["Strike_R","Strike_R"],"obtain_stats":[{"Runic Dome":17,"Regal Pillow":11,"Happy Flower":9,"FaceOfCleric":13,"Sundial":24,"Snecko Eye":34,"Omamori":4,"Whetstone":26,"Membership Card":38,"Burning Blood":0,"FossilizedHelix":7},{"Runic Dome":9,"Regal Pillow":6,"Happy Flower":4,"FaceOfCleric":7,"Sundial":14,"Snecko Eye":18,"Omamori":2,"Whetstone":14,"Membership Card":19,"Burning Blood":0,"FossilizedHelix":4},{"Runic Dome":44,"Regal Pillow":25,"Happy Flower":15,"FaceOfCleric":29,"Sundial":75,"Snecko Eye":98,"Omamori":7,"Whetstone":75,"Membership Card":106,"Burning Blood":0,"FossilizedHelix":15}],"Burning Blood":120},"card_choices":[{"not_picked":["Armaments","Entrench"],"picked":"Clash","floor":1},{"not_picked":["Shrug It Off","Burning Pact"],"picked":"True Grit","floor":2},{"not_picked":["Warcry","Headbutt"],"picked":"Impervious","floor":5},{"not_picked":["Iron Wave","Twin Strike","Thunderclap"],"picked":"SKIP","floor":7},{"not_picked":["Perfected Strike","Power Through","Rupture"],"picked":"SKIP","floor":10},{"not_picked":["Bloodletting","Clash","Sword Boomerang"],"picked":"SKIP","floor":11},{"not_picked":["Intimidate","Searing Blow"],"picked":"Dark Embrace","floor":12},{"not_picked":["Thunderclap","Sentinel","Fire Breathing"],"picked":"SKIP","floor":14},{"not_picked":["Thunderclap","Sentinel","Fire Breathing"],"picked":"SKIP","floor":14},{"not_picked":["Berserk","Double Tap"],"picked":"Juggernaut","floor":16},{"not_picked":["Thunderclap","Pommel Strike"],"picked":"Battle Trance","floor":18},{"not_picked":["Sentinel","Pommel Strike"],"picked":"Ghostly Armor","floor":19},{"not_picked":["Havoc+1","True Grit"],"picked":"Infernal Blade+1","floor":20},{"not_picked":["Clash+1","Clothesline"],"picked":"Shrug It Off","floor":22},{"not_picked":["True Grit","Body Slam"],"picked":"Bloodletting+1","floor":24},{"not_picked":["Headbutt","Clothesline"],"picked":"Body Slam+1","floor":27},{"not_picked":["Metallicize","Armaments"],"picked":"Intimidate+1","floor":28},{"not_picked":["Clash","Sword Boomerang","Carnage"],"picked":"SKIP","floor":31},{"not_picked":["Impervious","Demon Form"],"picked":"Barricade","floor":33},{"not_picked":["Carnage","Thunderclap"],"picked":"Flame Barrier","floor":35},{"not_picked":["Chrysalis","Madness"],"picked":"The Bomb","floor":36},{"not_picked":["Carnage","Perfected Strike","Iron Wave"],"picked":"SKIP","floor":39}],"player_experience":5992961,"relics_obtained":[{"floor":7,"key":"FossilizedHelix"},{"floor":9,"key":"Happy Flower"},{"floor":11,"key":"Regal Pillow"},{"floor":24,"key":"Sundial"},{"floor":26,"key":"Whetstone"}],"event_choices":[{"damage_healed":0,"gold_gain":0,"player_choice":"Success","damage_taken":11,"relics_obtained":["Omamori"],"max_hp_gain":0,"max_hp_loss":0,"event_name":"Scrap Ooze","floor":4,"gold_loss":0},{"damage_healed":0,"gold_gain":0,"player_choice":"Trade","damage_taken":0,"relics_obtained":["FaceOfCleric"],"max_hp_gain":0,"max_hp_loss":0,"event_name":"FaceTrader","floor":13,"gold_loss":0},{"damage_healed":0,"gold_gain":0,"player_choice":"Simplicity","damage_taken":0,"max_hp_gain":0,"max_hp_loss":0,"event_name":"Back to Basics","floor":30,"gold_loss":0,"cards_upgraded":["Strike_R","Defend_R","Defend_R","Defend_R"]},{"damage_healed":0,"gold_gain":0,"player_choice":"Memory 3","damage_taken":10,"max_hp_gain":0,"max_hp_loss":0,"event_name":"SensoryStone","floor":36,"gold_loss":0},{"damage_healed":0,"gold_gain":0,"player_choice":"Ignored","damage_taken":0,"max_hp_gain":0,"max_hp_loss":0,"event_name":"Mysterious Sphere","floor":37,"gold_loss":0}],"is_beta":false,"boss_relics":[{"not_picked":["Velvet Choker","Runic Pyramid"],"picked":"Runic Dome"},{"not_picked":["Pandora\u0027s Box","Fusion Hammer"],"picked":"Snecko Eye"}],"items_purged_floors":[21,38],"is_endless":false,"potions_floor_spawned":[5,7,11,19,24,27,35],"killed_by":"Reptomancer","ascension_level":20}}