{"host":"hxqmxu97ax4h93y4","time":1610479260,"event":{"mods":["BaseMod","Downfall","Hermit","Marisa????????","Minty Spire (QoL Compilation)","Random Character Button","StSLib","The Cursed","The Necromancer","The Runesmith"],"gold_per_floor":[116,135,155,172,73,73,107,107,177,177,192,192,206,222,222,320,320,335,65,80,56,56,56,72,72,96,96,112,73,73,73,73],"floor_reached":31,"language":"ENG","playtime":1811,"items_purged":["Strike_R","Strike_R"],"score":287,"play_id":"4840dd0b-33ab-415e-be90-eaa7ebc2a0ab","local_time":"20210112112100","is_ascension_mode":false,"campfire_choices":[{"floor":6,"key":"REST"},{"floor":8,"key":"REST"},{"floor":15,"key":"REST"},{"floor":23,"key":"REST"},{"floor":25,"key":"REST"},{"data":"Chrysalis","floor":27,"key":"SMITH"}],"circlet_count":0,"master_deck":["Strike_R","Defend_R","Defend_R","Defend_R","Bash","Heavy Blade","Whirlwind","Sword Boomerang","Bloodletting","Rupture","Burning Pact","Shrug It Off","Flame Barrier","Fiend Fire","Iron Wave","Shrug It Off","Thunderclap","Pommel Strike","Berserk","Headbutt","True Grit+1","Chrysalis+1","Anger","Flex+1","Twin Strike","Ghostly","Ghostly","Ghostly","Ghostly","Ghostly","Pommel Strike","Double Tap","Shrug It Off","Armaments","Metallicize"],"relics":["Burning Blood","Prayer Wheel","HornCleat","Black Star","Pen Nib","Strawberry"],"acts_visited":["Exordium","TheCity"],"potions_floor_usage":[7,7,16,16,20],"damage_taken":[{"damage":0,"enemies":"Cultist","floor":1,"turns":4},{"damage":9,"enemies":"Jaw Worm","floor":2,"turns":4},{"damage":8,"enemies":"2 Louse","floor":3,"turns":3},{"damage":29,"enemies":"Exordium Thugs","floor":4,"turns":6},{"damage":46,"enemies":"Gremlin Nob","floor":7,"turns":6},{"damage":9,"enemies":"Lots of Slimes","floor":11,"turns":2},{"damage":10,"enemies":"Red Slaver","floor":13,"turns":4},{"damage":12,"enemies":"Blue Slaver","floor":14,"turns":4},{"damage":35,"enemies":"Hexaghost","floor":16,"turns":10},{"damage":36,"enemies":"Shell Parasite","floor":18,"turns":10},{"damage":45,"enemies":"Chosen","floor":20,"turns":10},{"damage":24,"enemies":"Shelled Parasite and Fungi","floor":24,"turns":9},{"damage":14,"enemies":"Centurion and Healer","floor":28,"turns":9},{"damage":27,"enemies":"Cultist and Chosen","floor":31,"turns":8}],"seed_played":"-5821830564303670938","potions_obtained":[{"floor":2,"key":"GamblersBrew"},{"floor":4,"key":"HeartOfIron"},{"floor":7,"key":"BlessingOfTheForge"},{"floor":13,"key":"LiquidBronze"},{"floor":18,"key":"BloodPotion"},{"floor":24,"key":"BloodPotion"}],"is_trial":false,"path_per_floor":["M","M","M","M","$","R","E","R","T","?","M","?","M","M","R","B",null,"M","$","M","$","?","R","M","R","T","R","M","$","?","M"],"character_chosen":"IRONCLAD","items_purchased":["Shrug It Off","Chrysalis","Twin Strike","Metallicize"],"campfire_rested":5,"item_purchase_floors":[5,19,21,29],"current_hp_per_floor":[72,69,67,44,44,65,25,46,46,46,43,48,44,38,61,32,77,47,47,23,23,23,34,16,27,27,27,19,19,26,0,0],"gold":73,"neow_bonus":"TRANSFORM_TWO_CARDS","is_daily":false,"chose_seed":false,"campfire_upgraded":1,"win_rate":0.0,"timestamp":1610479260,"path_taken":["M","M","M","M","?","R","E","R","T","?","M","?","M","M","R","BOSS","M","$","M","$","?","R","M","R","T","R","M","$","?","?"],"items_purchased_type":["Card","Card","Card","Card"],"build_version":"2020-12-22","purchased_purges":2,"victory":false,"max_hp_per_floor":[72,72,72,72,72,72,72,72,72,72,72,77,77,77,77,77,77,77,77,77,77,38,38,38,38,38,38,38,38,45,45,45],"card_choices":[{"not_picked":["Perfected Strike","Heavy Blade"],"picked":"Sword Boomerang","floor":1},{"not_picked":["Body Slam","Clothesline"],"picked":"Bloodletting","floor":2},{"not_picked":["Metallicize","Clash"],"picked":"Rupture","floor":3},{"not_picked":["Sword Boomerang","Seeing Red"],"picked":"Burning Pact","floor":4},{"not_picked":["Perfected Strike","Anger"],"picked":"Flame Barrier","floor":7},{"not_picked":["Bludgeon","Perfected Strike"],"picked":"Iron Wave","floor":11},{"not_picked":["Dropkick","Hemokinesis","Blood for Blood"],"picked":"SKIP","floor":11},{"not_picked":["Rage","Heavy Blade"],"picked":"Shrug It Off","floor":13},{"not_picked":["Rupture","Thunderclap","Shockwave"],"picked":"SKIP","floor":13},{"not_picked":["Pummel","Uppercut"],"picked":"Thunderclap","floor":14},{"not_picked":["Whirlwind","Blood for Blood"],"picked":"Pommel Strike","floor":14},{"not_picked":["Double Tap","Juggernaut"],"picked":"Berserk","floor":16},{"not_picked":["Warcry","True Grit"],"picked":"Headbutt","floor":18},{"not_picked":["Flex","Iron Wave"],"picked":"True Grit+1","floor":18},{"not_picked":["Warcry","Thunderclap"],"picked":"Anger","floor":20},{"not_picked":["Sword Boomerang","True Grit"],"picked":"Flex+1","floor":20},{"not_picked":["Twin Strike","Perfected Strike+1"],"picked":"Pommel Strike","floor":24},{"not_picked":["Heavy Blade","Twin Strike+1"],"picked":"Double Tap","floor":24},{"not_picked":["Hemokinesis","Thunderclap"],"picked":"Shrug It Off","floor":28},{"not_picked":["Dark Embrace","Hemokinesis"],"picked":"Armaments","floor":28}],"player_experience":45903,"relics_obtained":[{"floor":7,"key":"Prayer Wheel"},{"floor":9,"key":"HornCleat"},{"floor":26,"key":"Pen Nib"}],"event_choices":[{"damage_healed":0,"gold_gain":0,"cards_transformed":["Strike_R"],"player_choice":"Change","damage_taken":0,"max_hp_gain":0,"max_hp_loss":0,"event_name":"Living Wall","floor":10,"gold_loss":0,"cards_obtained":["Fiend Fire"]},{"damage_healed":0,"gold_gain":0,"player_choice":"Donut","damage_taken":0,"max_hp_gain":5,"max_hp_loss":0,"event_name":"Big Fish","floor":12,"gold_loss":0},{"damage_healed":0,"gold_gain":0,"player_choice":"Became a Ghost","damage_taken":0,"max_hp_gain":0,"max_hp_loss":39,"event_name":"Ghosts","floor":22,"gold_loss":0,"cards_obtained":["Ghostly","Ghostly","Ghostly","Ghostly","Ghostly"]},{"damage_healed":0,"gold_gain":0,"player_choice":"Gave Potion","damage_taken":0,"relics_obtained":["Strawberry"],"max_hp_gain":0,"max_hp_loss":0,"event_name":"WeMeetAgain","floor":30,"gold_loss":0}],"is_beta":false,"boss_relics":[{"not_picked":["Sozu","Velvet Choker"],"picked":"Black Star"}],"items_purged_floors":[5,19],"is_endless":false,"potions_floor_spawned":[2,4,7,13,18,24],"killed_by":"Cultist and Chosen","ascension_level":0}}