{"host":"xyxrly520c9wnx4a","time":1610489589,"event":{"mods":["AchievementEnabler","Act Like it!","BaseMod","Colored Powertips","Downfall","Minty Spire (QoL Compilation)","Poor People Problems","Quick Restart","Relic Stats","Replay The Spire","StSLib","Twitch Decklist","UnlockEverythingMod","【功能Mod】混沌之环修复补丁"],"gold_per_floor":[99,99,99,99,116,136,160,188,203,238,1,16,43,43,61,61,61,61],"floor_reached":16,"language":"ZHS","playtime":2687,"items_purged":["Slimebound:Strike_Slimebound"],"score":120,"play_id":"606e0a8d-adbc-4943-a033-9184a73166d7","local_time":"20210113061309","is_ascension_mode":false,"campfire_choices":[],"circlet_count":0,"master_deck":["Slimebound:Strike_Slimebound","Slimebound:Strike_Slimebound","Slimebound:Tackle","Slimebound:Defend_Slimebound","Slimebound:Defend_Slimebound","Slimebound:Defend_Slimebound","Slimebound:Defend_Slimebound","Slimebound:Split","Slimebound:CorrosiveSpit","Slimebound:RollThrough","Slimebound:FormOfPuddle","Slimebound:SplitLeeching","Slimebound:SplitAcid","Slimebound:GoopTackle","Slimebound:Gluttony","Slimebound:DisruptingSlam","Slimebound:ViciousTackle","Slimebound:OozeBath","Slimebound:SplitMire"],"relics":["Slimebound:AbsorbEndCombat","downfall:HeartsMalice","Question Card","Replay:WaspNest","Bronze Scales","Singing Bowl","downfall:BrokenWingStatue"],"acts_visited":["Exordium"],"potions_floor_usage":[9,10,10,10,13,15,15,16],"damage_taken":[{"damage":0,"enemies":"Cultist","floor":2,"turns":1},{"damage":0,"enemies":"Jaw Worm","floor":3,"turns":1},{"damage":0,"enemies":"2 Louse","floor":4,"turns":1},{"damage":12,"enemies":"2 Fungi Beasts","floor":5,"turns":4},{"damage":35,"enemies":"Exordium Thugs","floor":6,"turns":4},{"damage":28,"enemies":"Replay:BlueRogue","floor":8,"turns":4},{"damage":12,"enemies":"Lots of Slimes","floor":9,"turns":3},{"damage":37,"enemies":"3 Sentries","floor":10,"turns":4},{"damage":17,"enemies":"downfall:FleeingMerchant","floor":11,"turns":4},{"damage":22,"enemies":"Blue Slaver","floor":12,"turns":3},{"damage":23,"enemies":"Lagavulin","floor":13,"turns":4},{"damage":15,"enemies":"Lots of Slimes","floor":15,"turns":2},{"damage":26,"enemies":"downfall:Watcher","floor":16,"turns":5}],"seed_played":"-2044496192920205450","potions_obtained":[{"floor":5,"key":"CultistPotion"},{"floor":6,"key":"Block Potion"},{"floor":9,"key":"EntropicBrew"},{"floor":12,"key":"GamblersBrew"},{"floor":15,"key":"Block Potion"}],"is_trial":false,"path_per_floor":["R","M","M","M","M","M","T","E","M","E","$","M","E","?","M","B"],"character_chosen":"SLIMEBOUND","items_purchased":["Bronze Scales"],"campfire_rested":0,"item_purchase_floors":[11],"current_hp_per_floor":[60,60,60,60,60,45,45,37,37,28,35,21,20,20,13,0,0,0],"gold":61,"neow_bonus":"THREE_ENEMY_KILL","is_daily":false,"chose_seed":false,"campfire_upgraded":0,"win_rate":0.0,"timestamp":1610489589,"path_taken":["R","M","M","M","M","?","T","E","M","E","$","M","E","?","M","BOSS"],"items_purchased_type":["Relic"],"build_version":"2020-12-22","purchased_purges":1,"victory":false,"max_hp_per_floor":[60,60,60,60,60,60,60,60,60,60,60,60,62,62,62,62,62,62],"relic_stats":{"Singing Bowl":2,"counters":[13,35],"Bronze Scales":[36],"Question Card":6,"obtain_stats":[{"downfall:BrokenWingStatue":14,"Singing Bowl":13,"Bronze Scales":11,"downfall:HeartsMalice":0,"Replay:WaspNest":10,"Slimebound:AbsorbEndCombat":0,"Question Card":8},{"downfall:BrokenWingStatue":11,"Singing Bowl":11,"Bronze Scales":9,"downfall:HeartsMalice":0,"Replay:WaspNest":8,"Slimebound:AbsorbEndCombat":0,"Question Card":6},{"downfall:BrokenWingStatue":28,"Singing Bowl":28,"Bronze Scales":21,"downfall:HeartsMalice":0,"Replay:WaspNest":17,"Slimebound:AbsorbEndCombat":0,"Question Card":11}]},"card_choices":[{"not_picked":["Slimebound:LeechEnergy","Slimebound:GoopSpray"],"picked":"Slimebound:RollThrough","floor":2},{"not_picked":["Slimebound:GrowthPunch","Slimebound:GoopSpray"],"picked":"Slimebound:FormOfPuddle","floor":3},{"not_picked":["Slimebound:ViciousTackle","Slimebound:LeechingTouch"],"picked":"Slimebound:SplitLeeching","floor":4},{"not_picked":["Slimebound:ViciousTackle","Slimebound:Gluttony"],"picked":"Slimebound:SplitAcid","floor":5},{"not_picked":["Slimebound:SplitAcid","Slimebound:SlimeBrawl"],"picked":"Slimebound:GoopTackle","floor":6},{"not_picked":["Slimebound:FinishingTackle","Slimebound:LevelUp"],"picked":"Slimebound:Gluttony","floor":8},{"not_picked":["Slimebound:Schlurp","Slimebound:FormOfPuddle","Slimebound:RollThrough","Slimebound:FinishingTackle"],"picked":"SKIP","floor":9},{"not_picked":["Slimebound:ComboTackle","Slimebound:FormOfPuddle","Slimebound:AcidTongue"],"picked":"Slimebound:DisruptingSlam","floor":10},{"not_picked":["Slimebound:Chomp","Slimebound:Gluttony","Slimebound:FinishingTackle"],"picked":"Slimebound:ViciousTackle","floor":11},{"not_picked":["Slimebound:SplitMire","Slimebound:SpikyOuterGoop","Slimebound:ComboTackle"],"picked":"Slimebound:OozeBath","floor":12},{"not_picked":["Slimebound:SplitBruiser","Slimebound:PressTheAttack","Slimebound:FinishingTackle","Slimebound:DisruptingSlam"],"picked":"Singing Bowl","floor":13},{"not_picked":["Slimebound:PressTheAttack","Slimebound:Replication","Slimebound:Schlurp"],"picked":"Slimebound:SplitMire","floor":15}],"player_experience":64841,"relics_obtained":[{"floor":8,"key":"Question Card"},{"floor":10,"key":"Replay:WaspNest"},{"floor":13,"key":"Singing Bowl"}],"event_choices":[],"is_beta":false,"boss_relics":[],"items_purged_floors":[11],"is_endless":false,"potions_floor_spawned":[5,6,9,12,15],"killed_by":"downfall:Watcher","ascension_level":0}}