{"host":"g2yp6paluzgljz05","time":1610420798,"event":{"mods":["BaseMod","Bestiary","Colored Powertips","DeckTracker","Highlight Path","Minty Spire (QoL Compilation)","Quick Restart"],"gold_per_floor":[115,65,65,65,85,85,115,115,115,125,142,67,82,102,102,207,207,218,218,232,232,132,132,147,147,147,162,162,162],"floor_reached":28,"playtime":1396,"items_purged":["Defend_R","Strike_R"],"score":264,"play_id":"f3e9980e-1bc1-4178-8da4-24f00589fcb2","local_time":"20210112140638","is_ascension_mode":true,"campfire_choices":[{"data":"Bash","floor":6,"key":"SMITH"},{"data":"Pommel Strike","floor":8,"key":"SMITH"},{"floor":15,"key":"REST"},{"floor":23,"key":"REST"},{"floor":25,"key":"REST"}],"circlet_count":0,"master_deck":["Strike_R","Strike_R","Strike_R","Defend_R","Defend_R","Bash+1","Pommel Strike+1","Headbutt","Pommel Strike+1"],"relics":["Burning Blood","Meat on the Bone","Darkstone Periapt","Sozu","Enchiridion"],"acts_visited":["TheCity"],"potions_floor_usage":[],"damage_taken":[{"damage":20,"enemies":"Small Slimes","floor":1,"turns":3},{"damage":0,"enemies":"2 Louse","floor":5,"turns":3},{"damage":32,"enemies":"Gremlin Nob","floor":7,"turns":4},{"damage":0,"enemies":"Cultist","floor":10,"turns":2},{"damage":0,"enemies":"Large Slime","floor":11,"turns":3},{"damage":13,"enemies":"Blue Slaver","floor":13,"turns":2},{"damage":14,"enemies":"Red Slaver","floor":14,"turns":2},{"damage":66,"enemies":"Slime Boss","floor":16,"turns":11},{"damage":19,"enemies":"3 Byrds","floor":18,"turns":5},{"damage":23,"enemies":"2 Thieves","floor":20,"turns":3},{"damage":32,"enemies":"Cultist and Chosen","floor":24,"turns":5},{"damage":28,"enemies":"3 Cultists","floor":27,"turns":4},{"damage":60,"enemies":"Book of Stabbing","floor":28,"turns":4}],"seed_played":"-2796030511042470098","potions_obtained":[{"floor":5,"key":"Dexterity Potion"},{"floor":13,"key":"BloodPotion"},{"floor":16,"key":"Strength Potion"}],"is_trial":false,"path_per_floor":["M","?","?","$","M","R","E","R","T","M","M","$","M","M","R","B",null,"M","?","M","?","$","R","M","R","T","M","E"],"character_chosen":"IRONCLAD","items_purchased":[],"campfire_rested":3,"item_purchase_floors":[],"current_hp_per_floor":[66,66,66,66,72,72,46,46,46,52,58,58,51,55,79,31,80,67,51,46,46,46,70,56,80,80,58,0,0],"gold":162,"neow_bonus":"REMOVE_CARD","is_daily":false,"chose_seed":false,"campfire_upgraded":2,"win_rate":0.0,"timestamp":1610420798,"path_taken":["M","?","?","$","?","R","E","R","T","M","M","$","M","M","R","BOSS","M","?","M","?","$","R","M","R","T","?","E"],"items_purchased_type":[],"build_version":"2020-12-22","purchased_purges":2,"victory":false,"max_hp_per_floor":[80,80,80,80,80,80,80,80,80,80,80,80,80,80,80,80,80,80,80,80,80,80,80,80,80,80,80,80,80],"card_choices":[{"not_picked":["Iron Wave","Flex"],"picked":"Pommel Strike","floor":1},{"not_picked":["Havoc","Pommel Strike"],"picked":"Headbutt","floor":5},{"not_picked":["Sword Boomerang","Bloodletting"],"picked":"Pommel Strike","floor":7},{"not_picked":["Rampage","Twin Strike","Warcry"],"picked":"SKIP","floor":10},{"not_picked":["Blood for Blood","Bludgeon","Flame Barrier"],"picked":"SKIP","floor":11},{"not_picked":["Flex","Disarm","Cleave"],"picked":"SKIP","floor":13},{"not_picked":["Shrug It Off","Armaments","Battle Trance"],"picked":"SKIP","floor":14},{"not_picked":["Wild Strike+1","Body Slam+1","Hemokinesis+1"],"picked":"SKIP","floor":18},{"not_picked":["Carnage","Searing Blow","Sever Soul+1"],"picked":"SKIP","floor":20},{"not_picked":["Disarm","Clothesline","Entrench"],"picked":"SKIP","floor":24},{"not_picked":["Twin Strike+1","Warcry+1","Flex+1"],"picked":"SKIP","floor":27}],"player_experience":173029,"relics_obtained":[{"floor":7,"key":"Meat on the Bone"},{"floor":9,"key":"Darkstone Periapt"},{"floor":19,"key":"Enchiridion"}],"event_choices":[{"cards_removed":["Defend_R"],"damage_healed":0,"gold_gain":0,"player_choice":"Card Removal","damage_taken":0,"max_hp_gain":0,"max_hp_loss":0,"event_name":"The Cleric","floor":2,"gold_loss":50},{"damage_healed":0,"gold_gain":0,"player_choice":"Forge","damage_taken":0,"max_hp_gain":0,"max_hp_loss":0,"event_name":"Accursed Blacksmith","floor":3,"gold_loss":0,"cards_upgraded":["Pommel Strike"]},{"damage_healed":0,"gold_gain":0,"player_choice":"Obtained Book","damage_taken":16,"max_hp_gain":0,"max_hp_loss":0,"event_name":"Cursed Tome","floor":19,"gold_loss":0},{"damage_healed":0,"gold_gain":0,"player_choice":"Got Potions","damage_taken":0,"max_hp_gain":0,"max_hp_loss":0,"event_name":"Lab","floor":21,"gold_loss":0}],"is_beta":false,"boss_relics":[{"not_picked":["Tiny House","Mark of Pain"],"picked":"Sozu"}],"items_purged_floors":[12,22],"is_endless":false,"potions_floor_spawned":[5,13,16,24],"killed_by":"Book of Stabbing","ascension_level":4}}