{"host":"bd3tl98ed0kk4173","time":1610470505,"event":{"mods":["Act Like it!","Aspiration","BaseMod","Better Altar","Better Match","Better Note","Better Sensory Stone","Better Skull","Better Third Choice","BetterRewards","CapriCore","Colored Map","Colored Powertips","Conspire","Downfall","Emptier Cage","Energized Spire","GifTheSpireLib","GungeonMod","Halation","HexUI Lib","Highlight Path","Hubris","Infinite Spire","Jorbs\u0027s Wanderer Trilogy","Keyboard Shortcuts","Lobotomy","LobotomyExtend","Mad Scientist","Minty Spire (QoL Compilation)","Permanent Neow","Quick Restart","Rare Cards Sparkle","Relic Sorter","Replay The Spire","SacredBarkPlus","Shade Mod","Spicy Shops","StSLib","The Animator","The Blackbeard","The Blue Laboratory","The Elementalist","The Factory","The Hayseed","The Hierophant","The Runesmith","TheVacant","vexMod"],"gold_per_floor":[110,128,78,115,19,19,19,19,19,19,19,31,31,31,31,31,31],"floor_reached":16,"playtime":979,"items_purged":[],"score":92,"play_id":"2ba92bb6-8645-4a36-bcb5-e96a1a30dbec","local_time":"20210112115505","is_ascension_mode":true,"campfire_choices":[{"data":"DemoMod:CombinedRifle","floor":7,"key":"SMITH"},{"data":"DemoMod:LifeOrb","floor":8,"key":"SMITH"},{"data":"DemoMod:CrossBow","floor":10,"key":"SMITH"},{"data":"DemoMod:BlankBullets","floor":13,"key":"SMITH"},{"floor":15,"key":"REST"}],"circlet_count":0,"master_deck":["DemoMod:Strike_Huntress","DemoMod:Strike_Huntress","DemoMod:Defend_Huntress","DemoMod:Defend_Huntress","DemoMod:Defend_Huntress","DemoMod:Roll","DemoMod:ManualReload","DemoMod:RustySidearm","DemoMod:CrossBow+1","UniverseFragment","DemoMod:LifeOrb+1","BigBird","DemoMod:CombinedRifle+1","DemoMod:BlankBullets+1"],"relics":["DemoMod:Dog","CogitoBucket","hubris:Towel","WingedGreaves","LetterFromLob","Darkstone Periapt"],"acts_visited":["Exordium"],"potions_floor_usage":[16],"damage_taken":[{"damage":1,"enemies":"Cultist","floor":1,"turns":3},{"damage":5,"enemies":"2 Louse","floor":2,"turns":3},{"damage":11,"enemies":"Small Slimes","floor":4,"turns":10},{"damage":2,"enemies":"Looter","floor":12,"turns":3},{"damage":65,"enemies":"The Guardian","floor":16,"turns":12}],"seed_played":"-8933959620082837420","potions_obtained":[],"is_trial":false,"path_per_floor":["M","M","?","M","$","R","R","R","T","R","?","M","R","?","R","B"],"character_chosen":"HUNTRESS","items_purchased":["DemoMod:BlankPotion"],"campfire_rested":1,"item_purchase_floors":[5],"current_hp_per_floor":[69,64,64,53,53,53,53,53,53,53,46,44,44,44,65,0,0],"gold":31,"neow_bonus":"","is_daily":false,"chose_seed":false,"campfire_upgraded":4,"win_rate":0.0,"timestamp":1610470505,"path_taken":["M","M","?","M","$","R","R","R","T","R","?","M","R","?","R","BOSS"],"items_purchased_type":["Undefined"],"build_version":"2020-12-22","purchased_purges":0,"victory":false,"max_hp_per_floor":[70,70,70,70,70,70,70,70,70,70,70,70,70,70,70,70,70],"card_choices":[{"not_picked":["ShyLook","OSAHOGD"],"picked":"UniverseFragment","floor":1},{"not_picked":["DemoMod:BoxingGlove","DemoMod:FastSwitch"],"picked":"DemoMod:LifeOrb","floor":1},{"not_picked":["GreedKing","Scorched"],"picked":"BigBird","floor":2},{"not_picked":["DemoMod:GunShield","DemoMod:TeaPot"],"picked":"DemoMod:DirectionalPad","floor":2},{"not_picked":["DemoMod:DoubleSwitch","DemoMod:DirectionalPad"],"picked":"DemoMod:CombinedRifle","floor":4},{"not_picked":["DemoMod:Unmoved","DemoMod:Polaris"],"picked":"DemoMod:BlankBullets","floor":12}],"player_experience":140693,"relics_obtained":[{"floor":1,"key":"LetterFromLob"},{"floor":2,"key":"WingedGreaves"},{"floor":9,"key":"Darkstone Periapt"}],"event_choices":[{"cards_removed":["DemoMod:Strike_Huntress"],"damage_healed":0,"gold_gain":0,"player_choice":"Card Removal","damage_taken":0,"max_hp_gain":0,"max_hp_loss":0,"event_name":"The Cleric","floor":3,"gold_loss":50},{"cards_removed":["DemoMod:Defend_Huntress"],"damage_healed":0,"gold_gain":0,"player_choice":"Card Removal","damage_taken":7,"max_hp_gain":0,"max_hp_loss":0,"event_name":"Golden Wing","floor":11,"gold_loss":0}],"is_beta":false,"boss_relics":[],"items_purged_floors":[],"is_endless":false,"potions_floor_spawned":[],"killed_by":"The Guardian","ascension_level":1}}