{"host":"adv1uqz3812gqgbw","time":1610488078,"event":{"mods":["BaseMod","Better Note","Colored Powertips","Custom Start","GifTheSpireLib","Hermit","Minty Spire (QoL Compilation)","SacredBarkPlus","StSLib","The Runesmith","Uncapped"],"gold_per_floor":[399,399,399,399,399,155,155,155,155,155,155,155,155,155,155,155,155,155,155,155,155,155,155,155,155,155,25,25,25,25,25,25,25,25,25,25,25,25,25,25,25,25,25,25,25,25,25,25,25,25,25],"floor_reached":52,"language":"ENG","playtime":1323,"items_purged":["Pain"],"score":3344,"play_id":"69396b33-90c1-43f4-b321-5e1b24c22b00","local_time":"20210112194758","daily_mods":["Time Dilation","Flight","DeadlyEvents","Elite Swarm","Lethality","Midas"],"is_ascension_mode":true,"campfire_choices":[{"floor":8,"key":"REST"},{"floor":15,"key":"REST"},{"floor":32,"key":"REST"},{"floor":45,"key":"REST"},{"floor":49,"key":"REST"}],"circlet_count":0,"master_deck":["Bludgeon+1","Bludgeon+1","Meteor Strike+1","Meteor Strike+1","Meteor Strike+1","Meteor Strike+1","Meteor Strike+1","Writhe"],"relics":["Burning Blood","Snecko Eye","Bag of Marbles","Anchor","Brimstone","Old Coin","Mango","Strawberry","Pear","Singing Bowl","Unceasing Top","Lee\u0027s Waffle","Fusion Hammer","hermit:DentedPlate","Busted Crown","Lantern","Nuclear Battery","Runesmith:Nanobots","Potion Belt","Philosopher\u0027s Stone","Paper Frog","Vajra","Ring of the Snake","Ice Cream","Mark of Pain","Medical Kit","PureWater","Sozu","Ectoplasm","FaceOfCleric","WarpedTongs","PreservedInsect","Pantograph","Lizard Tail","Runic Pyramid","The Courier","Pen Nib","Akabeko","War Paint","Happy Flower","Bird Faced Urn","FossilizedHelix","Black Star","Magic Flower","Whetstone","Boot","Darkstone Periapt","Regal Pillow","Torii"],"acts_visited":["Exordium","TheCity","TheBeyond"],"potions_floor_usage":[],"damage_taken":[{"damage":0,"enemies":"Jaw Worm","floor":1,"turns":1},{"damage":0,"enemies":"Cultist","floor":4,"turns":1},{"damage":0,"enemies":"Gremlin Nob","floor":7,"turns":1},{"damage":0,"enemies":"Lagavulin","floor":10,"turns":1},{"damage":0,"enemies":"Gremlin Nob","floor":11,"turns":1},{"damage":0,"enemies":"Lagavulin","floor":12,"turns":1},{"damage":0,"enemies":"3 Sentries","floor":14,"turns":1},{"damage":0,"enemies":"Hexaghost","floor":16,"turns":1},{"damage":0,"enemies":"Spheric Guardian","floor":18,"turns":1},{"damage":0,"enemies":"Shell Parasite","floor":19,"turns":1},{"damage":0,"enemies":"Cultist and Chosen","floor":21,"turns":1},{"damage":0,"enemies":"Slavers","floor":22,"turns":1},{"damage":0,"enemies":"Book of Stabbing","floor":23,"turns":1},{"damage":0,"enemies":"Slavers","floor":24,"turns":1},{"damage":0,"enemies":"Gremlin Leader","floor":29,"turns":1},{"damage":0,"enemies":"Slavers","floor":30,"turns":1},{"damage":0,"enemies":"Snecko","floor":31,"turns":1},{"damage":0,"enemies":"Collector","floor":33,"turns":1},{"damage":0,"enemies":"3 Darklings","floor":35,"turns":1},{"damage":0,"enemies":"Orb Walker","floor":36,"turns":1},{"damage":0,"enemies":"Mind Bloom Boss Battle","floor":37,"turns":1},{"damage":0,"enemies":"Jaw Worm Horde","floor":38,"turns":1},{"damage":0,"enemies":"4 Shapes","floor":40,"turns":1},{"damage":0,"enemies":"Spire Growth","floor":42,"turns":1},{"damage":0,"enemies":"Giant Head","floor":44,"turns":1},{"damage":0,"enemies":"Reptomancer","floor":46,"turns":1},{"damage":0,"enemies":"Nemesis","floor":48,"turns":1},{"damage":0,"enemies":"Awakened One","floor":50,"turns":2},{"damage":0,"enemies":"Time Eater","floor":51,"turns":1}],"seed_played":"2001220986809714329","potions_obtained":[],"is_trial":true,"path_per_floor":["M","?","$","M","?","$","E","R","T","E","E","E","?","E","R","B",null,"M","M","?","M","E","E","E","?","T","$","?","E","E","M","R","B",null,"M","M","?","M","?","M","$","M","T","E","R","E","$","E","R","B","B",null],"character_chosen":"IRONCLAD","items_purchased":["PreservedInsect","Happy Flower"],"campfire_rested":5,"item_purchase_floors":[6,27],"current_hp_per_floor":[73,73,73,76,76,76,79,79,79,82,85,88,88,91,91,94,94,97,100,100,103,106,109,112,112,112,112,112,115,118,121,121,124,124,127,130,133,136,136,139,139,142,142,145,145,148,148,151,151,152,153],"gold":25,"neow_bonus":"","is_daily":false,"chose_seed":false,"campfire_upgraded":0,"win_rate":0.0,"timestamp":1610488078,"path_taken":["M","?","?","M","?","$","E","R","T","?","E","E","?","E","R","BOSS","M","?","?","?","?","E","E","?","T","$","?","E","?","?","R","BOSS","M","M","?","M","?","?","$","?","T","E","R","?","?","?","R","BOSS","BOSS"],"items_purchased_type":["Relic","Relic"],"build_version":"2020-12-22","purchased_purges":1,"victory":true,"max_hp_per_floor":[73,73,73,76,76,76,79,79,79,82,85,88,88,91,91,94,94,97,100,100,103,106,109,112,112,112,112,112,115,118,121,121,124,124,127,130,133,136,136,139,139,142,142,145,145,148,148,151,151,152,153],"card_choices":[{"not_picked":["Bloodletting"],"picked":"Singing Bowl","floor":1},{"not_picked":["Cleave"],"picked":"Singing Bowl","floor":4},{"not_picked":["Reaper"],"picked":"Singing Bowl","floor":7},{"not_picked":["Fiend Fire"],"picked":"Singing Bowl","floor":10},{"not_picked":["Brutality"],"picked":"Singing Bowl","floor":11},{"not_picked":["Immolate"],"picked":"Singing Bowl","floor":12},{"not_picked":["Offering"],"picked":"Singing Bowl","floor":14},{"not_picked":["Berserk"],"picked":"Singing Bowl","floor":16},{"not_picked":["Perfected Strike"],"picked":"Singing Bowl","floor":18},{"not_picked":["Searing Blow"],"picked":"Singing Bowl","floor":19},{"not_picked":["Wild Strike"],"picked":"Singing Bowl","floor":21},{"not_picked":["Immolate"],"picked":"Singing Bowl","floor":22},{"not_picked":["Berserk"],"picked":"Singing Bowl","floor":23},{"not_picked":["Exhume"],"picked":"Singing Bowl","floor":24},{"not_picked":["Corruption"],"picked":"Singing Bowl","floor":29},{"not_picked":["Bludgeon"],"picked":"Singing Bowl","floor":30},{"not_picked":["Clothesline"],"picked":"Singing Bowl","floor":31},{"not_picked":["Impervious"],"picked":"Singing Bowl","floor":33},{"not_picked":["Heavy Blade"],"picked":"Singing Bowl","floor":35},{"not_picked":["Body Slam"],"picked":"Singing Bowl","floor":36},{"not_picked":["Combust+1"],"picked":"Singing Bowl","floor":37},{"not_picked":["Reckless Charge+1"],"picked":"Singing Bowl","floor":38},{"not_picked":["Armaments"],"picked":"Singing Bowl","floor":40},{"not_picked":["Clash"],"picked":"Singing Bowl","floor":42},{"not_picked":["Bludgeon"],"picked":"Singing Bowl","floor":44},{"not_picked":["Immolate"],"picked":"Singing Bowl","floor":46},{"not_picked":["Offering"],"picked":"Singing Bowl","floor":48}],"player_experience":363053,"relics_obtained":[{"floor":12,"key":"Pantograph"},{"floor":14,"key":"Lizard Tail"},{"floor":22,"key":"The Courier"},{"floor":23,"key":"Pen Nib"},{"floor":24,"key":"Akabeko"},{"floor":26,"key":"War Paint"},{"floor":29,"key":"Bird Faced Urn"},{"floor":30,"key":"FossilizedHelix"},{"floor":37,"key":"Magic Flower"},{"floor":43,"key":"Whetstone"},{"floor":44,"key":"Boot"},{"floor":44,"key":"Darkstone Periapt"},{"floor":46,"key":"Regal Pillow"},{"floor":46,"key":"Torii"}],"event_choices":[{"damage_healed":0,"gold_gain":0,"player_choice":"Trade","damage_taken":0,"relics_obtained":["FaceOfCleric"],"max_hp_gain":0,"max_hp_loss":0,"event_name":"FaceTrader","floor":2,"gold_loss":0},{"damage_healed":0,"gold_gain":0,"player_choice":"Rummage","damage_taken":0,"relics_obtained":["WarpedTongs"],"max_hp_gain":0,"max_hp_loss":0,"event_name":"Accursed Blacksmith","floor":5,"gold_loss":0,"cards_obtained":["Pain"]},{"damage_healed":0,"gold_gain":0,"player_choice":"Ignored","damage_taken":0,"max_hp_gain":0,"max_hp_loss":0,"event_name":"Transmorgrifier","floor":13,"gold_loss":0},{"damage_healed":0,"gold_gain":0,"player_choice":"Ignored","damage_taken":0,"max_hp_gain":0,"max_hp_loss":0,"event_name":"betterNote:BetterNote","floor":20,"gold_loss":0,"cards_obtained":["Clash"]},{"damage_healed":0,"gold_gain":50,"player_choice":"Stole From Cult","damage_taken":0,"max_hp_gain":0,"max_hp_loss":0,"event_name":"Nest","floor":25,"gold_loss":0},{"damage_healed":0,"gold_gain":0,"player_choice":"Ignored","damage_taken":0,"max_hp_gain":0,"max_hp_loss":0,"event_name":"Upgrade Shrine","floor":28,"gold_loss":0},{"damage_healed":0,"gold_gain":0,"player_choice":"Fight","damage_taken":0,"max_hp_gain":0,"max_hp_loss":0,"event_name":"MindBloom","floor":37,"gold_loss":0},{"damage_healed":27,"gold_gain":0,"player_choice":"Writhe","damage_taken":0,"max_hp_gain":0,"max_hp_loss":0,"event_name":"Winding Halls","floor":39,"gold_loss":0,"cards_obtained":["Writhe"]}],"is_beta":false,"boss_relics":[{"not_picked":["Runesmith:UraniumAnvil","Cursed Key"],"picked":"Runic Pyramid"},{"not_picked":["Tiny House","Velvet Choker"],"picked":"Black Star"}],"items_purged_floors":[6],"is_endless":false,"potions_floor_spawned":[1,4,12,14,18,19,24,29,31,36,37,38,40,48],"ascension_level":20}}