{"host":"dbkc9h3etq50r1dq","time":1610423496,"event":{"mods":["AchievementEnabler","BaseMod","Block Reminder","Colored Powertips","Curses Come First","Custom Start","Dark Map","Minty Spire (QoL Compilation)","Permanent Neow","Potion Indicator Mod","Rare Cards Sparkle","StSLib","SuperFastMode"],"gold_per_floor":[214,389,389,403,421,421,446,446,446,446,446,456,46,56,56,159,159,132,231,231,231,131,160,160,111,134,19,19,54,65,77,77,182,182,199,199,209,228,450,450,481,498,498,498,498,515,58,76,76,76],"floor_reached":51,"playtime":3082,"items_purged":["Strike_G","Decay","Strike_G"],"score":1091,"play_id":"a0ac02b5-4adb-43de-85e4-42240bd39617","local_time":"20210112115136","is_ascension_mode":true,"campfire_choices":[{"data":"Neutralize","floor":6.0,"key":"SMITH"},{"floor":8.0,"key":"REST"},{"data":"Cloak And Dagger","floor":11.0,"key":"SMITH"},{"data":"Backflip","floor":15.0,"key":"SMITH"},{"data":"Deep Breath","floor":24.0,"key":"SMITH"},{"data":"Concentrate","floor":28.0,"key":"SMITH"},{"data":"Tactician","floor":32.0,"key":"SMITH"},{"data":"Infinite Blades","floor":40.0,"key":"SMITH"},{"floor":45.0,"key":"REST"},{"data":"Cloak And Dagger","floor":49.0,"key":"SMITH"}],"circlet_count":0,"master_deck":["Strike_G","Strike_G","Defend_G","Defend_G","Defend_G","Defend_G","Survivor","Neutralize+1","Backflip+1","Escape Plan","Cloak And Dagger+1","Reflex","Cloak And Dagger+1","Tactician+1","Deep Breath+1","Infinite Blades+1","Backflip","Unload","Escape Plan","Dagger Spray","Concentrate+1","Backflip","Escape Plan","Adrenaline+1","CurseOfTheBell","Parasite","Terror+1","Escape Plan+1","Deep Breath+1","Secret Technique+1"],"relics":["Ring of the Snake","Incense Burner","Shuriken","ClockworkSouvenir","SlaversCollar","Ornamental Fan","Bag of Marbles","Red Mask","Calling Bell","Pen Nib","Toxic Egg 2","Calipers","HornCleat","Kunai"],"acts_visited":["Exordium","TheCity","TheBeyond"],"potions_floor_usage":[50,50],"damage_taken":[{"damage":0.0,"enemies":"Jaw Worm","floor":1.0,"turns":5.0},{"damage":1.0,"enemies":"Cultist","floor":4.0,"turns":5.0},{"damage":0.0,"enemies":"2 Louse","floor":5.0,"turns":4.0},{"damage":31.0,"enemies":"3 Sentries","floor":7.0,"turns":14.0},{"damage":0.0,"enemies":"Blue Slaver","floor":12.0,"turns":4.0},{"damage":4.0,"enemies":"Large Slime","floor":14.0,"turns":5.0},{"damage":0.0,"enemies":"Hexaghost","floor":16.0,"turns":10.0},{"damage":13.0,"enemies":"2 Thieves","floor":18.0,"turns":5.0},{"damage":1.0,"enemies":"Gremlin Leader","floor":23.0,"turns":7.0},{"damage":0.0,"enemies":"Masked Bandits","floor":29.0,"turns":4.0},{"damage":0.0,"enemies":"Spheric Guardian","floor":30.0,"turns":3.0},{"damage":0.0,"enemies":"Centurion and Healer","floor":31.0,"turns":6.0},{"damage":17.0,"enemies":"Automaton","floor":33.0,"turns":7.0},{"damage":10.0,"enemies":"3 Darklings","floor":35.0,"turns":9.0},{"damage":0.0,"enemies":"3 Shapes","floor":37.0,"turns":6.0},{"damage":0.0,"enemies":"Writhing Mass","floor":38.0,"turns":7.0},{"damage":0.0,"enemies":"Giant Head","floor":41.0,"turns":6.0},{"damage":13.0,"enemies":"4 Shapes","floor":42.0,"turns":10.0},{"damage":0.0,"enemies":"Spire Growth","floor":46.0,"turns":5.0},{"damage":0.0,"enemies":"Jaw Worm Horde","floor":48.0,"turns":3.0},{"damage":0,"enemies":"Awakened One","floor":50,"turns":10}],"seed_played":"-6561891210201786252","potions_obtained":[{"floor":4.0,"key":"FairyPotion"},{"floor":12.0,"key":"Dexterity Potion"},{"floor":16.0,"key":"GamblersBrew"},{"floor":29.0,"key":"LiquidBronze"},{"floor":30.0,"key":"Regen Potion"},{"floor":31.0,"key":"ColorlessPotion"},{"floor":37.0,"key":"SneckoOil"},{"floor":38.0,"key":"BlessingOfTheForge"},{"floor":41.0,"key":"ColorlessPotion"}],"is_trial":false,"path_per_floor":["M","?","?","M","M","R","E","R","T","?","R","M","$","M","R","B",null,"M","?","?","?","$","E","R","$","T","$","R","?","M","M","R","B",null,"M","?","M","M","?","R","E","M","T","?","R","M","$","M","R","B",null],"character_chosen":"THE_SILENT","items_purchased":["Tactician","Deep Breath","Infinite Blades","ClockworkSouvenir","Dagger Spray","Concentrate","Backflip","Deep Breath+1","Secret Technique+1","Weak Potion"],"campfire_rested":2,"item_purchase_floors":[13,13,13,13,25,27,27,47,47,47],"current_hp_per_floor":[70,70,70,69,69,69,38,59,59,59,59,59,59,55,55,55,66,53,53,53,53,53,52,52,52,52,52,52,52,52,52,52,50,65,55,55,55,55,55,55,55,42,42,42,63,63,63,63,63,63],"gold":76,"neow_bonus":"HUNDRED_GOLD","is_daily":false,"chose_seed":false,"campfire_upgraded":8,"win_rate":0.0,"timestamp":1610423496,"path_taken":["M","?","?","M","?","R","E","R","T","?","R","M","?","?","R","BOSS","M","?","?","?","$","E","R","$","T","?","R","?","M","M","R","BOSS","M","?","?","M","?","R","E","M","T","?","R","M","$","M","R","BOSS"],"items_purchased_type":["Card","Card","Card","Relic","Card","Card","Card","Card","Card","Potion"],"build_version":"2020-12-22","purchased_purges":3,"victory":true,"max_hp_per_floor":[70,70,70,70,70,70,70,70,70,70,70,70,70,70,70,70,70,70,70,70,70,70,70,70,70,70,70,70,70,70,70,70,70,70,70,70,70,70,70,70,70,70,70,70,70,70,70,70,70,70],"card_choices":[{"not_picked":["Slice","Infinite Blades"],"picked":"Backflip","floor":1.0},{"not_picked":["Flying Knee","Choke"],"picked":"Escape Plan","floor":4.0},{"not_picked":["Dodge and Roll","Deadly Poison"],"picked":"Cloak And Dagger","floor":5.0},{"not_picked":["Slice","A Thousand Cuts"],"picked":"Reflex","floor":7.0},{"not_picked":["Outmaneuver","Dagger Throw"],"picked":"Cloak And Dagger","floor":12.0},{"not_picked":["Poisoned Stab","Flying Knee","Dagger Throw"],"picked":"SKIP","floor":14.0},{"not_picked":["Deflect","Distraction","Leg Sweep"],"picked":"SKIP","floor":18.0},{"not_picked":["Deadly Poison","Flechettes"],"picked":"Escape Plan","floor":23.0},{"not_picked":["Distraction","Deflect+1"],"picked":"Escape Plan","floor":30.0},{"not_picked":["Distraction","PiercingWail","Underhanded Strike"],"picked":"SKIP","floor":31.0},{"not_picked":["Die Die Die","Envenom"],"picked":"Adrenaline","floor":33.0},{"not_picked":["Deadly Poison+1","Poisoned Stab","Dagger Throw"],"picked":"SKIP","floor":35.0},{"not_picked":["Underhanded Strike+1","Backflip+1","Deadly Poison+1"],"picked":"SKIP","floor":37.0},{"not_picked":["Underhanded Strike+1","Masterful Stab"],"picked":"Terror+1","floor":38.0},{"not_picked":["Backflip+1","Corpse Explosion+1","Poisoned Stab+1"],"picked":"SKIP","floor":41.0},{"not_picked":["Distraction+1","Flying Knee","Dodge and Roll+1"],"picked":"SKIP","floor":42.0},{"not_picked":["Malaise+1","Crippling Poison+1"],"picked":"Escape Plan+1","floor":46.0},{"not_picked":["Sucker Punch","Predator+1","Deadly Poison+1"],"picked":"SKIP","floor":48.0}],"player_experience":125884,"relics_obtained":[{"floor":7.0,"key":"Incense Burner"},{"floor":9.0,"key":"Shuriken"},{"floor":23.0,"key":"Ornamental Fan"},{"floor":26.0,"key":"Bag of Marbles"},{"floor":29.0,"key":"Red Mask"},{"floor":34.0,"key":"Pen Nib"},{"floor":34.0,"key":"Toxic Egg 2"},{"floor":34.0,"key":"Calipers"},{"floor":41.0,"key":"HornCleat"},{"floor":43.0,"key":"Kunai"}],"event_choices":[{"damage_healed":0.0,"max_hp_gain":0.0,"max_hp_loss":0.0,"gold_gain":175.0,"event_name":"Liars Game","player_choice":"AGREE","floor":2.0,"gold_loss":0.0,"damage_taken":0.0,"cards_obtained":["Doubt"]},{"cards_removed":["Doubt"],"damage_healed":0.0,"max_hp_gain":0.0,"max_hp_loss":0.0,"gold_gain":0.0,"event_name":"Purifier","player_choice":"Purged","floor":3.0,"gold_loss":0.0,"damage_taken":0.0},{"damage_healed":0.0,"max_hp_gain":0.0,"max_hp_loss":0.0,"gold_gain":0.0,"event_name":"Shining Light","player_choice":"Ignored","floor":10.0,"gold_loss":0.0,"damage_taken":0.0},{"damage_healed":0.0,"max_hp_gain":0.0,"max_hp_loss":0.0,"gold_gain":99.0,"event_name":"Nest","player_choice":"Stole From Cult","floor":19.0,"gold_loss":0.0,"damage_taken":0.0},{"damage_healed":0.0,"max_hp_gain":0.0,"max_hp_loss":0.0,"gold_gain":0.0,"cards_transformed":["Strike_G","Defend_G"],"event_name":"Drug Dealer","player_choice":"Became Test Subject","floor":20.0,"gold_loss":0.0,"damage_taken":0.0,"cards_obtained":["Backflip","Unload"]},{"damage_healed":0.0,"max_hp_gain":0.0,"max_hp_loss":0.0,"gold_gain":0.0,"event_name":"Forgotten Altar","player_choice":"Smashed Altar","floor":21.0,"gold_loss":0.0,"damage_taken":0.0,"cards_obtained":["Decay"]},{"damage_healed":0.0,"max_hp_gain":0.0,"max_hp_loss":0.0,"gold_gain":0.0,"event_name":"Masked Bandits","player_choice":"Fought Bandits","floor":29.0,"gold_loss":0.0,"damage_taken":0.0},{"damage_healed":0.0,"max_hp_gain":0.0,"max_hp_loss":0.0,"gold_gain":0.0,"event_name":"Upgrade Shrine","player_choice":"Upgraded","floor":36.0,"gold_loss":0.0,"damage_taken":0.0,"cards_upgraded":["Adrenaline"]},{"damage_healed":0.0,"max_hp_gain":0.0,"max_hp_loss":0.0,"gold_gain":222.0,"event_name":"Tomb of Lord Red Mask","player_choice":"Wore Mask","floor":39.0,"gold_loss":0.0,"damage_taken":0.0},{"damage_healed":0.0,"max_hp_gain":0.0,"max_hp_loss":0.0,"gold_gain":0.0,"event_name":"The Woman in Blue","player_choice":"Bought 0 Potions","floor":44.0,"gold_loss":0.0,"damage_taken":0.0}],"is_beta":false,"boss_relics":[{"not_picked":["Busted Crown","Coffee Dripper"],"picked":"SlaversCollar"},{"not_picked":["Cursed Key","Velvet Choker"],"picked":"Calling Bell"}],"items_purged_floors":[13,22,47],"is_endless":false,"potions_floor_spawned":[4,12,16,29,30,31,37,38,41],"ascension_level":5}}