{"host":"t7zcsn3xv38p7azw","time":1610439908,"event":{"mods":["BaseMod","Minty Spire (QoL Compilation)","Quick Restart","Replay The Spire","Shop Mod","StSLib","vexMod"],"gold_per_floor":[109,109,119,133,146,146,175,192,219,219,238,269,284,284,284,386,386,400,420,437,46,62,62,78,78,78],"floor_reached":25,"playtime":2780,"items_purged":[],"score":219,"play_id":"eb24ecc7-aa72-41a4-a377-e28191c2b422","local_time":"20210112022508","is_ascension_mode":false,"campfire_choices":[{"data":"Eruption","floor":6.0,"key":"SMITH"},{"floor":10.0,"key":"REST"},{"floor":15,"key":"REST"},{"data":"DeusExMachina","floor":23,"key":"SMITH"}],"circlet_count":0,"master_deck":["Strike_P","Strike_P+1","Strike_P","Defend_P","Defend_P","Defend_P","Defend_P","Eruption+1","Vigilance","ReachHeaven","Collect","Evaluate","LessonLearned+1","Adaptation","ReachHeaven+1","CutThroughFate+1","MasterReality","Tantrum","Replay:LoomingThreat","Vengeance","Crescendo","FlyingSleeves","DeusExMachina+1","InnerPeace","FlurryOfBlows","FollowUp+1"],"relics":["PureWater","Ice Cream","Orichalcum","MealTicket","Coffee Dripper","Sundial"],"acts_visited":["TheCity"],"potions_floor_usage":[22,22,25],"damage_taken":[{"damage":4.0,"enemies":"Jaw Worm","floor":1.0,"turns":5.0},{"damage":1.0,"enemies":"Cultist","floor":3.0,"turns":3.0},{"damage":5.0,"enemies":"Small Slimes","floor":4.0,"turns":3.0},{"damage":1.0,"enemies":"Exordium Thugs","floor":5.0,"turns":5.0},{"damage":21.0,"enemies":"Lagavulin","floor":7.0,"turns":10.0},{"damage":0.0,"enemies":"Gremlin Gang","floor":8.0,"turns":2.0},{"damage":8.0,"enemies":"3 Louse","floor":11.0,"turns":4.0},{"damage":39,"enemies":"Gremlin Nob","floor":12,"turns":5},{"damage":0,"enemies":"Large Slime","floor":13,"turns":4},{"damage":24,"enemies":"Slime Boss","floor":16,"turns":5},{"damage":4,"enemies":"Chosen","floor":18,"turns":4},{"damage":2,"enemies":"3 Byrds","floor":19,"turns":4},{"damage":15,"enemies":"Sentry and Sphere","floor":20,"turns":3},{"damage":25,"enemies":"Snake Plant","floor":22,"turns":3},{"damage":24,"enemies":"3 Cultists","floor":24,"turns":4},{"damage":33,"enemies":"Book of Stabbing","floor":25,"turns":4}],"seed_played":"4449634312195759470","potions_obtained":[{"floor":1.0,"key":"Dexterity Potion"},{"floor":3.0,"key":"BlessingOfTheForge"},{"floor":4.0,"key":"Explosive Potion"},{"floor":13,"key":"GamblersBrew"},{"floor":22,"key":"Dexterity Potion"}],"is_trial":false,"path_per_floor":["M","?","M","M","M","R","E","M","T","R","M","E","M","?","R","B",null,"M","M","M","$","M","R","M","E"],"character_chosen":"WATCHER","items_purchased":["Sundial","DeusExMachina","InnerPeace"],"campfire_rested":2,"item_purchase_floors":[21,21,21],"current_hp_per_floor":[75,57,56,51,50,50,29,29,29,52,44,5,5,5,28,4,79,75,73,58,73,48,48,24,0,0],"gold":78,"neow_bonus":"TEN_PERCENT_HP_BONUS","is_daily":false,"chose_seed":false,"campfire_upgraded":2,"win_rate":0.0,"timestamp":1610439908,"path_taken":["M","?","M","M","M","R","E","M","T","R","M","E","M","?","R","BOSS","M","M","M","$","M","R","?","E"],"items_purchased_type":["Relic","Card","Card"],"build_version":"2020-12-22","purchased_purges":0,"victory":false,"max_hp_per_floor":[79,79,79,79,79,79,79,79,79,79,79,79,79,79,79,79,79,79,79,79,79,79,79,79,79,79],"card_choices":[{"not_picked":["Fasting2","EmptyFist"],"picked":"ReachHeaven","floor":1.0},{"not_picked":["Consecrate","FollowUp"],"picked":"Collect","floor":3.0},{"not_picked":["CutThroughFate","EmptyFist"],"picked":"Evaluate","floor":4.0},{"not_picked":["JustLucky","WheelKick"],"picked":"LessonLearned","floor":5.0},{"not_picked":["Fasting2","CrushJoints"],"picked":"Adaptation","floor":7.0},{"not_picked":["Sanctity","CrushJoints"],"picked":"ReachHeaven","floor":8.0},{"not_picked":["Sanctity","PathToVictory"],"picked":"CutThroughFate","floor":11},{"not_picked":["BowlingBash","Sanctity"],"picked":"MasterReality","floor":12},{"not_picked":["FearNoEvil","Replay:Cycle"],"picked":"Tantrum","floor":13},{"not_picked":["Scrawl","Replay:AllIn"],"picked":"Replay:LoomingThreat","floor":16},{"not_picked":["WreathOfFlame+1","PathToVictory"],"picked":"Vengeance","floor":18},{"not_picked":["SashWhip","PathToVictory+1"],"picked":"Crescendo","floor":19},{"not_picked":["Replay:Battleflow+1","Consecrate"],"picked":"FlyingSleeves","floor":20},{"not_picked":["Vengeance","Tantrum"],"picked":"FlurryOfBlows","floor":22},{"not_picked":["EmptyFist","ClearTheMind"],"picked":"FollowUp+1","floor":24}],"player_experience":283248,"relics_obtained":[{"floor":7.0,"key":"Orichalcum"},{"floor":12,"key":"MealTicket"}],"event_choices":[{"damage_healed":0.0,"max_hp_gain":0.0,"max_hp_loss":0.0,"gold_gain":0.0,"event_name":"Scrap Ooze","player_choice":"Success","floor":2.0,"gold_loss":0.0,"damage_taken":18.0,"relics_obtained":["Ice Cream"]},{"cards_removed":["Strike_P"],"damage_healed":0,"gold_gain":0,"player_choice":"Card Removal","damage_taken":0,"max_hp_gain":0,"max_hp_loss":0,"event_name":"Wheel of Change","floor":14,"gold_loss":0}],"is_beta":false,"boss_relics":[{"not_picked":["Runic Dome","Snecko Eye"],"picked":"Coffee Dripper"}],"items_purged_floors":[],"is_endless":false,"potions_floor_spawned":[1,3,4,13,16,20,22],"killed_by":"Book of Stabbing","ascension_level":0}}