{"host":"dm4yvegl9um2tlqd","time":1610457679,"event":{"mods":["2.2 Compatiblity","AchievementEnabler","BaseMod","Colored Map","DeckTracker","Highlight Path","KOR Keyword Fix","Keyboard Shortcuts","Minty Spire (QoL Compilation)","Permanent Neow","Quick Restart","Random Character Button","StSLib","SuperFastMode","everything is the same but u backflip on backflip"],"gold_per_floor":[111,111,111,123,123,157,157,168,191,191,226,249,41,41,41,138,138,148,63,63,74,24,56,76,95,119,47,47,247,247,247,247,348,348,367,384,265,279,305,305,176,176,176,176,176,202,220,97,97,97],"floor_reached":51,"playtime":1711,"items_purged":["Strike_R","Strike_R","Strike_R","Rampage","Searing Blow","Heavy Blade"],"score":967,"play_id":"0f436882-0067-4d13-93e2-bdbd9c04e08b","local_time":"20210112222119","is_ascension_mode":true,"campfire_choices":[{"data":"Anger","floor":7,"key":"SMITH"},{"data":"Bash","floor":10,"key":"SMITH"},{"data":"Evolve","floor":15,"key":"SMITH"},{"data":"Body Slam","floor":28,"key":"SMITH"},{"data":"Body Slam","floor":30,"key":"SMITH"},{"data":"Barricade","floor":32,"key":"SMITH"},{"data":"Entrench","floor":40,"key":"SMITH"},{"data":"Entrench","floor":42,"key":"SMITH"},{"data":"True Grit","floor":45,"key":"SMITH"},{"data":"Dual Wield","floor":49,"key":"SMITH"}],"circlet_count":0,"master_deck":["Bash+1","Uppercut+1","Impervious","Power Through+1","Shrug It Off","True Grit+1","Evolve+1","Armaments+1","Barricade+1","Cleave","Body Slam+1","Body Slam+1","Headbutt","Impervious","Shrug It Off","Seeing Red","Second Wind","Entrench+1","Dual Wield+1","Entrench+1"],"relics":["Burning Blood","Torii","Thread and Needle","Happy Flower","Tiny Chest","Bronze Scales","Odd Mushroom","Velvet Choker","Blood Vial","Smiling Mask","Juzu Bracelet","War Paint","Eternal Feather","Pandora\u0027s Box","Anchor","Shuriken","Incense Burner"],"acts_visited":["Exordium","TheCity","TheBeyond"],"potions_floor_usage":[23,25],"damage_taken":[{"damage":2,"enemies":"Cultist","floor":1,"turns":4},{"damage":1,"enemies":"Jaw Worm","floor":4,"turns":3},{"damage":42,"enemies":"3 Sentries","floor":6,"turns":10},{"damage":0,"enemies":"2 Louse","floor":8,"turns":3},{"damage":8,"enemies":"Gremlin Nob","floor":11,"turns":4},{"damage":1,"enemies":"The Mushroom Lair","floor":12,"turns":5},{"damage":10,"enemies":"The Guardian","floor":16,"turns":13},{"damage":0,"enemies":"Spheric Guardian","floor":18,"turns":7},{"damage":5,"enemies":"3 Byrds","floor":21,"turns":3},{"damage":1,"enemies":"Slavers","floor":23,"turns":7},{"damage":0,"enemies":"Centurion and Healer","floor":24,"turns":8},{"damage":1,"enemies":"Snake Plant","floor":25,"turns":4},{"damage":0,"enemies":"Collector","floor":33,"turns":6},{"damage":0,"enemies":"Orb Walker","floor":35,"turns":2},{"damage":8,"enemies":"3 Darklings","floor":36,"turns":7},{"damage":50,"enemies":"Spire Growth","floor":38,"turns":6},{"damage":0,"enemies":"Giant Head","floor":46,"turns":9},{"damage":0,"enemies":"Sphere and 2 Shapes","floor":47,"turns":5},{"damage":0,"enemies":"Donu and Deca","floor":50,"turns":5}],"seed_played":"-7184661336414034463","potions_obtained":[{"floor":1,"key":"Swift Potion"},{"floor":4,"key":"Block Potion"},{"floor":6,"key":"ElixirPotion"},{"floor":18,"key":"AttackPotion"},{"floor":21,"key":"FairyPotion"},{"floor":25,"key":"Fire Potion"},{"floor":46,"key":"GamblersBrew"}],"is_trial":false,"path_per_floor":["M","?","T","M","?","E","R","M","T","R","E","?","$","?","R","B",null,"M","?","T","M","$","E","M","M","T","$","R","?","R","T","R","B",null,"M","M","$","M","T","R","$","R","T","?","R","E","M","$","R","B",null],"character_chosen":"IRONCLAD","items_purchased":["Evolve","Armaments","Headbutt","Dual Wield","Entrench","DuplicationPotion"],"campfire_rested":0,"item_purchase_floors":[13,13,27,37,41,48],"current_hp_per_floor":[72,77,77,77,77,41,41,47,47,47,45,50,50,50,50,46,77,77,77,77,77,77,77,77,77,77,77,77,77,77,77,77,77,77,77,75,75,33,33,45,45,57,57,57,69,77,77,77,77,77],"gold":97,"neow_bonus":"ONE_RARE_RELIC","is_daily":false,"chose_seed":false,"campfire_upgraded":10,"win_rate":0.0,"timestamp":1610457679,"path_taken":["M","?","?","M","?","E","R","M","T","R","E","?","$","?","R","BOSS","M","?","?","?","?","E","M","M","T","$","R","?","R","?","R","BOSS","M","M","$","M","?","R","$","R","T","?","R","E","M","$","R","BOSS"],"items_purchased_type":["Card","Card","Card","Card","Card","Potion"],"build_version":"2020-12-22","purchased_purges":6,"victory":true,"max_hp_per_floor":[72,77,77,77,77,77,77,77,77,77,77,77,77,77,77,77,77,77,77,77,77,77,77,77,77,77,77,77,77,77,77,77,77,77,77,77,77,77,77,77,77,77,77,77,77,77,77,77,77,77],"card_choices":[{"not_picked":["Havoc","Sentinel"],"picked":"Uppercut","floor":1},{"not_picked":["Body Slam","Iron Wave"],"picked":"Anger","floor":4},{"not_picked":["Havoc","Sword Boomerang"],"picked":"Impervious","floor":6},{"not_picked":["Perfected Strike","Iron Wave"],"picked":"Power Through","floor":8},{"not_picked":["Double Tap","Anger"],"picked":"Shrug It Off","floor":11},{"not_picked":["Reaper","Iron Wave"],"picked":"True Grit","floor":12},{"not_picked":["Berserk","Limit Break"],"picked":"Barricade","floor":16},{"not_picked":["True Grit+1","Spot Weakness"],"picked":"Cleave","floor":18},{"not_picked":["Anger","Spot Weakness+1"],"picked":"Body Slam","floor":21},{"not_picked":["Clothesline","Inflame","Evolve"],"picked":"SKIP","floor":23},{"not_picked":["Clash","Dropkick"],"picked":"Body Slam","floor":24},{"not_picked":["Flex","Intimidate","Evolve+1"],"picked":"SKIP","floor":25},{"not_picked":["Double Tap","Barricade"],"picked":"Impervious","floor":33},{"not_picked":["Fire Breathing","Cleave"],"picked":"Entrench","floor":35},{"not_picked":["Anger","Dark Embrace+1","Clash"],"picked":"SKIP","floor":36},{"not_picked":["Thunderclap","Iron Wave+1","Infernal Blade+1"],"picked":"SKIP","floor":38},{"not_picked":["Sword Boomerang+1","Thunderclap","Clothesline+1"],"picked":"SKIP","floor":46},{"not_picked":["Flex","Dual Wield","Sword Boomerang+1"],"picked":"SKIP","floor":47}],"player_experience":32054,"relics_obtained":[{"floor":3,"key":"Thread and Needle"},{"floor":6,"key":"Happy Flower"},{"floor":9,"key":"Tiny Chest"},{"floor":11,"key":"Bronze Scales"},{"floor":12,"key":"Odd Mushroom"},{"floor":20,"key":"Smiling Mask"},{"floor":23,"key":"Juzu Bracelet"},{"floor":26,"key":"War Paint"},{"floor":31,"key":"Eternal Feather"},{"floor":39,"key":"Anchor"},{"floor":43,"key":"Shuriken"},{"floor":46,"key":"Incense Burner"}],"event_choices":[{"damage_healed":0,"gold_gain":0,"player_choice":"Donut","damage_taken":0,"max_hp_gain":5,"max_hp_loss":0,"event_name":"Big Fish","floor":2,"gold_loss":0},{"damage_healed":0,"gold_gain":0,"player_choice":"Grow","damage_taken":0,"max_hp_gain":0,"max_hp_loss":0,"event_name":"Living Wall","floor":5,"gold_loss":0,"cards_upgraded":["Uppercut"]},{"damage_healed":0,"gold_gain":0,"player_choice":"Fought Mushrooms","damage_taken":0,"max_hp_gain":0,"max_hp_loss":0,"event_name":"Mushrooms","floor":12,"gold_loss":0},{"damage_healed":0,"gold_gain":0,"player_choice":"Forge","damage_taken":0,"max_hp_gain":0,"max_hp_loss":0,"event_name":"Accursed Blacksmith","floor":14,"gold_loss":0,"cards_upgraded":["Armaments"]},{"damage_healed":0,"gold_gain":0,"player_choice":"Obtained Relic","damage_taken":0,"relics_obtained":["Blood Vial"],"max_hp_gain":0,"max_hp_loss":0,"event_name":"Addict","floor":19,"gold_loss":85},{"damage_healed":0,"gold_gain":200,"player_choice":"Gold","damage_taken":0,"max_hp_gain":0,"max_hp_loss":0,"event_name":"Wheel of Change","floor":29,"gold_loss":0},{"cards_removed":["Anger"],"damage_healed":0,"gold_gain":0,"player_choice":"Removed Attack","damage_taken":0,"max_hp_gain":0,"max_hp_loss":0,"event_name":"Falling","floor":44,"gold_loss":0}],"is_beta":false,"boss_relics":[{"not_picked":["Runic Dome","Fusion Hammer"],"picked":"Velvet Choker"},{"not_picked":["Busted Crown","SlaversCollar"],"picked":"Pandora\u0027s Box"}],"items_purged_floors":[13,22,27,37,41,48],"is_endless":false,"potions_floor_spawned":[1,4,6,16,18,21,25,46,47],"ascension_level":3}}