{"host":"091y6d77ht7dl3wb","time":1610437733,"event":{"mods":["AchievementEnabler","BaseMod","Colored Map","Hermit","Minty Spire (QoL Compilation)","Rare Cards Sparkle","StSLib"],"gold_per_floor":[409,195,223,302,328,357,357,377,377,397,424,424,438,454,454,454,454],"floor_reached":16,"playtime":636,"items_purged":[],"score":114,"play_id":"c8b4b000-7578-43c2-a624-d76c8129c6d4","local_time":"20210112164853","daily_mods":["Shiny","Heirloom"],"is_ascension_mode":false,"campfire_choices":[{"floor":7,"key":"REST"},{"floor":15,"key":"REST"}],"circlet_count":0,"master_deck":["hermit:Purgatory","hermit:DeadOrAlive","hermit:Reprieve","hermit:FromBeyond","hermit:Magnum","hermit:FatalDesire","hermit:HeroicBravado","hermit:HighNoon","hermit:Gambit","hermit:FinalCanter","hermit:EternalForm","hermit:Adapt","hermit:Dissolve","hermit:OverwhelmingPower","hermit:BlackWind","hermit:RoundhouseKick","hermit:HoleUp","hermit:Combo","hermit:Manifest","hermit:Headshot","hermit:Brawl","hermit:NoHoldsBarred","hermit:ShadowCloak","hermit:FullyLoaded","hermit:Cheat"],"relics":["hermit:Momento","Old Coin","Akabeko","Omamori","Art of War","Meat on the Bone"],"acts_visited":["Exordium"],"potions_floor_usage":[16],"damage_taken":[{"damage":0,"enemies":"Jaw Worm","floor":1,"turns":2},{"damage":5,"enemies":"Small Slimes","floor":3,"turns":2},{"damage":0,"enemies":"Cultist","floor":5,"turns":1},{"damage":16,"enemies":"Gremlin Nob","floor":6,"turns":3},{"damage":13,"enemies":"Red Slaver","floor":8,"turns":2},{"damage":10,"enemies":"Exordium Wildlife","floor":10,"turns":2},{"damage":8,"enemies":"3 Sentries","floor":11,"turns":4},{"damage":1,"enemies":"Blue Slaver","floor":13,"turns":3},{"damage":30,"enemies":"Gremlin Gang","floor":14,"turns":1},{"damage":1,"enemies":"Slime Boss","floor":16,"turns":6}],"seed_played":"5578126056966527531","potions_obtained":[{"floor":6,"key":"SteroidPotion"},{"floor":10,"key":"EntropicBrew"},{"floor":11,"key":"DuplicationPotion"}],"is_trial":true,"path_per_floor":["M","$","M","?","M","E","R","M","T","M","E","?","M","M","R","B"],"character_chosen":"HERMIT","items_purchased":["Akabeko","hermit:Combo"],"campfire_rested":2,"item_purchase_floors":[2,2],"current_hp_per_floor":[75,75,70,70,70,54,75,62,62,52,44,44,47,29,51,54,54],"gold":454,"neow_bonus":"","is_daily":false,"chose_seed":false,"campfire_upgraded":0,"win_rate":0.0,"timestamp":1610437733,"path_taken":["M","$","M","?","M","E","R","M","T","M","E","?","M","M","R","BOSS"],"items_purchased_type":["Relic","Card"],"build_version":"2020-12-22","purchased_purges":0,"victory":false,"max_hp_per_floor":[75,75,75,75,75,75,75,75,75,75,75,75,75,75,75,75,75],"card_choices":[{"not_picked":["hermit:Coalescence","hermit:Quickdraw"],"picked":"hermit:HoleUp","floor":1},{"not_picked":["hermit:Dive","hermit:LowProfile"],"picked":"hermit:Manifest","floor":3},{"not_picked":["hermit:Dive","hermit:Gestalt"],"picked":"hermit:Headshot","floor":5},{"not_picked":["hermit:LowProfile","hermit:Enervate","hermit:HighNoon"],"picked":"SKIP","floor":6},{"not_picked":["hermit:Coalescence","hermit:Roulette"],"picked":"hermit:Brawl","floor":8},{"not_picked":["hermit:DeadMansHand","hermit:LoneWolf"],"picked":"hermit:NoHoldsBarred","floor":10},{"not_picked":["hermit:Coalescence","hermit:Determination"],"picked":"hermit:ShadowCloak","floor":11},{"not_picked":["hermit:Snipe","hermit:Desperado","hermit:Grudge"],"picked":"SKIP","floor":13},{"not_picked":["hermit:Gestalt","hermit:TrackingShot"],"picked":"hermit:Cheat","floor":14}],"player_experience":224764,"relics_obtained":[{"floor":6,"key":"Omamori"},{"floor":9,"key":"Art of War"},{"floor":11,"key":"Meat on the Bone"}],"event_choices":[{"damage_healed":0,"gold_gain":79,"player_choice":"Gained Gold","damage_taken":0,"max_hp_gain":0,"max_hp_loss":0,"event_name":"Golden Wing","floor":4,"gold_loss":0},{"damage_healed":0,"gold_gain":0,"cards_transformed":["hermit:Roughhouse"],"player_choice":"Transformed","damage_taken":0,"max_hp_gain":0,"max_hp_loss":0,"event_name":"Transmorgrifier","floor":12,"gold_loss":0,"cards_obtained":["hermit:FullyLoaded"]}],"is_beta":false,"boss_relics":[],"items_purged_floors":[],"is_endless":false,"potions_floor_spawned":[6,10,11],"killed_by":"Slime Boss","ascension_level":0}}