{"host":"254qdhpnbonm8z0p","time":1610444294,"event":{"mods":["BaseMod","Block Reminder","Colored Map","Colored Powertips","Minty Spire (QoL Compilation)","ojb\u0027s Better Paths Mod"],"gold_per_floor":[112,128,128,128,128,161,185,185,185,210,234,250,21,42,42,167,167,190,190,211,211,224,263,263,277,277,290,314,366,390,403,403,403,403],"floor_reached":33,"playtime":3942,"items_purged":[],"score":325,"play_id":"f39ad3aa-3fca-4af9-8678-0c77ac26a532","local_time":"20210112013814","is_ascension_mode":false,"campfire_choices":[{"data":"Streamline","floor":8,"key":"SMITH"},{"floor":15,"key":"REST"},{"floor":24,"key":"REST"},{"floor":32,"key":"REST"}],"circlet_count":0,"master_deck":["Defend_B","Defend_B","Zap","Dualcast","Steam","Fusion","Streamline+1","Machine Learning","Go for the Eyes+1","Redo","Go for the Eyes","The Bomb","Sweeping Beam","Gash+1","Multi-Cast","Beam Cell+1","Echo Form+1","BootSequence+1","Defragment","Bite","Bite","Bite","Bite","Bite","Beam Cell+1","Conserve Battery","Ball Lightning+1","White Noise","Redo+1","Force Field+1","Streamline+1","Go for the Eyes"],"relics":["Cracked Core","NeowsBlessing","Golden Idol","Ginger","CaptainsWheel","Astrolabe","Whetstone","Bottled Flame","Bag of Marbles"],"acts_visited":["Exordium","TheCity"],"potions_floor_usage":[16,16,23,28,33],"damage_taken":[{"damage":0,"enemies":"Small Slimes","floor":1,"turns":1},{"damage":0,"enemies":"2 Louse","floor":2,"turns":1},{"damage":0,"enemies":"Gremlin Nob","floor":6,"turns":1},{"damage":1,"enemies":"Cultist","floor":7,"turns":3},{"damage":2,"enemies":"2 Fungi Beasts","floor":10,"turns":4},{"damage":2,"enemies":"Looter","floor":11,"turns":3},{"damage":5,"enemies":"Blue Slaver","floor":12,"turns":3},{"damage":21,"enemies":"Exordium Thugs","floor":14,"turns":4},{"damage":45,"enemies":"Hexaghost","floor":16,"turns":9},{"damage":15,"enemies":"Shell Parasite","floor":18,"turns":5},{"damage":21,"enemies":"Chosen","floor":20,"turns":5},{"damage":18,"enemies":"Snake Plant","floor":22,"turns":4},{"damage":22,"enemies":"Book of Stabbing","floor":23,"turns":5},{"damage":11,"enemies":"3 Cultists","floor":25,"turns":3},{"damage":12,"enemies":"Centurion and Healer","floor":27,"turns":6},{"damage":12,"enemies":"Sentry and Sphere","floor":28,"turns":5},{"damage":10,"enemies":"3 Cultists","floor":30,"turns":5},{"damage":9,"enemies":"Centurion and Healer","floor":31,"turns":6},{"damage":32,"enemies":"Champ","floor":33,"turns":8}],"seed_played":"8126726495314601373","potions_obtained":[{"floor":1,"key":"EssenceOfSteel"},{"floor":10,"key":"GamblersBrew"},{"floor":12,"key":"GamblersBrew"},{"floor":14,"key":"Regen Potion"},{"floor":20,"key":"LiquidBronze"},{"floor":27,"key":"ColorlessPotion"},{"floor":30,"key":"SteroidPotion"}],"is_trial":false,"path_per_floor":["M","M","?","?","?","E","M","R","T","M","M","M","$","M","R","B",null,"M","?","M","?","M","E","R","M","T","M","M","T","M","M","R","B"],"character_chosen":"DEFECT","items_purchased":["The Bomb","Sweeping Beam"],"campfire_rested":3,"item_purchase_floors":[13,13],"current_hp_per_floor":[75,75,57,62,80,80,79,79,79,77,75,70,70,49,73,43,80,65,56,39,39,31,17,33,26,26,20,12,12,8,7,23,0,0],"gold":403,"neow_bonus":"THREE_ENEMY_KILL","is_daily":false,"chose_seed":false,"campfire_upgraded":1,"win_rate":0.0,"timestamp":1610444294,"path_taken":["M","M","?","?","?","E","M","R","T","M","M","?","$","M","R","BOSS","M","?","M","?","M","E","R","M","T","M","M","?","M","?","R","BOSS"],"items_purchased_type":["Card","Card"],"build_version":"2020-12-22","purchased_purges":0,"victory":false,"max_hp_per_floor":[75,75,75,80,80,80,80,80,80,80,80,80,80,80,80,80,80,80,56,56,56,56,56,56,56,56,56,56,56,56,56,56,56,56],"card_choices":[{"not_picked":["Beam Cell","Cold Snap"],"picked":"Steam","floor":1},{"not_picked":["Redo","Stack"],"picked":"Fusion","floor":2},{"not_picked":["Barrage","Static Discharge"],"picked":"Streamline","floor":6},{"not_picked":["Chaos","Chill"],"picked":"Machine Learning","floor":7},{"not_picked":["Barrage","Cold Snap"],"picked":"Go for the Eyes","floor":10},{"not_picked":["Beam Cell","Ball Lightning"],"picked":"Redo","floor":11},{"not_picked":["Consume","Cold Snap"],"picked":"Go for the Eyes","floor":12},{"not_picked":["Cold Snap","Aggregate"],"picked":"Gash","floor":14},{"not_picked":["Buffer","Machine Learning"],"picked":"Multi-Cast","floor":16},{"not_picked":["Go for the Eyes","Redo"],"picked":"Defragment","floor":18},{"not_picked":["Chill","Heatsinks"],"picked":"Beam Cell+1","floor":20},{"not_picked":["Tempest","Scrape"],"picked":"Ball Lightning+1","floor":22},{"not_picked":["Steam","Fission"],"picked":"White Noise","floor":23},{"not_picked":["Sweeping Beam","Compile Driver"],"picked":"Redo+1","floor":25},{"not_picked":["Rebound","Beam Cell"],"picked":"Force Field+1","floor":27},{"not_picked":["Leap","Rebound"],"picked":"Streamline+1","floor":28},{"not_picked":["Force Field","Chaos","Coolheaded+1"],"picked":"SKIP","floor":30},{"not_picked":["Biased Cognition","Rebound"],"picked":"Go for the Eyes","floor":31}],"player_experience":33068,"relics_obtained":[{"floor":6,"key":"Ginger"},{"floor":9,"key":"CaptainsWheel"},{"floor":23,"key":"Whetstone"},{"floor":26,"key":"Bottled Flame"},{"floor":29,"key":"Bag of Marbles"}],"event_choices":[{"damage_healed":0,"gold_gain":0,"player_choice":"Take Damage","damage_taken":18,"relics_obtained":["Golden Idol"],"max_hp_gain":0,"max_hp_loss":0,"event_name":"Golden Idol","floor":3,"gold_loss":0},{"damage_healed":0,"gold_gain":0,"player_choice":"Donut","damage_taken":0,"max_hp_gain":5,"max_hp_loss":0,"event_name":"Big Fish","floor":4,"gold_loss":0},{"damage_healed":18,"gold_gain":0,"player_choice":"Full Heal","damage_taken":0,"max_hp_gain":0,"max_hp_loss":0,"event_name":"Wheel of Change","floor":5,"gold_loss":0},{"damage_healed":0,"gold_gain":0,"player_choice":"Became a vampire","damage_taken":0,"max_hp_gain":0,"max_hp_loss":24,"event_name":"Vampires","floor":19,"gold_loss":0,"cards_obtained":["Bite","Bite","Bite","Bite","Bite"]},{"damage_healed":0,"gold_gain":0,"player_choice":"Read","damage_taken":0,"max_hp_gain":0,"max_hp_loss":0,"event_name":"The Library","floor":21,"gold_loss":0,"cards_obtained":["Conserve Battery"]}],"is_beta":false,"boss_relics":[{"not_picked":["Ectoplasm","Coffee Dripper"],"picked":"Astrolabe"}],"items_purged_floors":[],"is_endless":false,"potions_floor_spawned":[1,10,12,14,20,27,30],"killed_by":"Champ","ascension_level":0}}