{"host":"ch0czqmvyp36vaf6","time":1610440645,"event":{"mods":["BaseMod","CapriCore","Friendly Minions","GungeonMod","Hermit","Highlight Path","Koishi","Lobotomy","Marisa£¨Ùöéë¡¡Øª×âÞÞ£©","Minty Spire (QoL Compilation)","Quick Restart","StSLib","The Animator","The Bug Knight","The Cursed","The Dragon Tamer","The Gatherer","The Hierophant","The Immortal","The Poker Player","The Runesmith"],"gold_per_floor":[119,119,44,70,70,70,70,70,70,123,136,163,181,216,216,319,319,335,351,351,1,17,35,35,35,35,35,35,35,35,35],"floor_reached":30,"playtime":1129,"items_purged":["animator:Strike","animator:Strike"],"score":251,"play_id":"265486bc-2d0c-4dfe-9d86-176ac3066ca0","local_time":"20210112173725","is_ascension_mode":false,"campfire_choices":[{"data":"animator:DolaRiku","floor":6,"key":"SMITH"},{"data":"animator:UneriGinkaku","floor":15,"key":"SMITH"},{"floor":29,"key":"REST"}],"circlet_count":0,"master_deck":["animator:Strike_Konosuba","animator:Defend_Konosuba","animator:Strike","animator:Defend","animator:Defend","animator:Kazuma+1","animator:Aqua+1","animator:DolaRiku+1","animator:Mitsurugi","animator:Kazuma","animator:Saber","animator:Illya","animator:Kazuma","animator:Gilgamesh"],"relics":["animator:LivingPicture","animator:TheMissingPiece","animator:PurgingStone","Tiny Chest","Mercury Hourglass","Bag of Preparation","DemoMod:WeirdEgg","Philosopher\u0027s Stone","Membership Card","DemoMod:AgedBell","Dead Branch","White Beast Statue"],"acts_visited":["Exordium","TheCity"],"potions_floor_usage":[14,22],"damage_taken":[{"damage":5,"enemies":"Small Slimes","floor":1,"turns":5},{"damage":0,"enemies":"Cultist","floor":11,"turns":5},{"damage":5,"enemies":"Jaw Worm","floor":12,"turns":2},{"damage":2,"enemies":"Large Slime","floor":13,"turns":4},{"damage":0,"enemies":"3 Sentries","floor":14,"turns":6},{"damage":39,"enemies":"Slime Boss","floor":16,"turns":12},{"damage":37,"enemies":"3 Byrds","floor":18,"turns":4},{"damage":6,"enemies":"2 Thieves","floor":19,"turns":3},{"damage":6,"enemies":"3 Cultists","floor":22,"turns":4},{"damage":0,"enemies":"Centurion and Healer","floor":23,"turns":5},{"damage":23,"enemies":"Colosseum Slavers","floor":27,"turns":5},{"damage":0,"enemies":"Cultist and Chosen","floor":30,"turns":1}],"seed_played":"-3207930105878042861","potions_obtained":[{"floor":11,"key":"DemoMod:LeadSkinPotion"},{"floor":14,"key":"Ancient Potion"},{"floor":19,"key":"DuplicationPotion"}],"is_trial":false,"path_per_floor":["M","?","$","T","?","R","?","?","T","T","M","M","M","E","R","B",null,"M","M","?","$","M","M","$","T","T","?","?","R","M"],"character_chosen":"THE_ANIMATOR","items_purchased":["Membership Card","DemoMod:AgedBell"],"campfire_rested":1,"item_purchase_floors":[21,21],"current_hp_per_floor":[61,66,66,66,66,66,66,66,66,66,66,64,64,66,66,27,66,29,26,26,26,23,26,26,26,26,6,6,25,25,25],"gold":35,"neow_bonus":"UPGRADE_CARD","is_daily":false,"chose_seed":false,"campfire_upgraded":2,"win_rate":0.0,"timestamp":1610440645,"path_taken":["M","?","$","?","?","R","?","?","T","?","M","M","?","E","R","BOSS","M","M","?","$","M","M","?","?","T","?","?","R","M"],"items_purchased_type":["Relic","Relic"],"build_version":"2020-12-22","purchased_purges":2,"victory":false,"max_hp_per_floor":[66,66,66,66,66,66,66,66,66,66,66,66,66,66,66,66,66,66,66,66,66,66,66,66,66,66,66,66,66,66,66],"card_choices":[{"not_picked":["animator:Shion","animator:KrulTepes"],"picked":"animator:DolaRiku","floor":1},{"not_picked":["animator:Hakurou","animator:Mikaela"],"picked":"animator:UneriGinkaku","floor":11},{"not_picked":["animator:IrohaTamaki","animator:Sloth"],"picked":"animator:Mitsurugi","floor":12},{"not_picked":["animator:CowGirl","animator:IrohaTamaki"],"picked":"animator:Kazuma","floor":14},{"not_picked":["animator:SwordMaiden","animator:Rimuru"],"picked":"animator:Saber","floor":16},{"not_picked":["animator:Priestess+1","animator:Illya","animator:KyokoSakura+1"],"picked":"SKIP","floor":18},{"not_picked":["animator:Priestess+1","animator:KyokoSakura+1"],"picked":"animator:Illya","floor":18},{"not_picked":["animator:Benimaru","animator:Tatsumaki+1"],"picked":"animator:Kazuma","floor":19},{"not_picked":["animator:Ciel","animator:Spearman","animator:Laby"],"picked":"SKIP","floor":23}],"player_experience":427213,"relics_obtained":[{"floor":4,"key":"Tiny Chest"},{"floor":9,"key":"Mercury Hourglass"},{"floor":10,"key":"Bag of Preparation"},{"floor":14,"key":"DemoMod:WeirdEgg"},{"floor":25,"key":"Dead Branch"},{"floor":26,"key":"White Beast Statue"}],"event_choices":[{"damage_healed":5,"gold_gain":0,"player_choice":"Full Heal","damage_taken":0,"max_hp_gain":0,"max_hp_loss":0,"event_name":"Wheel of Change","floor":2,"gold_loss":0},{"damage_healed":0,"gold_gain":0,"player_choice":"Grow","damage_taken":0,"max_hp_gain":0,"max_hp_loss":0,"event_name":"Living Wall","floor":7,"gold_loss":0,"cards_upgraded":["animator:Aqua"]},{"cards_removed":["animator:Defend"],"damage_healed":0,"gold_gain":0,"player_choice":"Purged","damage_taken":0,"max_hp_gain":0,"max_hp_loss":0,"event_name":"Purifier","floor":8,"gold_loss":0},{"cards_removed":["animator:UneriGinkaku"],"damage_healed":0,"gold_gain":0,"player_choice":"Purged","damage_taken":0,"max_hp_gain":0,"max_hp_loss":0,"event_name":"Purifier","floor":20,"gold_loss":0},{"damage_healed":0,"gold_gain":0,"player_choice":"Fight","damage_taken":0,"max_hp_gain":0,"max_hp_loss":0,"event_name":"Colosseum","floor":27,"gold_loss":0},{"damage_healed":0,"gold_gain":0,"player_choice":"Fled From Nobs","damage_taken":0,"max_hp_gain":0,"max_hp_loss":0,"event_name":"Colosseum","floor":27,"gold_loss":0},{"damage_healed":0,"gold_gain":0,"player_choice":"Read","damage_taken":0,"max_hp_gain":0,"max_hp_loss":0,"event_name":"The Library","floor":28,"gold_loss":0,"cards_obtained":["animator:Gilgamesh"]}],"is_beta":false,"boss_relics":[{"not_picked":["SlaversCollar","Runic Dome"],"picked":"Philosopher\u0027s Stone"}],"items_purged_floors":[3,21],"is_endless":false,"potions_floor_spawned":[11,14,19,27],"killed_by":"Cultist and Chosen","ascension_level":0}}