{"host":"o5or1zybx7au40zl","time":1610455443,"event":{"mods":["Act Like it!","Aspiration","BaseMod","Better Third Choice","Conspire","Dota2Spire","GungeonMod","Halation","Hubris","Minty Spire (QoL Compilation)","Replay The Spire","StSLib","The Jungle","Yuri Mod","vexMod"],"gold_per_floor":[110,128,178,190,209,238,238,266,266,266,285,285,286,331,331,444,444,529,34,54,54,19,22,22],"floor_reached":23,"playtime":768,"items_purged":["ReplayTheSpireMod:Restless Dread"],"score":326,"play_id":"0ef5f829-17d5-4e08-bb21-f554f0231fd6","local_time":"20210112134403","is_ascension_mode":false,"campfire_choices":[{"floor":10,"key":"REST"},{"floor":15,"key":"REST"}],"circlet_count":0,"master_deck":["DemoMod:Strike_Huntress","DemoMod:Strike_Huntress","DemoMod:Defend_Huntress","DemoMod:Defend_Huntress","DemoMod:Roll","DemoMod:ManualReload","DemoMod:CrossBow","DemoMod:DirectionalPad","DemoMod:DirectionalPad","Hallucinations","DemoMod:JK47","DemoMod:TripleGun","DemoMod:FinishedGun","Backflip","ReplayTheSpireMod:Exploit Weakness","ReplayTheSpireMod:From All Sides","DemoMod:Elimentaler","DemoMod:GunstockTap+1","DemoMod:ZorGun","Shame","Injury","Shame","DemoMod:ShadowBullets","DemoMod:PotionOfGunFriendShip","DemoMod:PotionOfGunFriendShip","hubris:Greed"],"relics":["DemoMod:Dog","aspiration:ChemicalBlood","Ring of Greed","Replay:Wax Seal","halation:IllGainedPizza","Replay:Bottled Flurry","Dota2Spire:Desolator","Replay:Ringing Soul","halation:SmartPhone","HornCleat","Replay:Bottled Snecko","DemoMod:GlassGuonStoneRelic","theJungle:SneckoAutograph","DemoMod:WhiteGuonStone","ReplayTheSpireMod:CursedCoin"],"acts_visited":["Exordium","Exordium"],"potions_floor_usage":[6,16,18,23,23,23],"damage_taken":[{"damage":8,"enemies":"Cultist","floor":1,"turns":5},{"damage":1,"enemies":"Small Slimes","floor":2,"turns":3},{"damage":6,"enemies":"Jaw Worm","floor":4,"turns":3},{"damage":0,"enemies":"Looter","floor":5,"turns":3},{"damage":23,"enemies":"Lagavulin","floor":6,"turns":7},{"damage":14,"enemies":"Gremlin Nob","floor":8,"turns":3},{"damage":0,"enemies":"Large Slime","floor":11,"turns":1},{"damage":0,"enemies":"2 Fungi Beasts","floor":14,"turns":2},{"damage":17,"enemies":"Hexaghost","floor":16,"turns":9},{"damage":23,"enemies":"theJungle:5_Spyders","floor":18,"turns":9},{"damage":3,"enemies":"theJungle:MUSHROOMGANG","floor":20,"turns":3},{"damage":24,"enemies":"theJungle:2_Phrogs","floor":23,"turns":3}],"seed_played":"4396973736022408041","potions_obtained":[{"floor":1,"key":"Reflective Coating"},{"floor":4,"key":"LifebloodPotion"},{"floor":5,"key":"Dota2Spire:HealingSalve"},{"floor":23,"key":"SkillPotion"}],"is_trial":false,"path_per_floor":["M","M","?","M","M","E","?","E","T","R","M","?","?","M","R","B",null,"M","$","M","?","$","E"],"character_chosen":"HUNTRESS","items_purchased":["HornCleat","Replay:Bottled Snecko","ReplayTheSpireMod:CursedCoin","DemoMod:ShadowBullets","DemoMod:PotionOfGunFriendShip"],"campfire_rested":2,"item_purchase_floors":[19,19,22,22,22],"current_hp_per_floor":[62,61,61,55,55,32,32,18,18,39,39,39,32,32,53,39,73,46,46,46,41,20,0,0],"gold":22,"neow_bonus":"RANDOM_COMMON_RELIC","is_daily":false,"chose_seed":false,"campfire_upgraded":0,"win_rate":0.0,"timestamp":1610455443,"path_taken":["M","M","?","M","M","E","?","E","T","R","?","?","?","M","R","BOSS","M","$","M","?","$","E"],"items_purchased_type":["Relic","Relic","Relic","Card","Card"],"build_version":"2020-12-22","purchased_purges":1,"victory":false,"max_hp_per_floor":[70,70,70,70,70,70,70,70,70,70,70,70,70,70,70,73,73,76,76,79,82,85,88,88],"card_choices":[{"not_picked":["DemoMod:HardPowerCard","DemoMod:BattleInHaste"],"picked":"DemoMod:DirectionalPad","floor":1},{"not_picked":["DemoMod:SpreadAmmo","DemoMod:PracticeMakesPerfect"],"picked":"DemoMod:DirectionalPad","floor":2},{"not_picked":["DemoMod:CursedBullets","DemoMod:PotionOfGunFriendShip"],"picked":"DemoMod:JK47","floor":4},{"not_picked":["DemoMod:HardPowerCard","DemoMod:HungryBullets","DemoMod:TableSutra"],"picked":"SKIP","floor":4},{"not_picked":["DemoMod:Casey","DemoMod:GunShield"],"picked":"DemoMod:TripleGun","floor":5},{"not_picked":["DemoMod:HighKaliber","DemoMod:CombinedRifle"],"picked":"DemoMod:FinishedGun","floor":6},{"not_picked":["DemoMod:SAA","DemoMod:DirectionalPad","DemoMod:Casey"],"picked":"SKIP","floor":8},{"not_picked":["DemoMod:BoxingGlove","DemoMod:AC15","DemoMod:Ejector"],"picked":"SKIP","floor":11},{"not_picked":["DemoMod:MachoBrace","DemoMod:GunstockTap","DemoMod:AC15"],"picked":"SKIP","floor":14},{"not_picked":["DemoMod:ThirdPartyController","DemoMod:Eureka"],"picked":"DemoMod:Elimentaler","floor":16},{"not_picked":["DemoMod:PracticeMakesPerfect+1","DemoMod:LifeOrb"],"picked":"DemoMod:GunstockTap+1","floor":18},{"not_picked":["DemoMod:Camera+1","DemoMod:BattleInHaste"],"picked":"DemoMod:ZorGun","floor":20}],"player_experience":954609,"relics_obtained":[{"floor":3,"key":"Ring of Greed"},{"floor":3,"key":"Replay:Wax Seal"},{"floor":3,"key":"halation:IllGainedPizza"},{"floor":6,"key":"Replay:Bottled Flurry"},{"floor":8,"key":"Dota2Spire:Desolator"},{"floor":9,"key":"Replay:Ringing Soul"}],"event_choices":[{"cards_removed":["Replay:Hysterical Blindness"],"damage_healed":0,"gold_gain":0,"player_choice":"Card Removal","damage_taken":7,"max_hp_gain":0,"max_hp_loss":0,"event_name":"Golden Wing","floor":13,"gold_loss":0}],"is_beta":false,"boss_relics":[{"not_picked":["DemoMod:ElasticCartridgeClip","Replay:Ancient Bell"],"picked":"halation:SmartPhone"}],"items_purged_floors":[22],"is_endless":false,"potions_floor_spawned":[1,4,5,8,11,20],"killed_by":"theJungle:2_Phrogs","ascension_level":0}}