{"host":"e5u7qs1emxzejr12","time":1610466178,"event":{"mods":["2.2 Compatiblity","Act Like it!","Arknights The Spire","BaseMod","CapriCore","Card Forge","Custom Start","Highlight Path","Luminous","Marisa£¨ìFÓê¡¡Ä§ÀíÉ³£©","Minty Spire (QoL Compilation)","Quick Restart","Replay The Spire","StSLib","SuperFastMode","Td1madao Mod","The Alterego","The Immortal","The Servant 0.9.4","UnlockEverythingMod","¡¾ÒÅÎï¿¨ÅÆ¡¿REMEMod","óô»ðÖ¸ÄÏ"],"gold_per_floor":[432,432,480,480,480,555,585,669,669,669,750,885,1008,745,488,740,740,803,803,853,568,568,667,811,916,916,1012,1060,1060,1162,1237,382,619,619,676,841,934,393,453,570,570,675,675,792,534,663,765,765,843,867,891,891,891,733,829,868],"floor_reached":57,"playtime":3198,"items_purged":[],"score":4412,"play_id":"bffed211-b924-444f-b29d-e1df27803dd5","local_time":"20210112234258","daily_mods":["Specialized","Heirloom","Flight","DeadlyEvents","Elite Swarm","Midas"],"is_ascension_mode":true,"campfire_choices":[{"floor":10.0,"key":"REST"},{"floor":29.0,"key":"RECALL"},{"floor":53,"key":"DIG"}],"circlet_count":1,"master_deck":["AscendersBane","Zap+1","Dualcast+1","ReplayTheSpireMod:Calculation Training+1","ReplayTheSpireMod:Calculation Training+1","ReplayTheSpireMod:Calculation Training+1","ReplayTheSpireMod:Calculation Training+1","REME_MagicPocketWatch+1","Coolheaded+1","Pot Of Greed+1","Pot Of Greed+1","Buffer+1","All For One+1","Madness+1","Pot Of Greed+1","Storm+1","Creative AI+1","REME_ForAll+1","ReplayRNGCard+1","REME_ShortnessOfBreath+1","Violence+1","ReplayTheSpireMod:Calculation Training+1","Pot Of Greed+1","REME_ForAll+1","REME_Shoggoth+1","Madness+1","Seek+1"],"relics":["Cracked Core","Hammer of Thor","Seething Fire","Anvil of the Gods","Ring of Chaos","REME_ComplimentaryCards","Old Coin","Grinning Jar","Lizard Tail","ReplayFunnel","REME_ArchaeologicalTools","Bottled Flame","Symbiotic Virus","Bag of Preparation","REME_CardOfGreed","Replay:Grab Bag","Coffee Dripper","Sozu","Inserter","alterego_mod:FleetingLove","Bottled Lightning","ReplayTheSpireMod:Ring of Exchange","Ring of Fury","Happy Flower","Girya","Strawberry","Circlet","Replay:PocketPolymizer","Omamori","Emotion Chip","SlaversCollar","Replay:Kaleidoscope","Carrot","Regal Pillow","Dream Catcher","Pocketwatch","Singing Bowl","Runic Capacitor","Replay:Multitool","Turnip","Durian","Solar Panel","Boot","Golden Egg"],"acts_visited":["Exordium","TheCity","TheBeyond","TheEnding"],"potions_floor_usage":[],"damage_taken":[{"damage":0.0,"enemies":"2 Louse","floor":1.0,"turns":3.0},{"damage":6.0,"enemies":"Cultist","floor":3.0,"turns":3.0},{"damage":39.0,"enemies":"3 Sentries","floor":6.0,"turns":17.0},{"damage":0.0,"enemies":"Jaw Worm","floor":7.0,"turns":3.0},{"damage":13.0,"enemies":"Lagavulin","floor":8.0,"turns":5.0},{"damage":0.0,"enemies":"Gremlin Nob","floor":11.0,"turns":4.0},{"damage":0.0,"enemies":"Lagavulin","floor":12.0,"turns":3.0},{"damage":0.0,"enemies":"Gremlin Nob","floor":13.0,"turns":4.0},{"damage":0.0,"enemies":"The Guardian","floor":16.0,"turns":3.0},{"damage":0.0,"enemies":"2 Thieves","floor":18.0,"turns":1.0},{"damage":11.0,"enemies":"Gremlin Leader","floor":23.0,"turns":3.0},{"damage":0.0,"enemies":"Replay:Snechameleon","floor":24.0,"turns":3.0},{"damage":0.0,"enemies":"Gremlin Leader","floor":25.0,"turns":1.0},{"damage":0.0,"enemies":"Replay:Snechameleon","floor":27.0,"turns":1.0},{"damage":0.0,"enemies":"Spheric Guardian","floor":28.0,"turns":1.0},{"damage":0.0,"enemies":"Gremlin Leader","floor":30.0,"turns":1.0},{"damage":6.0,"enemies":"Shelled Parasite and Fungi","floor":31.0,"turns":2.0},{"damage":0.0,"enemies":"Automaton","floor":33.0,"turns":2.0},{"damage":0.0,"enemies":"3 Shapes","floor":35.0,"turns":1.0},{"damage":0.0,"enemies":"Reptomancer","floor":37.0,"turns":1.0},{"damage":0.0,"enemies":"Orb Walker","floor":39.0,"turns":1.0},{"damage":0.0,"enemies":"R_Hoarder","floor":40.0,"turns":3.0},{"damage":0.0,"enemies":"Nemesis","floor":42.0,"turns":1.0},{"damage":0.0,"enemies":"Reptomancer","floor":44.0,"turns":1.0},{"damage":0,"enemies":"R_Hoarder","floor":46,"turns":2},{"damage":0,"enemies":"Reptomancer","floor":47,"turns":2},{"damage":0,"enemies":"Mind Bloom Boss Battle","floor":49,"turns":1},{"damage":0,"enemies":"Donu and Deca","floor":50,"turns":2},{"damage":6,"enemies":"Time Eater","floor":51,"turns":5},{"damage":0,"enemies":"Shield and Spear","floor":55,"turns":1},{"damage":6,"enemies":"The Heart","floor":56,"turns":5}],"seed_played":"4380684297437754696","potions_obtained":[{"floor":1.0,"key":"FocusPotion"},{"floor":2.0,"key":"Regen Potion"},{"floor":2.0,"key":"Flashbang"},{"floor":7.0,"key":"ColorlessPotion"}],"is_trial":true,"path_per_floor":["M","?","M","?","?","E","M","E","T","R","E","E","E","$","R","B",null,"M","?","?","$","?","E","E","E","T","E","M","R","E","M","R","B",null,"M","?","E","$","M","E","R","E","T","E","R","E","E","?","R","B","B",null,"R","$","E","B",null],"character_chosen":"DEFECT","items_purchased":["Bag of Preparation","Madness","REME_CardOfGreed","Storm","Bottled Lightning","Omamori","Capacitor","REME_ShortnessOfBreath","Violence","Emotion Chip","Carrot","Regal Pillow","Deep Breath","Runic Capacitor","Madness","Boot"],"campfire_rested":1,"item_purchase_floors":[14,14,15,15,21,32,32,32,32,32,38,38,38,45,45,54],"current_hp_per_floor":[64,64,58,58,58,34,34,21,21,42,42,42,42,42,42,42,64,64,64,64,64,64,53,53,53,53,60,60,60,60,54,54,54,72,72,72,72,72,72,72,72,72,72,72,72,74,74,74,81,81,75,84,84,84,89,89],"gold":868,"neow_bonus":"","is_daily":false,"chose_seed":false,"campfire_upgraded":0,"win_rate":0.0,"timestamp":1610466178,"path_taken":["M","?","?","?","?","E","?","?","T","R","E","E","E","$","R","BOSS","M","?","?","$","?","E","E","E","T","E","?","R","E","M","R","BOSS","M","?","?","$","?","E","R","E","T","E","R","E","E","?","R","BOSS","BOSS","R","$","E","BOSS"],"items_purchased_type":["Relic","Card","Relic","Card","Relic","Relic","Card","Card","Card","Relic","Relic","Relic","Card","Relic","Card","Relic"],"build_version":"2020-12-22","purchased_purges":0,"victory":true,"max_hp_per_floor":[71,71,71,71,71,71,71,71,71,71,71,71,71,71,71,71,71,71,71,71,71,71,71,71,71,71,78,78,78,78,78,78,78,78,78,78,78,78,78,78,78,78,78,78,78,80,80,80,87,87,87,87,87,87,89,89],"card_choices":[{"not_picked":["Go for the Eyes","Hologram"],"picked":"FIFO Queue","floor":1.0},{"not_picked":["Redo","BasicCrystalCard"],"picked":"Coolheaded","floor":3.0},{"not_picked":["ReplayTheSpireMod:Omega Cannon","Meteor Strike"],"picked":"Thunder Strike","floor":6.0},{"not_picked":["Aggregate","Capacitor","Beam Cell"],"picked":"SKIP","floor":7.0},{"not_picked":["Hyperbeam","Echo Form"],"picked":"Buffer","floor":8.0},{"not_picked":["Core Surge","Amplify"],"picked":"All For One","floor":11.0},{"not_picked":["Core Surge","Reboot"],"picked":"Machine Learning","floor":12.0},{"not_picked":["Reboot","Thunder Strike"],"picked":"REME_Shoggoth","floor":13.0},{"not_picked":["Core Surge","Hyperbeam"],"picked":"All For One","floor":16.0},{"not_picked":["BootSequence+1","Steam"],"picked":"Crystallizer","floor":18.0},{"not_picked":["Reboot","All For One"],"picked":"Creative AI","floor":23.0},{"not_picked":["Electrodynamics","Amplify"],"picked":"REME_ForAll","floor":24.0},{"not_picked":["Mirror Shield","Multi-Cast","Biased Cognition"],"picked":"SKIP","floor":25.0},{"not_picked":["Thunder Strike","ReplayTheSpireMod:Omega Cannon","Meteor Strike"],"picked":"SKIP","floor":27.0},{"not_picked":["Beam Cell","Barrage","Reprogram"],"picked":"SKIP","floor":28.0},{"not_picked":["Reboot","Biased Cognition"],"picked":"ReplayRNGCard","floor":30.0},{"not_picked":["Crystallizer","Barrage","Loop"],"picked":"SKIP","floor":31.0},{"not_picked":["Go for the Eyes+1","Panic Button+1","Loop"],"picked":"SKIP","floor":35.0},{"not_picked":["Conserve Battery","Rebound"],"picked":"ReplayTheSpireMod:Calculation Training","floor":36.0},{"not_picked":["Reboot","Mirror Shield","Rainbow"],"picked":"SKIP","floor":37.0},{"not_picked":["Turbo","Recycle+1","Gash"],"picked":"SKIP","floor":39.0},{"not_picked":["All For One","Thunder Strike"],"picked":"REME_ForAll","floor":40.0},{"not_picked":["REME_ForAll","Core Surge","Buffer"],"picked":"SKIP","floor":42.0},{"not_picked":["Fission","Reboot"],"picked":"REME_Shoggoth","floor":44.0},{"not_picked":["Meteor Strike","Rainbow","REME_ForAll"],"picked":"Singing Bowl","floor":46},{"not_picked":["REME_Shoggoth","Thunder Strike"],"picked":"Seek","floor":47},{"not_picked":["Steam","Compile Driver","Cold Snap"],"picked":"Singing Bowl","floor":49},{"not_picked":["REME_Shoggoth","Buffer","Mirror Shield"],"picked":"Singing Bowl","floor":55}],"player_experience":70985,"relics_obtained":[{"floor":6.0,"key":"Grinning Jar"},{"floor":8.0,"key":"Lizard Tail"},{"floor":9.0,"key":"ReplayFunnel"},{"floor":11.0,"key":"REME_ArchaeologicalTools"},{"floor":12.0,"key":"Bottled Flame"},{"floor":13.0,"key":"Symbiotic Virus"},{"floor":22.0,"key":"ReplayTheSpireMod:Ring of Exchange"},{"floor":22.0,"key":"Ring of Fury"},{"floor":23.0,"key":"Dead Branch"},{"floor":24.0,"key":"Happy Flower"},{"floor":25.0,"key":"Girya"},{"floor":27.0,"key":"Strawberry"},{"floor":30.0,"key":"Replay:PocketPolymizer"},{"floor":37.0,"key":"Replay:Kaleidoscope"},{"floor":40.0,"key":"Dream Catcher"},{"floor":42.0,"key":"Pocketwatch"},{"floor":43.0,"key":"Singing Bowl"},{"floor":46,"key":"Replay:Multitool"},{"floor":47,"key":"Turnip"},{"floor":49,"key":"Durian"},{"floor":53,"key":"Solar Panel"},{"floor":55,"key":"Golden Egg"}],"event_choices":[{"damage_healed":0.0,"max_hp_gain":0.0,"max_hp_loss":0.0,"gold_gain":0.0,"event_name":"Lab","player_choice":"Got Potions","floor":2.0,"gold_loss":0.0,"damage_taken":0.0},{"damage_healed":0.0,"max_hp_gain":0.0,"max_hp_loss":0.0,"gold_gain":0.0,"cards_transformed":["Strike_B"],"event_name":"Living Wall","player_choice":"Change","floor":4.0,"gold_loss":0.0,"damage_taken":0.0,"cards_obtained":["ReplayTheSpireMod:GoodbyeWorld"]},{"damage_healed":0.0,"max_hp_gain":0.0,"max_hp_loss":0.0,"gold_gain":0.0,"event_name":"°®µÄÉñÊ¥»¨Ô°","player_choice":"Choice 1","floor":19.0,"gold_loss":0.0,"damage_taken":0.0,"relics_obtained":["alterego_mod:FleetingLove"]},{"damage_healed":0.0,"max_hp_gain":0.0,"max_hp_loss":0.0,"gold_gain":50.0,"event_name":"Nest","player_choice":"Stole From Cult","floor":20.0,"gold_loss":0.0,"damage_taken":0.0},{"cards_removed":["Deep Breath"],"damage_healed":0,"gold_gain":0,"player_choice":"Removed Skill","damage_taken":0,"max_hp_gain":0,"max_hp_loss":0,"event_name":"Falling","floor":48,"gold_loss":0},{"damage_healed":0,"gold_gain":0,"player_choice":"Fight","damage_taken":0,"max_hp_gain":0,"max_hp_loss":0,"event_name":"MindBloom","floor":49,"gold_loss":0}],"is_beta":false,"boss_relics":[{"not_picked":["Black Star","REME_LowDesire"],"picked":"Replay:Grab Bag"},{"not_picked":["Cursed Key","Busted Crown"],"picked":"Coffee Dripper"},{"not_picked":["Runic Dome","Philosopher\u0027s Stone"],"picked":"Sozu"},{"not_picked":["Empty Cage","Honey Jar"],"picked":"Inserter"},{"not_picked":["ClockworkSouvenir","Lee\u0027s Waffle"],"picked":"SlaversCollar"}],"items_purged_floors":[],"is_endless":false,"potions_floor_spawned":[1,7,12,16,23,27,30,31,33,35,44,47,49],"ascension_level":20}}