{"host":"363c1o4m0ew2jbar","time":1610420374,"event":{"mods":["AchievementEnabler","BaseMod","Better Note","Downfall","Hubris","Minty Spire (QoL Compilation)","Spicy Shops","StSLib"],"gold_per_floor":[99,99,99,99,99,99,99,99,99,99,99,99,99,99,99,99,99,99,99,99,99,99,99,99,99,99,99,99,99,24,24,24,24,24],"floor_reached":33,"playtime":1195,"items_purged":["Strike_G"],"score":265,"play_id":"ab09a62d-bfa8-4f98-aaa2-6e4d73e92158","local_time":"20210111165934","is_ascension_mode":false,"campfire_choices":[{"floor":12,"key":"REST"},{"floor":15,"key":"REST"},{"floor":23,"key":"REST"},{"floor":25,"key":"REST"},{"data":"expansioncontent:CaCaw","floor":27,"key":"SMITH"},{"floor":32,"key":"REST"}],"circlet_count":0,"master_deck":["Strike_G","Strike_G","Strike_G","Defend_G","Defend_G","Defend_G","Defend_G","Defend_G","Survivor","Neutralize","Terror+1","Poisoned Stab","Cloak And Dagger","Blade Dance","Infinite Blades","expansioncontent:CaCaw+1","Blur"],"relics":["Ectoplasm","Centennial Puzzle","PreservedInsect","Omamori","Singing Bowl","Black Star","Art of War"],"acts_visited":["Exordium","TheCity"],"potions_floor_usage":[6,6,24,28],"damage_taken":[{"damage":0,"enemies":"Jaw Worm","floor":1,"turns":4},{"damage":0,"enemies":"Cultist","floor":2,"turns":3},{"damage":4,"enemies":"2 Louse","floor":4,"turns":2},{"damage":0,"enemies":"2 Fungi Beasts","floor":5,"turns":3},{"damage":14,"enemies":"3 Sentries","floor":6,"turns":9},{"damage":8,"enemies":"Lots of Slimes","floor":7,"turns":4},{"damage":7,"enemies":"Blue Slaver","floor":8,"turns":3},{"damage":8,"enemies":"Gremlin Nob","floor":10,"turns":3},{"damage":14,"enemies":"Exordium Thugs","floor":11,"turns":3},{"damage":7,"enemies":"Exordium Wildlife","floor":14,"turns":3},{"damage":35,"enemies":"The Guardian","floor":16,"turns":13},{"damage":0,"enemies":"3 Byrds","floor":18,"turns":7},{"damage":30,"enemies":"Spheric Guardian","floor":21,"turns":6},{"damage":4,"enemies":"Centurion and Healer","floor":22,"turns":6},{"damage":22,"enemies":"Cultist and Chosen","floor":24,"turns":6},{"damage":16,"enemies":"3 Cultists","floor":28,"turns":5},{"damage":14,"enemies":"Centurion and Healer","floor":29,"turns":5},{"damage":26,"enemies":"Snake Plant","floor":31,"turns":6},{"damage":33,"enemies":"Automaton","floor":33,"turns":4}],"seed_played":"-6104367056934717349","potions_obtained":[{"floor":2,"key":"AttackPotion"},{"floor":5,"key":"PowerPotion"},{"floor":6,"key":"sneckomod:MuddlingPotion"},{"floor":11,"key":"SneckoOil"},{"floor":18,"key":"Explosive Potion"},{"floor":22,"key":"Fire Potion"},{"floor":31,"key":"CunningPotion"}],"is_trial":false,"path_per_floor":["M","M","?","M","M","E","M","M","T","E","M","R","T","M","R","B",null,"M","?","?","M","M","R","M","R","T","R","M","M","$","M","R","B"],"character_chosen":"THE_SILENT","items_purchased":[],"campfire_rested":5,"item_purchase_floors":[],"current_hp_per_floor":[70,70,70,66,66,52,44,37,37,29,15,36,36,31,52,19,74,74,62,62,34,32,55,33,56,56,56,42,30,30,6,31,0,0],"gold":24,"neow_bonus":"BOSS_RELIC","is_daily":false,"chose_seed":false,"campfire_upgraded":1,"win_rate":0.0,"timestamp":1610420374,"path_taken":["M","M","?","?","M","E","M","M","T","E","M","R","?","M","R","BOSS","M","?","?","M","M","R","?","R","T","R","M","M","?","M","R","BOSS"],"items_purchased_type":[],"build_version":"2020-12-22","purchased_purges":1,"victory":false,"max_hp_per_floor":[70,70,70,70,70,70,70,70,70,70,70,70,70,72,72,74,74,74,74,74,76,78,78,78,78,78,78,80,82,82,84,84,84,84],"card_choices":[{"not_picked":["Flying Knee","Bane"],"picked":"Terror","floor":1},{"not_picked":["Underhanded Strike","Backflip"],"picked":"Poisoned Stab","floor":2},{"not_picked":["Setup","Riddle With Holes"],"picked":"Cloak And Dagger","floor":4},{"not_picked":["Underhanded Strike","Dagger Spray","PiercingWail"],"picked":"SKIP","floor":5},{"not_picked":["Underhanded Strike","Acrobatics","Sucker Punch"],"picked":"SKIP","floor":6},{"not_picked":["Acrobatics","Masterful Stab","Underhanded Strike"],"picked":"SKIP","floor":7},{"not_picked":["Finisher","hubris:Sniper","Quick Slash"],"picked":"SKIP","floor":8},{"not_picked":["Prepared","Endless Agony"],"picked":"Blade Dance","floor":10},{"not_picked":["Underhanded Strike","Acrobatics","Concentrate"],"picked":"SKIP","floor":11},{"not_picked":["hubris:TrickCloak","Doppelganger","Heel Hook"],"picked":"Singing Bowl","floor":14},{"not_picked":["Malaise","Doppelganger","Unload"],"picked":"Singing Bowl","floor":16},{"not_picked":["PiercingWail","Bouncing Flask+1"],"picked":"Infinite Blades","floor":18},{"not_picked":["Bane","Sucker Punch","Deflect"],"picked":"Singing Bowl","floor":21},{"not_picked":["Riddle With Holes","hubris:SlightOfHand+1","Dodge and Roll"],"picked":"Singing Bowl","floor":22},{"not_picked":["Poisoned Stab","Leg Sweep+1"],"picked":"Blur","floor":24},{"not_picked":["Bane+1","Reflex","Catalyst+1"],"picked":"Singing Bowl","floor":28},{"not_picked":["Poisoned Stab","Dodge and Roll","Deadly Poison"],"picked":"Singing Bowl","floor":29},{"not_picked":["hubris:TrickCloak","Backflip+1","Tactician"],"picked":"Singing Bowl","floor":31}],"player_experience":1189395,"relics_obtained":[{"floor":6,"key":"Centennial Puzzle"},{"floor":9,"key":"PreservedInsect"},{"floor":10,"key":"Omamori"},{"floor":13,"key":"Singing Bowl"},{"floor":26,"key":"Art of War"}],"event_choices":[{"damage_healed":0,"gold_gain":0,"player_choice":"Forge","damage_taken":0,"max_hp_gain":0,"max_hp_loss":0,"event_name":"Accursed Blacksmith","floor":3,"gold_loss":0,"cards_upgraded":["Terror"]},{"damage_healed":0,"gold_gain":0,"player_choice":"CARD ","damage_taken":12,"max_hp_gain":0,"max_hp_loss":0,"event_name":"Knowing Skull","floor":19,"potions_obtained":[],"gold_loss":0,"cards_obtained":["expansioncontent:CaCaw"]},{"cards_removed":["Strike_G"],"damage_healed":0,"gold_gain":0,"player_choice":"Purged","damage_taken":0,"max_hp_gain":0,"max_hp_loss":0,"event_name":"Purifier","floor":20,"gold_loss":0}],"is_beta":false,"boss_relics":[{"not_picked":["Fusion Hammer","Sozu"],"picked":"Black Star"}],"items_purged_floors":[30],"is_endless":false,"potions_floor_spawned":[2,5,6,11,18,21,22,31],"killed_by":"Automaton","ascension_level":0}}