{"host":"i7jfea87xc8lz16p","time":1610453626,"event":{"mods":["AchievementEnabler","BaseMod","Colored Powertips","Minty Spire (QoL Compilation)","Relic Stats"],"gold_per_floor":[110,120,120,135,7,36,36,46,92,109,109,109],"floor_reached":11,"playtime":448,"items_purged":["Strike_G"],"score":150,"play_id":"60ef9f01-e87f-4bba-97ec-1ff7b658648a","local_time":"20210112131346","is_ascension_mode":true,"campfire_choices":[{"floor":7,"key":"REST"}],"circlet_count":0,"master_deck":["AscendersBane","Strike_G","Strike_G","Strike_G","Defend_G","Defend_G","Defend_G","Defend_G","Defend_G","Survivor","Neutralize","Crippling Poison","Deadly Poison","Poisoned Stab","Dagger Throw","Crippling Poison"],"relics":["SacredBark","Mercury Hourglass","Bag of Preparation"],"acts_visited":["Exordium"],"potions_floor_usage":[6,11],"damage_taken":[{"damage":0,"enemies":"2 Louse","floor":1,"turns":5},{"damage":0,"enemies":"Jaw Worm","floor":2,"turns":5},{"damage":5,"enemies":"Cultist","floor":4,"turns":6},{"damage":46,"enemies":"Gremlin Nob","floor":6,"turns":6},{"damage":7,"enemies":"Blue Slaver","floor":8,"turns":3},{"damage":4,"enemies":"Lots of Slimes","floor":10,"turns":2},{"damage":9,"enemies":"3 Sentries","floor":11,"turns":4}],"seed_played":"5009906865751601973","potions_obtained":[{"floor":1,"key":"ColorlessPotion"},{"floor":2,"key":"Fire Potion"}],"is_trial":false,"path_per_floor":["M","M","?","M","$","E","R","M","T","M","E"],"character_chosen":"THE_SILENT","items_purchased":["Poison Potion"],"campfire_rested":1,"item_purchase_floors":[5],"current_hp_per_floor":[59,59,52,47,47,1,20,13,13,9,0,0],"gold":109,"neow_bonus":"BOSS_RELIC","is_daily":false,"chose_seed":false,"campfire_upgraded":0,"win_rate":0.0,"timestamp":1610453626,"path_taken":["M","M","?","M","$","E","R","M","T","M","E"],"items_purchased_type":["Potion"],"build_version":"2020-12-22","purchased_purges":1,"victory":false,"max_hp_per_floor":[66,66,66,66,66,66,66,66,66,66,66,66],"relic_stats":{"counters":[7,31],"Bag of Preparation":[4],"obtain_stats":[{"SacredBark":0,"Bag of Preparation":9,"Ring of the Snake":0,"Mercury Hourglass":6},{"SacredBark":0,"Bag of Preparation":5,"Ring of the Snake":0,"Mercury Hourglass":4},{"SacredBark":0,"Bag of Preparation":25,"Ring of the Snake":0,"Mercury Hourglass":22}],"Mercury Hourglass":[69]},"card_choices":[{"not_picked":["Well Laid Plans","Eviscerate"],"picked":"Crippling Poison","floor":1},{"not_picked":["Cloak And Dagger","Backflip","Acrobatics"],"picked":"SKIP","floor":2},{"not_picked":["Backflip","Blade Dance"],"picked":"Deadly Poison","floor":4},{"not_picked":["Backflip","Bane"],"picked":"Poisoned Stab","floor":6},{"not_picked":["Outmaneuver","Backstab"],"picked":"Dagger Throw","floor":8},{"not_picked":["Underhanded Strike","Outmaneuver"],"picked":"Crippling Poison","floor":10}],"player_experience":1756012,"relics_obtained":[{"floor":6,"key":"Mercury Hourglass"},{"floor":9,"key":"Bag of Preparation"}],"event_choices":[{"cards_removed":["Strike_G"],"damage_healed":0,"gold_gain":0,"player_choice":"Card Removal","damage_taken":7,"max_hp_gain":0,"max_hp_loss":0,"event_name":"Golden Wing","floor":3,"gold_loss":0}],"is_beta":false,"boss_relics":[],"items_purged_floors":[5],"is_endless":false,"potions_floor_spawned":[1,2],"killed_by":"3 Sentries","ascension_level":20}}