{"host":"on8rz1ayhhz269sg","time":1610448132,"event":{"mods":["BaseMod","Minty Spire (QoL Compilation)","StSLib","The Blackbeard","The Construct","The Cursed","≤–¡Ù÷ÆŒÔ"],"gold_per_floor":[109,12,22,35,35,35,60,73,73,91,117,133,152,43,43,142,142,162,182,182,182,2,2,22,34,57,68,94,111,124,157,157,259,259,279,279,293,306,360,360,406,406,459,0,0,12,12,24,24,24],"floor_reached":51,"playtime":4571,"items_purged":[],"score":728,"play_id":"482646ab-3c5a-4010-a650-1b2ca7d13fbd","local_time":"20210112184212","is_ascension_mode":false,"campfire_choices":[{"data":"PlaceholderMod:Crystal","floor":6.0,"key":"SMITH"},{"floor":15.0,"key":"REST"},{"data":"PlaceholderMod:Crystallization","floor":23.0,"key":"SMITH"},{"floor":32.0,"key":"REST"},{"data":"PlaceholderMod:QualitativeChange","floor":40,"key":"SMITH"},{"data":"PlaceholderMod:BlastSpray","floor":42,"key":"SMITH"},{"data":"PlaceholderMod:MultiReaction","floor":49,"key":"SMITH"}],"circlet_count":0,"master_deck":["PlaceholderMod:BaseStrike","PlaceholderMod:BaseStrike","PlaceholderMod:BaseStrike","PlaceholderMod:BaseStrike","PlaceholderMod:BaseDefend","PlaceholderMod:BaseDefend","PlaceholderMod:BaseDefend","PlaceholderMod:BaseDefend+1","PlaceholderMod:BaseDefend","PlaceholderMod:Crystal+1","PlaceholderMod:PoisonWhip","PlaceholderMod:ProliferateStrike","PlaceholderMod:HardStrike","PlaceholderMod:SelectReaction","PlaceholderMod:CycleAttack","PlaceholderMod:Crystallization+1","PlaceholderMod:QualitativeChange+1","PlaceholderMod:Sweep","PlaceholderMod:Internalization","PlaceholderMod:HardStrike","PlaceholderMod:CrystallizationStrike","PlaceholderMod:HardStinger","PlaceholderMod:RadicalHit","PlaceholderMod:ThreeBenzyolStart","PlaceholderMod:MultiReaction+1","PlaceholderMod:SprayAttack+1","PlaceholderMod:Internalization+1","PlaceholderMod:Crystallization+1","PlaceholderMod:ParasiteChange+1","PlaceholderMod:Assimilation","PlaceholderMod:HealingAttack","PlaceholderMod:RadicalHit","PlaceholderMod:ComplexForm","PlaceholderMod:ChainPoly","PlaceholderMod:DiffusionChemical+1","PlaceholderMod:BlastSpray+1","CurseOfTheBell","PlaceholderMod:SpinBlade+1","PlaceholderMod:Crystallization+1","Parasite","PlaceholderMod:SpinBlade+1","PlaceholderMod:UnpureUse+1","PlaceholderMod:HardStrike","PlaceholderMod:Corrosion","PlaceholderMod:StressReaction","PlaceholderMod:Turn+1","PlaceholderMod:Sweep+1"],"relics":["PlaceholderMod:Tancle","Turnip","Mercury Hourglass","Unceasing Top","construct:RocketBooster","PlaceholderMod:LiveLive","Lee\u0027s Waffle","Smiling Mask","MealTicket","Pantograph","Calling Bell","PlaceholderMod:DeVermisMysteriis","PlaceholderMod:SoulofChaos","PlaceholderMod:UnterZeeKulten","Lantern","Torii","Omamori","Potion Belt","PlaceholderMod:NyogSothep"],"acts_visited":["Exordium","TheCity","TheBeyond"],"potions_floor_usage":[38,39,50],"damage_taken":[{"damage":7.0,"enemies":"Jaw Worm","floor":1.0,"turns":5.0},{"damage":0.0,"enemies":"Cultist","floor":3.0,"turns":3.0},{"damage":0.0,"enemies":"2 Louse","floor":4.0,"turns":2.0},{"damage":9.0,"enemies":"3 Sentries","floor":7.0,"turns":11.0},{"damage":16.0,"enemies":"Gremlin Gang","floor":8.0,"turns":4.0},{"damage":0.0,"enemies":"Large Slime","floor":10.0,"turns":4.0},{"damage":3.0,"enemies":"Lagavulin","floor":11.0,"turns":8.0},{"damage":0.0,"enemies":"Lots of Slimes","floor":12.0,"turns":1.0},{"damage":4.0,"enemies":"Exordium Wildlife","floor":13.0,"turns":4.0},{"damage":28.0,"enemies":"Hexaghost","floor":16.0,"turns":10.0},{"damage":7.0,"enemies":"Spheric Guardian","floor":18.0,"turns":4.0},{"damage":0.0,"enemies":"Shell Parasite","floor":19.0,"turns":4.0},{"damage":4.0,"enemies":"Chosen and Byrds","floor":24.0,"turns":5.0},{"damage":0.0,"enemies":"Centurion and Healer","floor":25.0,"turns":7.0},{"damage":0.0,"enemies":"Snake Plant","floor":27.0,"turns":4.0},{"damage":9.0,"enemies":"Book of Stabbing","floor":28.0,"turns":6.0},{"damage":9.0,"enemies":"Cultist and Chosen","floor":29.0,"turns":6.0},{"damage":8.0,"enemies":"Chosen and Byrds","floor":30.0,"turns":5.0},{"damage":36.0,"enemies":"Slavers","floor":31.0,"turns":6.0},{"damage":11.0,"enemies":"Automaton","floor":33.0,"turns":10.0},{"damage":14.0,"enemies":"3 Darklings","floor":35.0,"turns":5.0},{"damage":0.0,"enemies":"3 Shapes","floor":37.0,"turns":3.0},{"damage":17,"enemies":"Writhing Mass","floor":38,"turns":6},{"damage":13,"enemies":"2 Orb Walkers","floor":39,"turns":4},{"damage":9,"enemies":"Sphere and 2 Shapes","floor":46,"turns":5},{"damage":15,"enemies":"Jaw Worm Horde","floor":48,"turns":3},{"damage":23,"enemies":"Donu and Deca","floor":50,"turns":10}],"seed_played":"-8837006560268132603","potions_obtained":[{"floor":4.0,"key":"Strength Potion"},{"floor":10.0,"key":"Weak Potion"},{"floor":11.0,"key":"Strength Potion"},{"floor":13.0,"key":"Fire Potion"},{"floor":16.0,"key":"SteroidPotion"},{"floor":19.0,"key":"Fire Potion"},{"floor":24.0,"key":"Energy Potion"},{"floor":25.0,"key":"SteroidPotion"},{"floor":27.0,"key":"PowerPotion"},{"floor":29.0,"key":"Explosive Potion"},{"floor":33.0,"key":"DistilledChaos"},{"floor":37.0,"key":"LiquidMemories"},{"floor":38,"key":"Fire Potion"},{"floor":39,"key":"Dexterity Potion"},{"floor":46,"key":"AttackPotion"}],"is_trial":false,"path_per_floor":["M","$","M","M","?","R","E","M","T","M","E","M","M","$","R","B",null,"M","M","?","?","$","R","M","M","T","M","E","M","M","E","R","B",null,"M","?","M","M","?","R","T","R","T","$","?","M","$","M","R","B",null],"character_chosen":"THE_PLACEHOLDER","items_purchased":["PlaceholderMod:HardStrike","PlaceholderMod:SelectReaction","PlaceholderMod:RadicalHit","PlaceholderMod:ThreeBenzyolStart","Lee\u0027s Waffle","PlaceholderMod:Crystallization","PlaceholderMod:NyogSothep","PlaceholderMod:HardStrike","PlaceholderMod:Corrosion","PlaceholderMod:StressReaction"],"campfire_rested":2,"item_purchase_floors":[2,2,14,14,22,22,44,44,44,44],"current_hp_per_floor":[64,64,64,64,64,64,55,39,39,39,36,36,36,36,57,29,71,64,64,64,64,78,78,74,74,74,74,75,72,72,40,64,73,99,89,92,99,94,84,84,87,87,87,105,108,105,117,104,104,95],"gold":24,"neow_bonus":"ONE_RARE_RELIC","is_daily":false,"chose_seed":false,"campfire_upgraded":5,"win_rate":0.0,"timestamp":1610448132,"path_taken":["M","$","M","M","?","R","E","M","T","M","E","?","M","$","R","BOSS","M","M","?","?","$","R","M","?","T","M","E","M","M","E","R","BOSS","M","?","M","?","?","R","?","R","T","?","?","M","$","M","R","BOSS"],"items_purchased_type":["Card","Card","Card","Card","Relic","Card","Relic","Card","Card","Card"],"build_version":"2020-12-22","purchased_purges":0,"victory":true,"max_hp_per_floor":[71,71,71,71,71,71,71,71,71,71,71,71,71,71,71,71,71,71,71,71,71,78,78,78,78,78,78,78,78,82,82,82,82,99,99,102,102,105,108,108,111,111,111,114,117,117,117,117,117,117],"card_choices":[{"not_picked":["PlaceholderMod:Polyp","PlaceholderMod:ConsolidateHit"],"picked":"PlaceholderMod:ProliferateStrike","floor":1.0},{"not_picked":["PlaceholderMod:Colorful","PlaceholderMod:PoisonAbsorb"],"picked":"PlaceholderMod:CycleAttack","floor":3.0},{"not_picked":["PlaceholderMod:DissolvingSpikes","PlaceholderMod:HealingAttack"],"picked":"PlaceholderMod:Crystallization","floor":4.0},{"not_picked":["PlaceholderMod:RadicalHit","PlaceholderMod:EvolutionSpray"],"picked":"PlaceholderMod:QualitativeChange","floor":7.0},{"not_picked":["PlaceholderMod:Turn","PlaceholderMod:SprayAttack"],"picked":"PlaceholderMod:Sweep","floor":8.0},{"not_picked":["PlaceholderMod:TriggerStrike","PlaceholderMod:SeverePoisonStrike"],"picked":"PlaceholderMod:Internalization","floor":10.0},{"not_picked":["PlaceholderMod:ProliferateStrike","PlaceholderMod:AngryAttack"],"picked":"PlaceholderMod:HardStrike","floor":11.0},{"not_picked":["PlaceholderMod:Turn","PlaceholderMod:PoisonBlast"],"picked":"PlaceholderMod:CrystallizationStrike","floor":12.0},{"not_picked":["PlaceholderMod:PoisonAbsorb","PlaceholderMod:ConsolidateHit"],"picked":"PlaceholderMod:HardStinger","floor":13.0},{"not_picked":["PlaceholderMod:InnerSoften","PlaceholderMod:HornyCollision"],"picked":"PlaceholderMod:MultiReaction","floor":16.0},{"not_picked":["PlaceholderMod:ProliferateStrike","PlaceholderMod:HornyBlast"],"picked":"PlaceholderMod:SprayAttack","floor":18.0},{"not_picked":["PlaceholderMod:TriggerStrike+1","PlaceholderMod:PoisonBlast+1"],"picked":"PlaceholderMod:Internalization+1","floor":19.0},{"not_picked":["PlaceholderMod:ThreeBenzyolStart","PlaceholderMod:PoisonExcitation"],"picked":"PlaceholderMod:ParasiteChange+1","floor":24.0},{"not_picked":["PlaceholderMod:AttackAsDefend","PlaceholderMod:HornyBlast"],"picked":"PlaceholderMod:Assimilation","floor":25.0},{"not_picked":["PlaceholderMod:DirectingGroup","PlaceholderMod:PoisonBlast"],"picked":"PlaceholderMod:HealingAttack","floor":27.0},{"not_picked":["PlaceholderMod:ThreeBenzyolStart","PlaceholderMod:StrongAcid"],"picked":"PlaceholderMod:RadicalHit","floor":28.0},{"not_picked":["PlaceholderMod:StrongAcid","PlaceholderMod:RadicalHit"],"picked":"PlaceholderMod:ComplexForm","floor":29.0},{"not_picked":["PlaceholderMod:SubstitutionNucleophilic1","PlaceholderMod:Polyp+1"],"picked":"PlaceholderMod:ChainPoly","floor":30.0},{"not_picked":["PlaceholderMod:AttackAsDefend","PlaceholderMod:StressReaction"],"picked":"PlaceholderMod:DiffusionChemical+1","floor":31.0},{"not_picked":["PlaceholderMod:GrowthForm","PlaceholderMod:Eat"],"picked":"PlaceholderMod:BlastSpray","floor":33.0},{"not_picked":["PlaceholderMod:HardStrike+1","PlaceholderMod:PoisonAbsorb+1"],"picked":"PlaceholderMod:SpinBlade+1","floor":35.0},{"not_picked":["PlaceholderMod:RadicalHit","PlaceholderMod:MultipleOxi+1"],"picked":"PlaceholderMod:Crystallization+1","floor":37.0},{"not_picked":["PlaceholderMod:ConsolidateHit+1","PlaceholderMod:AngryAttack"],"picked":"PlaceholderMod:SpinBlade+1","floor":38},{"not_picked":["PlaceholderMod:ProliferateStrike","PlaceholderMod:DirectingGroup+1"],"picked":"PlaceholderMod:UnpureUse+1","floor":39},{"not_picked":["PlaceholderMod:ParasiteChange","PlaceholderMod:StrongAcid"],"picked":"PlaceholderMod:Turn+1","floor":46},{"not_picked":["PlaceholderMod:AttackAsDefend","PlaceholderMod:PoisonAbsorb+1"],"picked":"PlaceholderMod:Sweep+1","floor":48}],"player_experience":153257,"relics_obtained":[{"floor":7.0,"key":"Mercury Hourglass"},{"floor":9.0,"key":"Unceasing Top"},{"floor":11.0,"key":"construct:RocketBooster"},{"floor":26.0,"key":"Smiling Mask"},{"floor":28.0,"key":"MealTicket"},{"floor":31.0,"key":"Pantograph"},{"floor":34.0,"key":"PlaceholderMod:DeVermisMysteriis"},{"floor":34.0,"key":"PlaceholderMod:SoulofChaos"},{"floor":34.0,"key":"PlaceholderMod:UnterZeeKulten"},{"floor":36.0,"key":"Lantern"},{"floor":39,"key":"Torii"},{"floor":41,"key":"Omamori"},{"floor":43,"key":"Potion Belt"}],"event_choices":[{"damage_healed":0.0,"max_hp_gain":0.0,"max_hp_loss":0.0,"gold_gain":0.0,"event_name":"Upgrade Shrine","player_choice":"Upgraded","floor":5.0,"gold_loss":0.0,"damage_taken":0.0,"cards_upgraded":["PlaceholderMod:Crystallization"]},{"damage_healed":0.0,"max_hp_gain":0.0,"max_hp_loss":0.0,"gold_gain":0.0,"event_name":"Cursed Tome","player_choice":"Ignored","floor":20.0,"gold_loss":0.0,"damage_taken":0.0},{"cards_removed":["PlaceholderMod:BaseStrike"],"damage_healed":0.0,"max_hp_gain":0.0,"max_hp_loss":0.0,"gold_gain":0.0,"event_name":"Wheel of Change","player_choice":"Card Removal","floor":21.0,"gold_loss":0.0,"damage_taken":0.0},{"damage_healed":0.0,"max_hp_gain":0.0,"max_hp_loss":0.0,"gold_gain":0.0,"event_name":"Wheel of Change","player_choice":"Relic","floor":36.0,"gold_loss":0.0,"damage_taken":0.0},{"damage_healed":0,"gold_gain":0,"player_choice":"Fight","damage_taken":0,"max_hp_gain":0,"max_hp_loss":0,"event_name":"Mysterious Sphere","floor":39,"gold_loss":0},{"damage_healed":0,"gold_gain":0,"player_choice":"Ignored","damage_taken":0,"max_hp_gain":0,"max_hp_loss":0,"event_name":"NoteForYourself","floor":45,"gold_loss":0}],"is_beta":false,"boss_relics":[{"not_picked":["Tiny House","Coffee Dripper"],"picked":"PlaceholderMod:LiveLive"},{"not_picked":["Empty Cage","Fusion Hammer"],"picked":"Calling Bell"}],"items_purged_floors":[],"is_endless":false,"potions_floor_spawned":[4,10,11,13,16,19,24,25,27,29,33,37,38,39,46],"ascension_level":0}}