{"host":"amnup8uv961nil3y","time":1610480837,"event":{"mods":["Act Like it!","Aspiration","BaseMod","Bestiary","Better Altar","Better Match","Better Sensory Stone","Better Synergies","Better Third Choice","Block Reminder","Challenge The Spire","Colored Map","Colored Powertips","Colorless Booster Pack","Conspire","DeckTracker","Disable Question Mark Monsters","Elementarium","Energized Spire","Evolution","GifTheSpireLib","Halation","HexUI Lib","Highlight Path","Hubris","Infinite Spire","Lotus Mark","Menagerie","Minty Spire (QoL Compilation)","Pale of the Ancients","Potion Indicator Mod","Quarter Circle Forward PUNCH!","Relic Stats","Replay The Spire","Reworked Bosses","Shop Mod","Small Relic Pack","Spicy Shops","Spikes Relics","StSLib","Stuff the Spire","Swap Starting Deck Mod","Trackpad","Useless Jewels Mod","Wandering Minibosses","vexMod"],"gold_per_floor":[116,41,51,51,1,30,49,49,74,74,74,88,88,124,124,249,249,275,313,313,313,1068,1094,1069,1069,1069,730,758,758,803,330,330,454,454,482,518,518,518,528,573,573,573,573,573,396,396,413,443,443,446,474,496,516,516,516,566,566,349,349,382],"floor_reached":61,"language":"ENG","playtime":6261,"items_purged":["Evaluate","Evaluate","Evaluate","Evaluate"],"score":1966,"play_id":"4c584d94-094e-431b-af29-0c99524ac4a3","local_time":"20210112194717","is_ascension_mode":true,"campfire_choices":[{"floor":10.0,"key":"REST"},{"floor":15.0,"key":"REST"},{"data":"Devotion","floor":25.0,"key":"SMITH"},{"data":"infinitespire:SevenWalls","floor":29.0,"key":"SMITH"},{"floor":32.0,"key":"DIG"},{"data":"Wish","floor":44.0,"key":"SMITH"},{"data":"infinitespire:Gouge","floor":46.0,"key":"SMITH"},{"data":"ForeignInfluence","floor":49.0,"key":"SMITH"},{"data":"BattleHymn","floor":55,"key":"SMITH"},{"data":"Wireheading","floor":57,"key":"SMITH"}],"circlet_count":0,"master_deck":["WheelKick","FlurryOfBlows","FlurryOfBlows","FlurryOfBlows","FlurryOfBlows","CarveReality","FearNoEvil","FlurryOfBlows","conspire:SpireCoStock","JustLucky","Protect","Vengeance","Devotion+1","ClearTheMind","infinitespire:SevenWalls+1","DeceiveReality+1","EmptyFist","Wireheading+1","JustLucky","ForeignInfluence+1","Weave+1","FearNoEvil","Wish+1","Crescendo","StuffTheSpire:BrainWave+1","Wireheading+1","Indignation+1","infinitespire:Gouge+1","FlurryOfBlows","Finesse","BattleHymn+1","ForeignInfluence","ForeignInfluence","FlurryOfBlows+1","ClearTheMind+1","TalkToTheHand","Halt"],"relics":["PureWater","StuffTheSpire:OccultApparatus","halation:IllGainedPizza","hubris:SlimyHat","Membership Card","ReplayTheSpireMod:Ninjato","StuffTheSpire:Rhapsscallions","Sozu","halation:EternalFortune","Rawhide","Philosopher\u0027s Stone","wanderingMiniBosses:MasterThiefsPresence","qcfpunch:White_Boots","SnailShell","Ornamental Fan","Dead Branch","trackpad:RapidFire","vexMod:InvisibilityCloak","hubris:Metronome","MiniBlackHole","halation:VictoryRuler","vexMod:DeviousBotling","vexMod:ScavengeHelm","halation:PrussianBluePaint","hubris:TinFlute","trackpad:ByrdBGone","CaptainsWheel","Vajra","Toolbox","Omamori","paleoftheancients:Timepiece","paleoftheancients:KeyRelic","Gremlin Horn","CultistMask","paleoftheancients:SoulOfTheThorton","Unceasing Top","paleoftheancients:SoulOfTheShrineMaiden","SpikesRelics:DaevaFist"],"acts_visited":[],"potions_floor_usage":[60,60],"damage_taken":[{"damage":0.0,"enemies":"conspire:RoseBush","floor":1.0,"turns":2.0},{"damage":0.0,"enemies":"Small Slimes","floor":3.0,"turns":2.0},{"damage":20.0,"enemies":"Gremlin Nob","floor":6.0,"turns":4.0},{"damage":0.0,"enemies":"2 Louse","floor":7.0,"turns":1.0},{"damage":0.0,"enemies":"Gremlin Gang","floor":12.0,"turns":3.0},{"damage":0.0,"enemies":"Blue Slaver","floor":14.0,"turns":2.0},{"damage":34.0,"enemies":"Fading Forest","floor":16.0,"turns":11.0},{"damage":6.0,"enemies":"conspire:FuzzyDice","floor":18.0,"turns":5.0},{"damage":8.0,"enemies":"2 Thieves","floor":19.0,"turns":2.0},{"damage":5.0,"enemies":"conspire:HollyBat","floor":22.0,"turns":5.0},{"damage":0.0,"enemies":"Gremlin Leader","floor":23.0,"turns":3.0},{"damage":0.0,"enemies":"3 Cultists","floor":28.0,"turns":3.0},{"damage":0.0,"enemies":"Book of Stabbing","floor":30.0,"turns":2.0},{"damage":0.0,"enemies":"conspire:MysteriousRune","floor":33.0,"turns":3.0},{"damage":0.0,"enemies":"3 Darklings","floor":35.0,"turns":2.0},{"damage":0.0,"enemies":"conspire:MimicChest","floor":36.0,"turns":1.0},{"damage":0.0,"enemies":"Orb Walker","floor":39.0,"turns":1.0},{"damage":0.0,"enemies":"R_Hoarder","floor":40.0,"turns":2.0},{"damage":0.0,"enemies":"Jaw Worm Horde","floor":47.0,"turns":1.0},{"damage":0.0,"enemies":"Nemesis","floor":48.0,"turns":1.0},{"damage":0.0,"enemies":"Time Eater","floor":50.0,"turns":2.0},{"damage":0.0,"enemies":"Time Eater","floor":51.0,"turns":3.0},{"damage":2.0,"enemies":"Time Eater","floor":52.0,"turns":3.0},{"damage":0,"enemies":"paleoftheancients:Thorton2","floor":53,"turns":1},{"damage":0,"enemies":"paleoftheancients:Thorton2","floor":56,"turns":5},{"damage":222,"enemies":"paleoftheancients:N","floor":60,"turns":4}],"seed_played":"4350469834238850395","potions_obtained":[{"floor":1.0,"key":"PowerPotion"},{"floor":14.0,"key":"LiquidBronze"},{"floor":16.0,"key":"ColorlessPotion"}],"is_trial":false,"path_per_floor":["M","$","M","?","?","E","M","?","T","R","$","M","T","M","R","B",null,"M","M","?","AVR","M","E","?","R","T","$","M","R","E","$","R_BF","B",null,"M","?","?","?","M","E","T","AVR","T","R","$","R","M","E","R","B","M","M","M","T","R","M","R","$","?","B",null],"character_chosen":"WATCHER","items_purchased":["FearNoEvil","Membership Card","ReplayTheSpireMod:Ninjato","Ornamental Fan","Wireheading","JustLucky","ForeignInfluence","trackpad:RapidFire","FearNoEvil","vexMod:InvisibilityCloak","hubris:Metronome","MiniBlackHole","CaptainsWheel","FlurryOfBlows","Finesse","Vajra","Toolbox","SpikesRelics:DaevaFist","TalkToTheHand","Halt"],"campfire_rested":2,"item_purchase_floors":[2,11,11,27,27,27,27,31,31,31,31,31,45,45,45,45,45,58,58,58],"current_hp_per_floor":[36,36,36,36,36,16,16,21,21,44,18,18,22,22,46,34,69,63,55,58,58,53,53,53,53,53,53,53,53,56,56,56,56,79,79,79,79,79,79,79,79,79,79,79,79,79,82,82,82,82,82,81,81,81,81,72,72,72,72,82],"gold":382,"neow_bonus":"","is_daily":false,"chose_seed":false,"campfire_upgraded":7,"win_rate":0.0,"timestamp":1610480837,"path_taken":["M","$","M","?","?","E","M","?","T","R","?","M","?","M","R","BOSS","M","M","?","AVR","M","E","?","R","T","?","?","R","E","?","R_BF","BOSS","M","?","?","?","M","E","?","AVR","T","R","$","R","M","E","R","BOSS","M","M","?","T","R","M","R","$","?","BOSS"],"items_purchased_type":["Card","Relic","Relic","Relic","Card","Card","Card","Relic","Card","Relic","Relic","Relic","Relic","Card","Card","Relic","Relic","Relic","Card","Card"],"build_version":"2020-12-22","purchased_purges":4,"victory":true,"max_hp_per_floor":[72,72,72,72,72,72,72,77,77,77,77,77,81,81,81,81,81,81,81,84,84,84,84,84,84,84,84,84,84,87,87,87,87,87,87,87,79,79,79,79,79,79,79,79,79,79,82,82,82,82,82,82,82,82,82,82,82,82,82,82],"relic_stats":{"Sozu":9,"Gremlin Horn":[10,10],"counters":[26,74],"Ornamental Fan":[312],"Dead Branch":[95],"obtain_stats":[{"SnailShell":26,"hubris:Metronome":31,"Gremlin Horn":50,"StuffTheSpire:Rhapsscallions":13,"Vajra":45,"Rawhide":21,"trackpad:ByrdBGone":43,"hubris:SlimyHat":9,"paleoftheancients:SoulOfTheShrineMaiden":56,"EVO:Axolotl":0,"StuffTheSpire:OccultApparatus":4,"Sozu":17,"vexMod:InvisibilityCloak":31,"trackpad:RapidFire":31,"halation:PrussianBluePaint":40,"MiniBlackHole":31,"halation:VictoryRuler":32,"Toolbox":45,"Philosopher\u0027s Stone":21,"vexMod:DeviousBotling":34,"hubris:TinFlute":42,"paleoftheancients:KeyRelic":50,"ReplayTheSpireMod:Ninjato":11,"vexMod:ScavengeHelm":36,"Dead Branch":30,"halation:IllGainedPizza":6,"wanderingMiniBosses:MasterThiefsPresence":22,"Omamori":48,"qcfpunch:White_Boots":23,"paleoftheancients:Timepiece":50,"CaptainsWheel":45,"Ornamental Fan":27,"halation:EternalFortune":20,"CultistMask":50,"SpikesRelics:DaevaFist":58,"Membership Card":11,"paleoftheancients:SoulOfTheThorton":53,"PureWater":0,"Unceasing Top":54},{"SnailShell":11,"hubris:Metronome":13,"Gremlin Horn":21,"StuffTheSpire:Rhapsscallions":5,"Vajra":18,"Rawhide":9,"trackpad:ByrdBGone":18,"hubris:SlimyHat":4,"paleoftheancients:SoulOfTheShrineMaiden":25,"EVO:Axolotl":0,"StuffTheSpire:OccultApparatus":2,"Sozu":7,"vexMod:InvisibilityCloak":13,"trackpad:RapidFire":13,"halation:PrussianBluePaint":18,"MiniBlackHole":13,"halation:VictoryRuler":13,"Toolbox":18,"Philosopher\u0027s Stone":9,"vexMod:DeviousBotling":14,"hubris:TinFlute":18,"paleoftheancients:KeyRelic":21,"ReplayTheSpireMod:Ninjato":4,"vexMod:ScavengeHelm":16,"Dead Branch":13,"halation:IllGainedPizza":3,"wanderingMiniBosses:MasterThiefsPresence":10,"Omamori":20,"qcfpunch:White_Boots":11,"paleoftheancients:Timepiece":21,"CaptainsWheel":18,"Ornamental Fan":11,"halation:EternalFortune":9,"CultistMask":21,"SpikesRelics:DaevaFist":25,"Membership Card":4,"paleoftheancients:SoulOfTheThorton":24,"PureWater":0,"Unceasing Top":24},{"SnailShell":40,"hubris:Metronome":45,"Gremlin Horn":58,"StuffTheSpire:Rhapsscallions":12,"Vajra":54,"Rawhide":32,"trackpad:ByrdBGone":54,"hubris:SlimyHat":9,"paleoftheancients:SoulOfTheShrineMaiden":70,"EVO:Axolotl":0,"StuffTheSpire:OccultApparatus":4,"Sozu":25,"vexMod:InvisibilityCloak":45,"trackpad:RapidFire":45,"halation:PrussianBluePaint":54,"MiniBlackHole":45,"halation:VictoryRuler":45,"Toolbox":54,"Philosopher\u0027s Stone":32,"vexMod:DeviousBotling":48,"hubris:TinFlute":54,"paleoftheancients:KeyRelic":58,"ReplayTheSpireMod:Ninjato":9,"vexMod:ScavengeHelm":51,"Dead Branch":45,"halation:IllGainedPizza":8,"wanderingMiniBosses:MasterThiefsPresence":37,"Omamori":56,"qcfpunch:White_Boots":40,"paleoftheancients:Timepiece":58,"CaptainsWheel":54,"Ornamental Fan":40,"halation:EternalFortune":32,"CultistMask":58,"SpikesRelics:DaevaFist":70,"Membership Card":9,"paleoftheancients:SoulOfTheThorton":65,"PureWater":0,"Unceasing Top":65}],"Unceasing Top":[0]},"card_choices":[{"not_picked":["EmptyBody","ThirdEye"],"picked":"CarveReality","floor":1.0},{"not_picked":["WheelKick","SashWhip"],"picked":"FlurryOfBlows","floor":3.0},{"not_picked":["Replay:Vibes","Consecrate","SashWhip"],"picked":"SKIP","floor":6.0},{"not_picked":["Replay:Vibes","Consecrate","SashWhip"],"picked":"SKIP","floor":6.0},{"not_picked":["Nirvana","Prostrate"],"picked":"JustLucky","floor":7.0},{"not_picked":["CrushJoints","BowlingBash"],"picked":"Protect","floor":12.0},{"not_picked":["ThirdEye","Halt"],"picked":"Vengeance","floor":14.0},{"not_picked":["Ragnarok","ConjureBlade"],"picked":"Devotion","floor":16.0},{"not_picked":["EmptyBody","Evaluate+1","Meditate"],"picked":"SKIP","floor":18.0},{"not_picked":["Collect","Tantrum"],"picked":"ClearTheMind","floor":19.0},{"not_picked":["MasterReality","ForeignInfluence"],"picked":"DeceiveReality+1","floor":22.0},{"not_picked":["Alpha","Protect+1"],"picked":"EmptyFist","floor":23.0},{"not_picked":["Halt","Evaluate","WindmillStrike"],"picked":"SKIP","floor":28.0},{"not_picked":["CrushJoints","Judgement"],"picked":"Weave+1","floor":30.0},{"not_picked":["Scrawl","SpiritShield"],"picked":"Wish","floor":33.0},{"not_picked":["Perseverance+1","ClearTheMind"],"picked":"Crescendo","floor":35.0},{"not_picked":["MentalFortress+1","LikeWater"],"picked":"Wireheading+1","floor":39.0},{"not_picked":["Halt","BowlingBash"],"picked":"Indignation+1","floor":40.0},{"not_picked":["Evaluate","Wallop+1"],"picked":"BattleHymn","floor":47.0},{"not_picked":["Alpha","Evaluate","Swivel"],"picked":"SKIP","floor":48.0},{"not_picked":["PathToVictory+1","SandsOfTime+1","EmptyBody"],"picked":"SKIP","floor":51.0},{"not_picked":["ThirdEye","WheelKick+1"],"picked":"ForeignInfluence","floor":52.0},{"not_picked":["Replay:Anticipation","BowlingBash"],"picked":"ForeignInfluence","floor":53},{"not_picked":["Evaluate","WaveOfTheHand+1"],"picked":"FlurryOfBlows+1","floor":56},{"not_picked":["FlyingSleeves","PathToVictory"],"picked":"ClearTheMind+1","floor":56}],"player_experience":306641,"relics_obtained":[{"floor":6.0,"key":"halation:IllGainedPizza"},{"floor":9.0,"key":"hubris:SlimyHat"},{"floor":13.0,"key":"StuffTheSpire:Rhapsscallions"},{"floor":22.0,"key":"wanderingMiniBosses:MasterThiefsPresence"},{"floor":23.0,"key":"qcfpunch:White_Boots"},{"floor":26.0,"key":"SnailShell"},{"floor":30.0,"key":"halation:EternalFortune"},{"floor":30.0,"key":"Dead Branch"},{"floor":32.0,"key":"halation:VictoryRuler"},{"floor":36.0,"key":"vexMod:ScavengeHelm"},{"floor":40.0,"key":"halation:PrussianBluePaint"},{"floor":43.0,"key":"trackpad:ByrdBGone"},{"floor":47.0,"key":"halation:EternalFortune"},{"floor":48.0,"key":"Omamori"},{"floor":53,"key":"paleoftheancients:SoulOfTheThorton"},{"floor":54,"key":"Unceasing Top"},{"floor":56,"key":"paleoftheancients:SoulOfTheShrineMaiden"}],"event_choices":[{"damage_healed":0.0,"max_hp_gain":0.0,"max_hp_loss":0.0,"gold_gain":0.0,"event_name":"conspire:Investor","player_choice":"Invest 1","floor":5.0,"gold_loss":0.0,"damage_taken":0.0},{"damage_healed":0.0,"max_hp_gain":5.0,"max_hp_loss":0.0,"gold_gain":0.0,"event_name":"Big Fish","player_choice":"Donut","floor":8.0,"gold_loss":0.0,"damage_taken":0.0}],"is_beta":false,"boss_relics":[{"not_picked":["Pandora\u0027s Box","Replay:Bronze Core"],"picked":"Sozu"},{"not_picked":["vexMod:BigBerry","Kintsugi"],"picked":"vexMod:DeviousBotling"}],"items_purged_floors":[21,27,31,58],"is_endless":false,"potions_floor_spawned":[1,14,16,18,19,23,30,39,40,48,52,56],"ascension_level":5}}