{"host":"sf9jac3ppl7h88gj","time":1610481656,"event":{"mods":["AchievementEnabler","Ascension Unlocker","BaseMod","Colored Map","Custom Start","Force Act Four","Minty Spire (QoL Compilation)","Replay The Spire","StSLib"],"gold_per_floor":[118,131,143,160,175,175,201,221,300,317,317,327,356,113,113,215,215,233,233,252,252,252,252,46,46,74,28,28,28,28],"floor_reached":29,"language":"ENG","playtime":2756,"items_purged":["Strike_R"],"score":280,"play_id":"3047b5df-97d5-4b36-b67a-671f7f1b5e16","local_time":"20210112150056","is_ascension_mode":false,"campfire_choices":[{"data":"Anger","floor":6,"key":"SMITH"},{"floor":11,"key":"REST"},{"data":"Flex","floor":15,"key":"SMITH"},{"data":"RitualDagger","floor":25,"key":"SMITH"}],"circlet_count":0,"master_deck":["Strike_R","Strike_R","Strike_R","Strike_R","Defend_R","Defend_R","Defend_R","Defend_R","Bash","ReplayTheSpireMod:Stacked","Anger+1","Flex+1","Searing Blow","Massacre","Double Tap","Body Slam","Second Wind","Twin Strike","Clothesline","Flex","Warcry","Jack Of All Trades","Rampage","Immolate","Juggernaut","Fire Breathing+1","Looming Evil","Clash","RitualDagger+1","Wild Strike","Disarm+1","Flex","Injury"],"relics":["Burning Blood","NeowsBlessing","Boot","White Beast Statue","Bottled Lightning","BargainBundle","Cursed Key","Ring of Hypnosis","Vajra","Thread and Needle","Golden Egg"],"acts_visited":["Exordium","TheCity"],"potions_floor_usage":[5,5,7,10,12,13,16,16,18,20,26],"damage_taken":[{"damage":0,"enemies":"Jaw Worm","floor":1,"turns":1},{"damage":0,"enemies":"2 Louse","floor":2,"turns":1},{"damage":0,"enemies":"Small Slimes","floor":3,"turns":1},{"damage":1,"enemies":"Exordium Wildlife","floor":4,"turns":3},{"damage":7,"enemies":"3 Louse","floor":5,"turns":2},{"damage":42,"enemies":"Lagavulin","floor":7,"turns":7},{"damage":9,"enemies":"2 Fungi Beasts","floor":8,"turns":2},{"damage":21,"enemies":"Exordium Thugs","floor":10,"turns":4},{"damage":0,"enemies":"Looter","floor":12,"turns":3},{"damage":0,"enemies":"Replay:BlueRogue","floor":13,"turns":5},{"damage":8,"enemies":"Slime Boss","floor":16,"turns":7},{"damage":10,"enemies":"3 Byrds","floor":18,"turns":3},{"damage":30,"enemies":"Chosen","floor":20,"turns":5},{"damage":36,"enemies":"Slavers","floor":26,"turns":4},{"damage":17,"enemies":"Centurion and Healer","floor":29,"turns":4}],"seed_played":"-2555678408702806109","potions_obtained":[{"floor":1,"key":"PowerPotion"},{"floor":3,"key":"Reflective Coating"},{"floor":4,"key":"Reflective Coating"},{"floor":7,"key":"CultistPotion"},{"floor":10,"key":"SteroidPotion"},{"floor":12,"key":"LifebloodPotion"},{"floor":13,"key":"FearPotion"},{"floor":16,"key":"Cursed Concoction"},{"floor":18,"key":"PowerPotion"},{"floor":20,"key":"Energy Potion"},{"floor":26,"key":"Milkshake"}],"is_trial":false,"path_per_floor":["M","M","M","M","M","R","E","M","T","M","R","M","E","$","R","B",null,"M","?","M","PTL","PTL","?","$","R","E","$","T","M"],"character_chosen":"IRONCLAD","items_purchased":["BargainBundle","PowerPotion","Adrenaline Potion","Flex","Warcry","Jack Of All Trades","Swift Potion","Rampage","Immolate","Wild Strike","Vajra","Flex"],"campfire_rested":1,"item_purchase_floors":[14,14,14,14,14,14,14,14,14,24,24,27],"current_hp_per_floor":[80,80,80,80,79,79,43,40,40,25,49,55,61,61,61,59,80,76,76,52,52,52,46,46,46,16,16,16,0,0],"gold":28,"neow_bonus":"THREE_ENEMY_KILL","is_daily":false,"chose_seed":false,"campfire_upgraded":3,"win_rate":0.0,"timestamp":1610481656,"path_taken":["M","M","M","M","M","R","E","M","T","M","R","M","E","$","R","BOSS","M","?","M","PTL","PTL","?","?","R","E","?","T","M"],"items_purchased_type":["Relic","Potion","Potion","Card","Card","Card","Potion","Card","Card","Card","Relic","Card"],"build_version":"2020-12-22","purchased_purges":1,"victory":false,"max_hp_per_floor":[80,80,80,80,80,80,80,80,80,80,80,80,80,80,80,80,80,80,80,80,80,80,80,80,80,80,80,80,80,80],"card_choices":[{"not_picked":["Rage","Clash"],"picked":"ReplayTheSpireMod:Stacked","floor":1},{"not_picked":["Flex","Twin Strike"],"picked":"Anger","floor":2},{"not_picked":["Clash","Battle Trance"],"picked":"Flex","floor":3},{"not_picked":["Flex","Battle Trance"],"picked":"Searing Blow","floor":4},{"not_picked":["Clash","Headbutt"],"picked":"Massacre","floor":5},{"not_picked":["Feel No Pain","Power Through"],"picked":"Double Tap","floor":7},{"not_picked":["Perfected Strike","Combust"],"picked":"Body Slam","floor":8},{"not_picked":["Shockwave","Flame Barrier"],"picked":"Second Wind","floor":10},{"not_picked":["Warcry","Sentinel"],"picked":"Twin Strike","floor":12},{"not_picked":["ReplayTheSpireMod:LeadingStrike","Entrench"],"picked":"Clothesline","floor":13},{"not_picked":["Brutality","Demonic Infusion"],"picked":"Juggernaut","floor":16},{"not_picked":["Infernal Blade","Clash+1"],"picked":"Fire Breathing+1","floor":18},{"not_picked":["Shrug It Off","Power Through"],"picked":"Clash","floor":20},{"not_picked":["Shrug It Off","Iron Wave"],"picked":"Disarm+1","floor":26}],"player_experience":1105149,"relics_obtained":[{"floor":7,"key":"Boot"},{"floor":9,"key":"White Beast Statue"},{"floor":13,"key":"Bottled Lightning"},{"floor":19,"key":"Ring of Hypnosis"},{"floor":26,"key":"Thread and Needle"},{"floor":28,"key":"Golden Egg"}],"event_choices":[{"damage_healed":0,"gold_gain":0,"player_choice":"Joined the Cult","damage_taken":6,"max_hp_gain":0,"max_hp_loss":0,"event_name":"Nest","floor":23,"gold_loss":0,"cards_obtained":["RitualDagger"]}],"is_beta":false,"boss_relics":[{"not_picked":["Painkiller Herb","Honey Jar"],"picked":"Cursed Key"}],"items_purged_floors":[14],"is_endless":false,"potions_floor_spawned":[1,3,4,7,10,12,13,16,18,20,26],"killed_by":"Centurion and Healer","ascension_level":0}}