{"host":"19tvufa8xx4wr4o1","time":1610471705,"event":{"mods":["AchievementEnabler","BaseMod","Better Sensory Stone","Better Third Choice","Highlight Path","Minty Spire (QoL Compilation)","Relic Stats","StSLib"],"gold_per_floor":[109,120,120,395,406,406,433,456,456,473,473,40,72,82,82,155,155,171,221,238,238,249,249,259,259,286,28,43,57,57,131,131,205,205,221,237,157,157,170,186,202,202,252,252,269,269,284,284,284,284,284],"floor_reached":50,"playtime":2220,"items_purged":["Regret","Endless Agony"],"score":798,"play_id":"d954db1e-cc5d-43c7-9b7b-b43ccac1a2d2","local_time":"20210112111505","is_ascension_mode":true,"campfire_choices":[{"data":"Neutralize","floor":6.0,"key":"SMITH"},{"floor":11.0,"key":"REST"},{"data":"Caltrops","floor":15.0,"key":"SMITH"},{"floor":23.0,"key":"REST"},{"data":"Wraith Form v2","floor":25.0,"key":"SMITH"},{"floor":30.0,"key":"REST"},{"floor":32.0,"key":"REST"},{"floor":44,"key":"REST"},{"floor":49,"key":"REST"}],"circlet_count":0,"master_deck":["AscendersBane","Survivor","Neutralize+1","Underhanded Strike","Deadly Poison","Choke","Blade Dance","Burst","Caltrops+1","Wraith Form v2+1","Crippling Poison","Flechettes","Blur","Predator","Footwork","Bane+1","Venomology","Unload","Setup","Terror","Footwork","Skewer","Well Laid Plans","Finisher","Bullet Time","Deadly Poison","Bullet Time","Dodge and Roll+1","Cloak And Dagger","Catalyst","Prepared+1","Calculated Gamble"],"relics":["SacredBark","Art of War","Akabeko","Tiny Chest","Ice Cream","The Courier","Runic Pyramid","Orichalcum","Paper Crane","Ornamental Fan","Pandora\u0027s Box","Bronze Scales","Centennial Puzzle","Smiling Mask"],"acts_visited":["Exordium","TheCity","TheBeyond"],"potions_floor_usage":[39,39,39,40,41,45,47,47,50],"damage_taken":[{"damage":1.0,"enemies":"Small Slimes","floor":1.0,"turns":5.0},{"damage":0.0,"enemies":"Cultist","floor":2.0,"turns":4.0},{"damage":4.0,"enemies":"Jaw Worm","floor":5.0,"turns":4.0},{"damage":34.0,"enemies":"3 Sentries","floor":7.0,"turns":11.0},{"damage":0.0,"enemies":"Large Slime","floor":10.0,"turns":4.0},{"damage":7.0,"enemies":"Gremlin Nob","floor":13.0,"turns":3.0},{"damage":0.0,"enemies":"3 Louse","floor":14.0,"turns":2.0},{"damage":17.0,"enemies":"The Guardian","floor":16.0,"turns":9.0},{"damage":15.0,"enemies":"3 Byrds","floor":18.0,"turns":5.0},{"damage":11.0,"enemies":"Spheric Guardian","floor":20.0,"turns":5.0},{"damage":0.0,"enemies":"Snake Plant","floor":22.0,"turns":2.0},{"damage":5.0,"enemies":"Snecko","floor":24.0,"turns":7.0},{"damage":17.0,"enemies":"3 Cultists","floor":28.0,"turns":7.0},{"damage":0.0,"enemies":"Sentry and Sphere","floor":29.0,"turns":6.0},{"damage":51.0,"enemies":"Champ","floor":33.0,"turns":15.0},{"damage":2.0,"enemies":"3 Shapes","floor":35.0,"turns":5.0},{"damage":16.0,"enemies":"Orb Walker","floor":36.0,"turns":4.0},{"damage":4,"enemies":"Spire Growth","floor":39,"turns":3},{"damage":6,"enemies":"4 Shapes","floor":40,"turns":5},{"damage":30,"enemies":"Writhing Mass","floor":41,"turns":7},{"damage":0,"enemies":"Maw","floor":45,"turns":6},{"damage":9,"enemies":"Spire Growth","floor":47,"turns":4},{"damage":43,"enemies":"Awakened One","floor":50,"turns":5}],"seed_played":"3749379432028452838","potions_obtained":[{"floor":7.0,"key":"Fire Potion"},{"floor":10.0,"key":"Fire Potion"},{"floor":13.0,"key":"DistilledChaos"},{"floor":14.0,"key":"Energy Potion"},{"floor":21.0,"key":"Dexterity Potion"},{"floor":22.0,"key":"SpeedPotion"},{"floor":28.0,"key":"DistilledChaos"},{"floor":29.0,"key":"PowerPotion"},{"floor":33.0,"key":"Block Potion"},{"floor":36.0,"key":"Swift Potion"},{"floor":39,"key":"Swift Potion"},{"floor":41,"key":"SkillPotion"}],"is_trial":false,"path_per_floor":["M","M","?","?","M","R","E","T","T","M","R","$","E","M","R","B",null,"M","?","M","?","M","R","M","R","T","$","M","M","R","T","R","B",null,"M","M","$","T","M","M","M","?","T","R","M","?","M","T","R","B"],"character_chosen":"THE_SILENT","items_purchased":["Ice Cream","Blade Dance","Footwork","Paper Crane"],"campfire_rested":6,"item_purchase_floors":[12,12,27,27],"current_hp_per_floor":[58,58,58,58,54,54,20,20,20,20,39,39,32,32,32,15,53,38,38,27,27,27,46,41,41,41,41,24,24,43,43,62,11,52,50,34,34,34,49,43,13,13,13,32,32,32,23,23,41,0,0],"gold":284,"neow_bonus":"BOSS_RELIC","is_daily":false,"chose_seed":false,"campfire_upgraded":3,"win_rate":0.0,"timestamp":1610471705,"path_taken":["M","M","?","?","?","R","E","?","T","M","R","$","E","M","R","BOSS","M","?","M","?","?","R","M","R","T","$","M","M","R","?","R","BOSS","BOSS","M","M","$","?","M","M","M","?","T","R","M","?","M","?","R","BOSS"],"items_purchased_type":["Relic","Card","Card","Relic"],"build_version":"2020-12-22","purchased_purges":2,"victory":false,"max_hp_per_floor":[66,66,66,66,66,66,66,66,66,66,66,66,66,66,66,66,66,66,66,66,66,66,66,66,66,66,66,66,66,66,66,66,66,66,66,66,66,66,66,66,66,66,66,66,66,63,63,63,63,63,63],"relic_stats":{"Centennial Puzzle":[6],"counters":[23,128],"Ornamental Fan":[68],"Bronze Scales":[84],"Tiny Chest":2,"Pandora\u0027s Box":["Setup","Terror","Footwork","Skewer","Well Laid Plans","Endless Agony","Finisher","Bullet Time","Deadly Poison","Bullet Time"],"Art of War":[20],"Orichalcum":[114],"Smiling Mask":0,"obtain_stats":[{"Ice Cream":12,"SacredBark":0,"The Courier":13,"Orichalcum":26,"Paper Crane":27,"Smiling Mask":48,"Akabeko":8,"Centennial Puzzle":43,"Ornamental Fan":31,"Bronze Scales":38,"Tiny Chest":9,"Pandora\u0027s Box":34,"Art of War":7,"Ring of the Snake":0,"Runic Pyramid":17},{"Ice Cream":5,"SacredBark":0,"The Courier":6,"Orichalcum":12,"Paper Crane":12,"Smiling Mask":22,"Akabeko":4,"Centennial Puzzle":20,"Ornamental Fan":14,"Bronze Scales":17,"Tiny Chest":4,"Pandora\u0027s Box":15,"Art of War":4,"Ring of the Snake":0,"Runic Pyramid":8},{"Ice Cream":28,"SacredBark":0,"The Courier":31,"Orichalcum":61,"Paper Crane":61,"Smiling Mask":123,"Akabeko":24,"Centennial Puzzle":113,"Ornamental Fan":74,"Bronze Scales":98,"Tiny Chest":24,"Pandora\u0027s Box":89,"Art of War":24,"Ring of the Snake":0,"Runic Pyramid":42}]},"card_choices":[{"not_picked":["Bane","Blur"],"picked":"Underhanded Strike","floor":1.0},{"not_picked":["Prepared","Accuracy"],"picked":"Deadly Poison","floor":2.0},{"not_picked":["Dagger Spray","Quick Slash"],"picked":"Choke","floor":5.0},{"not_picked":["Outmaneuver","Accuracy"],"picked":"Dagger Throw","floor":7.0},{"not_picked":["Deadly Poison","Underhanded Strike","Quick Slash"],"picked":"SKIP","floor":10.0},{"not_picked":["Blade Dance","Backstab"],"picked":"Burst","floor":13.0},{"not_picked":["Tactician","Reflex"],"picked":"Caltrops","floor":14.0},{"not_picked":["Unload","Night Terror"],"picked":"Wraith Form v2","floor":16.0},{"not_picked":["Expertise","Quick Slash"],"picked":"Crippling Poison","floor":18.0},{"not_picked":["Slice","Acrobatics"],"picked":"Flechettes","floor":20.0},{"not_picked":["Underhanded Strike","Deflect+1"],"picked":"Blur","floor":22.0},{"not_picked":["Deflect","Deadly Poison"],"picked":"Predator","floor":24.0},{"not_picked":["PiercingWail","Backflip"],"picked":"Bane+1","floor":28.0},{"not_picked":["Crippling Poison","Underhanded Strike"],"picked":"Venomology","floor":29.0},{"not_picked":["Grand Finale","Doppelganger"],"picked":"Unload","floor":33.0},{"not_picked":["Expertise","Acrobatics+1","Distraction"],"picked":"SKIP","floor":35.0},{"not_picked":["Quick Slash","Blade Dance","Poisoned Stab"],"picked":"SKIP","floor":36.0},{"not_picked":["Finisher+1","Bullet Time"],"picked":"Dodge and Roll+1","floor":39},{"not_picked":["Quick Slash","Sucker Punch"],"picked":"Cloak And Dagger","floor":40},{"not_picked":["Caltrops","Bane"],"picked":"Catalyst","floor":41},{"not_picked":["Terror+1","Underhanded Strike"],"picked":"Prepared+1","floor":45},{"not_picked":["Endless Agony","Dagger Spray"],"picked":"Calculated Gamble","floor":47}],"player_experience":576271,"relics_obtained":[{"floor":7.0,"key":"Art of War"},{"floor":8.0,"key":"Akabeko"},{"floor":9.0,"key":"Tiny Chest"},{"floor":13.0,"key":"The Courier"},{"floor":26.0,"key":"Orichalcum"},{"floor":31.0,"key":"Ornamental Fan"},{"floor":38.0,"key":"Bronze Scales"},{"floor":43,"key":"Centennial Puzzle"},{"floor":48,"key":"Smiling Mask"}],"event_choices":[{"damage_healed":0.0,"max_hp_gain":0.0,"max_hp_loss":0.0,"gold_gain":0.0,"event_name":"The Cleric","player_choice":"Leave","floor":3.0,"gold_loss":0.0,"damage_taken":0.0},{"damage_healed":0.0,"max_hp_gain":0.0,"max_hp_loss":0.0,"gold_gain":275.0,"event_name":"Golden Shrine","player_choice":"Desecrate","floor":4.0,"gold_loss":0.0,"damage_taken":0.0,"cards_obtained":["Regret"]},{"damage_healed":0.0,"max_hp_gain":0.0,"max_hp_loss":0.0,"gold_gain":50.0,"event_name":"betterThird:BetterNest","player_choice":"Steal","floor":19.0,"gold_loss":0.0,"damage_taken":0.0},{"damage_healed":0.0,"max_hp_gain":0.0,"max_hp_loss":0.0,"gold_gain":0.0,"event_name":"Lab","player_choice":"Got Potions","floor":21.0,"gold_loss":0.0,"damage_taken":0.0},{"cards_removed":["Dagger Throw"],"damage_healed":0,"gold_gain":0,"player_choice":"Removed Attack","damage_taken":0,"max_hp_gain":0,"max_hp_loss":0,"event_name":"Falling","floor":42,"gold_loss":0},{"damage_healed":0,"gold_gain":0,"player_choice":"Max HP","damage_taken":0,"max_hp_gain":0,"max_hp_loss":3,"event_name":"Winding Halls","floor":46,"gold_loss":0}],"is_beta":false,"boss_relics":[{"not_picked":["Astrolabe","Sozu"],"picked":"Runic Pyramid"},{"not_picked":["Velvet Choker","Runic Dome"],"picked":"Pandora\u0027s Box"}],"items_purged_floors":[12,37],"is_endless":false,"potions_floor_spawned":[7,10,13,14,22,28,29,33,35,36,39,41],"killed_by":"Awakened One","ascension_level":15}}