{"host":"k85tjwrh7mjrrc9a","time":1610482481,"event":{"mods":["AchievementEnabler","BaseMod","Colored Powertips","Highlight Path","Minty Spire (QoL Compilation)","Rare Cards Sparkle","StSLib"],"gold_per_floor":[118,293,33,33,33,52,52,52],"floor_reached":7,"language":"ENG","playtime":253,"items_purged":["Doubt"],"score":84,"play_id":"69bd4cc2-8d7c-4d4f-ab6e-d21c0296bf76","local_time":"20210112151441","is_ascension_mode":true,"campfire_choices":[],"circlet_count":0,"master_deck":["AscendersBane","Strike_R+1","Strike_R","Strike_R","Strike_R","Strike_R","Defend_R","Defend_R+1","Defend_R","Defend_R","Bash","Heavy Blade","Apotheosis","Cleave"],"relics":["Burning Blood","NlothsMask"],"acts_visited":["Exordium"],"potions_floor_usage":[],"damage_taken":[{"damage":3,"enemies":"2 Louse","floor":1,"turns":4},{"damage":10,"enemies":"Small Slimes","floor":6,"turns":3},{"damage":80,"enemies":"Gremlin Nob","floor":7,"turns":5}],"seed_played":"-2447757304105542431","potions_obtained":[],"is_trial":false,"path_per_floor":["M","?","$","?","?","M","E"],"character_chosen":"IRONCLAD","items_purchased":["Apotheosis"],"campfire_rested":0,"item_purchase_floors":[3],"current_hp_per_floor":[70,70,70,51,51,47,0,0],"gold":52,"neow_bonus":"TWENTY_PERCENT_HP_BONUS","is_daily":false,"chose_seed":false,"campfire_upgraded":0,"win_rate":0.0,"timestamp":1610482481,"path_taken":["M","?","$","?","?","M","E"],"items_purchased_type":["Card"],"build_version":"2020-12-22","purchased_purges":1,"victory":false,"max_hp_per_floor":[96,96,96,96,96,96,96,96],"card_choices":[{"not_picked":["Headbutt","Thunderclap"],"picked":"Heavy Blade","floor":1},{"not_picked":["Thunderclap","Flex"],"picked":"Cleave","floor":6}],"player_experience":184969,"relics_obtained":[],"event_choices":[{"damage_healed":0,"gold_gain":175,"player_choice":"AGREE","damage_taken":0,"max_hp_gain":0,"max_hp_loss":0,"event_name":"Liars Game","floor":2,"gold_loss":0,"cards_obtained":["Doubt"]},{"damage_healed":0,"gold_gain":0,"player_choice":"Entered Light","damage_taken":19,"max_hp_gain":0,"max_hp_loss":0,"event_name":"Shining Light","floor":4,"gold_loss":0,"cards_upgraded":["Defend_R","Strike_R"]},{"damage_healed":0,"gold_gain":0,"player_choice":"Trade","damage_taken":0,"relics_obtained":["NlothsMask"],"max_hp_gain":0,"max_hp_loss":0,"event_name":"FaceTrader","floor":5,"gold_loss":0}],"is_beta":false,"boss_relics":[],"items_purged_floors":[3],"is_endless":false,"potions_floor_spawned":[],"killed_by":"Gremlin Nob","ascension_level":10}}