{"host":"c2trc3vegrhsdm46","time":1610427491,"event":{"mods":["2.2 Compatiblity","Bard","BaseMod","Better Match","Better Note","Better Sensory Stone","Better Skull","Better Third Choice","Colored Map","Colored Powertips","Infinite Spire","Minty Spire (QoL Compilation)","Replay The Spire","StSLib","Steal the Spire","The Wild Card"],"gold_per_floor":[118,118,134,151,151,184,200,200,200,200,217,281,281,296,296,396,396,408,408,323,349,364,364,376,407,460,473,473,483,533,533,533,670,670,732,792,858,858,482,482,525,525,525],"floor_reached":42,"playtime":2563,"items_purged":["ReplayReversal+1"],"score":595,"play_id":"0883097c-dc5a-4b2d-8597-e7ca59f802c8","local_time":"20210111235811","is_ascension_mode":false,"campfire_choices":[{"data":"infinitespire:SevenWalls","floor":8,"key":"SMITH"},{"floor":10,"key":"REST"},{"data":"ReplayTheSpireMod:Muscle Training","floor":15,"key":"SMITH"},{"floor":23,"key":"REST"},{"floor":28,"key":"REST"},{"data":"Armaments","floor":32,"key":"SMITH"},{"floor":40,"key":"REST"}],"circlet_count":0,"master_deck":["Strike_R","Strike_R","Strike_R","Strike_R+1","Strike_R","Defend_R+1","Defend_R","Defend_R","Defend_R+1","Bash","Headbutt","Armaments+1","infinitespire:SevenWalls+1","Headbutt","Run Through","ReplayTheSpireMod:Muscle Training+1","Iron Wave","Pommel Strike+1","Limit Break","Clash","infinitespire:DeathsTouch","Barricade","ReplayTheSpireMod:Muscle Training","Good Instincts","Pot Of Greed","Pot Of Greed","Pot Of Greed"],"relics":["Burning Blood","Dream Catcher","Bag of Marbles","Pear","Runic Cube","Simple Rune","Red Mask","Replay:PocketPolymizer","ReplayFunnel","Boot","Replay:Ringing Soul","infinitespire:EvilPickle","Painkiller Herb","Anchor","Grinning Jar"],"acts_visited":["Exordium","TheCity","TheBeyond"],"potions_floor_usage":[6,6,6,16,16,21,33,37,37],"damage_taken":[{"damage":6,"enemies":"2 Louse","floor":1,"turns":4},{"damage":4,"enemies":"Cultist","floor":3,"turns":5},{"damage":6,"enemies":"Jaw Worm","floor":4,"turns":3},{"damage":10,"enemies":"Gremlin Nob","floor":6,"turns":5},{"damage":1,"enemies":"2 Fungi Beasts","floor":7,"turns":4},{"damage":1,"enemies":"Large Slime","floor":11,"turns":5},{"damage":0,"enemies":"Gremlin Nob","floor":12,"turns":4},{"damage":5,"enemies":"Red Slaver","floor":14,"turns":2},{"damage":35,"enemies":"Hexaghost","floor":16,"turns":10},{"damage":1,"enemies":"Chosen","floor":18,"turns":5},{"damage":55,"enemies":"Masked Bandits","floor":21,"turns":6},{"damage":0,"enemies":"Spheric Guardian","floor":22,"turns":2},{"damage":1,"enemies":"Chosen and Byrds","floor":24,"turns":5},{"damage":64,"enemies":"Book of Stabbing","floor":25,"turns":8},{"damage":22,"enemies":"Snecko","floor":27,"turns":6},{"damage":0,"enemies":"Centurion and Healer","floor":29,"turns":7},{"damage":66,"enemies":"Pondfish","floor":33,"turns":11},{"damage":8,"enemies":"Orb Walker","floor":35,"turns":3},{"damage":55,"enemies":"3 Darklings","floor":36,"turns":10},{"damage":62,"enemies":"Maw","floor":37,"turns":8},{"damage":21,"enemies":"Spire Growth","floor":41,"turns":6},{"damage":54,"enemies":"Writhing Mass","floor":42,"turns":3}],"seed_played":"-5381679964918112820","potions_obtained":[{"floor":4,"key":"EntropicBrew"},{"floor":7,"key":"Block Potion"},{"floor":12,"key":"LiquidBronze"},{"floor":16,"key":"FairyPotion"},{"floor":18,"key":"Weak Potion"},{"floor":22,"key":"Cursed Concoction"},{"floor":33,"key":"BloodPotion"},{"floor":35,"key":"SteroidPotion"},{"floor":41,"key":"Reflective Coating"}],"is_trial":false,"path_per_floor":["M","?","M","M","?","E","M","R","T","R","M","?","?","M","R","B",null,"M","?","?","?","M","R","M","E","T","M","R","M","T","AVR","R","B",null,"?","?","?","?","T","T","?","?"],"character_chosen":"IRONCLAD","items_purchased":["Anchor","Grinning Jar"],"campfire_rested":4,"item_purchase_floors":[39,39],"current_hp_per_floor":[80,80,80,80,60,56,61,61,61,80,80,90,90,90,90,61,90,90,90,90,41,47,74,79,21,21,33,60,66,66,69,69,12,96,97,48,11,14,17,48,33,0,0],"gold":525,"neow_bonus":"UPGRADE_CARD","is_daily":false,"chose_seed":false,"campfire_upgraded":3,"win_rate":0.0,"timestamp":1610427491,"path_taken":["M","?","?","M","?","E","M","R","T","R","M","?","?","?","R","BOSS","M","?","?","?","M","R","M","E","T","M","R","M","?","AVR","R","BOSS","?","?","?","?","T","T","?","?"],"items_purchased_type":["Relic","Relic"],"build_version":"2020-12-22","purchased_purges":1,"victory":false,"max_hp_per_floor":[80,80,80,80,80,80,80,80,80,80,80,90,90,90,90,90,90,90,90,90,90,90,90,90,90,90,90,90,90,90,93,93,96,96,99,99,99,102,105,105,105,105,105],"card_choices":[{"not_picked":["Intimidate","Body Slam"],"picked":"Headbutt","floor":1},{"not_picked":["ReplayTheSpireMod:LeadingStrike","Rupture"],"picked":"Armaments","floor":3},{"not_picked":["Twin Strike","Body Slam","ReplayTheSpireMod:Strike From Hell"],"picked":"SKIP","floor":4},{"not_picked":["infinitespire:TheBestDefense","infinitespire:Menacing"],"picked":"infinitespire:SevenWalls","floor":5},{"not_picked":["True Grit","Clothesline","Eclipse"],"picked":"SKIP","floor":6},{"not_picked":["Reckless Charge","Hemokinesis"],"picked":"Headbutt","floor":7},{"not_picked":["True Grit","Shrug It Off"],"picked":"Run Through","floor":10},{"not_picked":["Perfected Strike","Headbutt"],"picked":"Second Wind","floor":11},{"not_picked":["Burning Pact","Power Through"],"picked":"ReplayTheSpireMod:Muscle Training","floor":14},{"not_picked":["Clothesline","Clash"],"picked":"ReplayReversal+1","floor":18},{"not_picked":["ReplayTheSpireMod:Strike From Hell","Warcry"],"picked":"Pommel Strike+1","floor":22},{"not_picked":["Spot Weakness","ReplayTheSpireMod:Limb From Limb","Run Through"],"picked":"SKIP","floor":24},{"not_picked":["Headbutt","Thunderclap","Heavy Blade"],"picked":"SKIP","floor":25},{"not_picked":["Ghostly Armor","Fire Breathing","True Grit+1"],"picked":"SKIP","floor":27},{"not_picked":["Eclipse","ReplayTheSpireMod:Strike From Hell"],"picked":"Clash","floor":28},{"not_picked":["Run Through","Spot Weakness","Perfected Strike"],"picked":"SKIP","floor":29},{"not_picked":["Feed","Juggernaut"],"picked":"Barricade","floor":33},{"not_picked":["Replay:Undeath\u0027s Touch+1","Blood for Blood+1"],"picked":"ReplayTheSpireMod:Muscle Training","floor":35},{"not_picked":["Replay:Undeath\u0027s Touch","ReplayTheSpireMod:Strike From Hell","Bludgeon"],"picked":"SKIP","floor":36},{"not_picked":["Iron Wave","Sever Soul+1","Thunderclap"],"picked":"SKIP","floor":37},{"not_picked":["Forethought","Metamorphosis"],"picked":"Good Instincts","floor":38},{"not_picked":["Second Wind","Feel No Pain+1","Reckless Charge+1"],"picked":"SKIP","floor":41}],"player_experience":19205,"relics_obtained":[{"floor":6,"key":"Dream Catcher"},{"floor":9,"key":"Bag of Marbles"},{"floor":12,"key":"Pear"},{"floor":21,"key":"Red Mask"},{"floor":25,"key":"Replay:PocketPolymizer"},{"floor":26,"key":"ReplayFunnel"},{"floor":30,"key":"Boot"}],"event_choices":[{"damage_healed":0,"gold_gain":0,"player_choice":"Ignored","damage_taken":0,"max_hp_gain":0,"max_hp_loss":0,"event_name":"Purifier","floor":2,"gold_loss":0},{"damage_healed":0,"gold_gain":0,"player_choice":"Searched \u00271\u0027 times","damage_taken":0,"max_hp_gain":0,"max_hp_loss":0,"event_name":"Dead Adventurer","floor":12,"gold_loss":0},{"damage_healed":5,"gold_gain":0,"player_choice":"LEAVE ","damage_taken":0,"relics_obtained":[],"max_hp_gain":0,"max_hp_loss":0,"event_name":"betterSkull:BetterSkull","floor":13,"gold_loss":0,"cards_upgraded":[]},{"cards_removed":["Strike_R"],"damage_healed":0,"gold_gain":0,"player_choice":"Take \u0026 Give","damage_taken":0,"max_hp_gain":0,"max_hp_loss":0,"event_name":"betterNote:BetterNote","floor":19,"gold_loss":0,"cards_obtained":["Iron Wave"]},{"damage_healed":0,"gold_gain":0,"player_choice":"Obtained Relic","damage_taken":0,"relics_obtained":["Simple Rune"],"max_hp_gain":0,"max_hp_loss":0,"event_name":"Addict","floor":20,"gold_loss":85},{"damage_healed":0,"gold_gain":0,"player_choice":"Fought Bandits","damage_taken":0,"max_hp_gain":0,"max_hp_loss":0,"event_name":"Masked Bandits","floor":21,"gold_loss":0},{"damage_healed":0,"gold_gain":3,"player_choice":"1","damage_taken":0,"max_hp_gain":0,"max_hp_loss":0,"event_name":"betterStone:BetterStone","floor":38,"gold_loss":0}],"is_beta":false,"boss_relics":[{"not_picked":["Ooze Armor","Electric Blood"],"picked":"Runic Cube"},{"not_picked":["Calling Bell","Ring of Chaos"],"picked":"Painkiller Herb"}],"items_purged_floors":[39],"is_endless":false,"potions_floor_spawned":[4,7,12,14,16,18,22,33,35,41],"killed_by":"Writhing Mass","ascension_level":0}}