{"host":"wwy36mgtdouptwjr","time":1610478395,"event":{"mods":["AchievementEnabler","Aspiration","BaseMod","Better Third Choice","BetterRewards","Colored Map","Colored Powertips","Downfall","Hermit","Highlight Path","Hubris","Minty Spire (QoL Compilation)","Replay The Spire","StSLib","Td1madao Mod","The Cursed","The Necromancer","The Servant 0.9.4"],"gold_per_floor":[110,110,110,123,140,140,170,170,170,190,190,215,230,243,243,345,345,355,355,373,387,406,406,436,436,511,526,556,556,556,48,48,152,152,167,178,198,98,109,142,142,174,174,174,174,185,197,0,0,0],"floor_reached":51,"playtime":13801,"items_purged":[],"score":797,"play_id":"1d4f95d9-30f4-476d-9724-73f1cd1231ae","local_time":"20210112220635","is_ascension_mode":true,"campfire_choices":[{"data":"expansioncontent:DashGenerateEvil","floor":6,"key":"SMITH"},{"data":"Catalyst","floor":8,"key":"SMITH"},{"data":"Deadly Poison","floor":11,"key":"SMITH"},{"data":"Bouncing Flask","floor":15,"key":"SMITH"},{"data":"ReplayTheSpireMod:Necrosis","floor":23,"key":"SMITH"},{"data":"Poisoned Stab","floor":25,"key":"SMITH"},{"data":"Jack Of All Trades","floor":30,"key":"SMITH"},{"data":"Replay:Bag of Tricks","floor":32,"key":"SMITH"},{"data":"All Out Attack","floor":41,"key":"SMITH"},{"data":"Poisoned Stab","floor":45,"key":"SMITH"},{"data":"Replay:Bag of Tricks","floor":49,"key":"SMITH"}],"circlet_count":0,"master_deck":["Strike_G","Strike_G","Strike_G","Strike_G","Defend_G","Defend_G","Defend_G","Defend_G","Defend_G","Survivor","Neutralize","expansioncontent:DashGenerateEvil+1","Catalyst+1","Jack Of All Trades+1","Neutralize","Dodge and Roll","Deadly Poison+1","ReplayTheSpireMod:Tripwire","Tactician","Bouncing Flask+1","Sucker Punch","Replay:Bag of Tricks+1","ReplayTheSpireMod:Necrosis+1","Poisoned Stab","Outmaneuver+1","Replay:Bag of Tricks+1","All Out Attack+1","PiercingWail","Adrenaline+1","Poisoned Stab+1","Deadly Poison+1","Bouncing Flask+1","hubris:SlightOfHand+1","Bane+1"],"relics":["Ring of the Snake","hubris:OldNail","hubris:PeanutButter","hubris:ToyBattleship","hubris:VirtuousBlindfold","CultistMask","Blue Doll","Letter Opener","ReplayTheSpireMod:TigerMarble","Replay:PocketPolymizer","Golden Egg","Strange Spoon","Painkiller Herb","Replay:Bottled Steam","StoneCalendar","Iron Hammer","hubris:Icosahedron","Red Mask"],"acts_visited":["Exordium","TheCity","TheBeyond"],"potions_floor_usage":[12,24,24,24,33,40,50,50],"damage_taken":[{"damage":0,"enemies":"Cultist","floor":1,"turns":2},{"damage":0,"enemies":"Small Slimes","floor":4,"turns":4},{"damage":9,"enemies":"Jaw Worm","floor":5,"turns":4},{"damage":23,"enemies":"Gremlin Nob","floor":7,"turns":5},{"damage":1,"enemies":"Blue Slaver","floor":10,"turns":2},{"damage":11,"enemies":"Lagavulin","floor":12,"turns":6},{"damage":0,"enemies":"Exordium Wildlife","floor":13,"turns":5},{"damage":0,"enemies":"3 Louse","floor":14,"turns":1},{"damage":1,"enemies":"Slime Boss","floor":16,"turns":5},{"damage":0,"enemies":"Chosen","floor":18,"turns":4},{"damage":0,"enemies":"Shell Parasite","floor":20,"turns":4},{"damage":0,"enemies":"Chosen and Byrds","floor":21,"turns":5},{"damage":0,"enemies":"Centurion and Healer","floor":22,"turns":6},{"damage":21,"enemies":"Gremlin Leader","floor":24,"turns":3},{"damage":0,"enemies":"Cultist and Chosen","floor":27,"turns":6},{"damage":3,"enemies":"Book of Stabbing","floor":28,"turns":4},{"damage":5,"enemies":"Collector","floor":33,"turns":5},{"damage":0,"enemies":"Orb Walker","floor":35,"turns":2},{"damage":13,"enemies":"3 Shapes","floor":36,"turns":4},{"damage":9,"enemies":"Sphere and 2 Shapes","floor":37,"turns":5},{"damage":0,"enemies":"Jaw Worm Horde","floor":39,"turns":2},{"damage":0,"enemies":"Nemesis","floor":40,"turns":4},{"damage":6,"enemies":"Reptomancer","floor":42,"turns":5},{"damage":0,"enemies":"Writhing Mass","floor":46,"turns":1},{"damage":0,"enemies":"Sphere and 2 Shapes","floor":47,"turns":2},{"damage":12,"enemies":"hubris:GrandSnecko","floor":50,"turns":7}],"seed_played":"6740326293515952785","potions_obtained":[{"floor":1,"key":"SteroidPotion"},{"floor":10,"key":"Slimebound:ThreeZeroPotion"},{"floor":12,"key":"Poison Potion"},{"floor":14,"key":"Weak Potion"},{"floor":16,"key":"Regen Potion"},{"floor":24,"key":"Elixir"},{"floor":27,"key":"Guardian:BlockOnCardUsePotion"},{"floor":33,"key":"Flashbang"},{"floor":36,"key":"Flashbang"},{"floor":46,"key":"champ:CounterPotion"}],"is_trial":false,"path_per_floor":["M","?","?","M","M","R","E","R","T","M","R","E","M","M","R","B",null,"M","?","M","M","M","R","E","R","T","M","E","?","R","$","R","B",null,"?","?","?","NS","?","E","T","E","T","?","T","?","?","?","T","B",null],"character_chosen":"THE_SILENT","items_purchased":["Golden Egg","Envenom","Strange Spoon","SkillPotion"],"campfire_rested":0,"item_purchase_floors":[31,31,31,31],"current_hp_per_floor":[63,56,56,56,54,54,31,31,31,30,30,19,19,19,19,18,63,63,63,63,63,63,63,46,46,46,46,43,43,43,43,43,38,63,63,50,47,53,59,63,63,57,63,63,63,63,63,63,63,51],"gold":0,"neow_bonus":"RANDOM_COLORLESS_2","is_daily":false,"chose_seed":false,"campfire_upgraded":11,"win_rate":0.0,"timestamp":1610478395,"path_taken":["M","?","?","M","?","R","E","R","T","M","R","E","M","M","R","BOSS","M","?","?","M","M","R","E","R","T","M","E","?","R","?","R","BOSS","?","?","?","NS","?","E","T","E","T","?","T","?","?","?","T","BOSS"],"items_purchased_type":["Relic","Card","Relic","Potion"],"build_version":"2020-12-22","purchased_purges":0,"victory":true,"max_hp_per_floor":[63,63,63,63,63,63,63,63,63,63,63,63,63,63,63,63,63,63,63,63,63,63,63,63,63,63,63,63,63,63,63,63,63,63,63,63,63,63,63,63,63,63,63,63,63,63,63,63,63,63],"card_choices":[{"not_picked":["ReplayUltimateDefense","Transmutation"],"picked":"expansioncontent:DashGenerateEvil","floor":0},{"not_picked":["Dagger Throw","Escape Plan"],"picked":"Catalyst","floor":1},{"not_picked":["Hidden Blade","Acrobatics"],"picked":"Dodge and Roll","floor":4},{"not_picked":["Dagger Throw","hubris:SlightOfHand"],"picked":"Deadly Poison","floor":5},{"not_picked":["Sucker Punch","Skewer"],"picked":"ReplayTheSpireMod:Tripwire","floor":7},{"not_picked":["Sucker Punch","Endless Agony"],"picked":"Tactician","floor":10},{"not_picked":["Hidden Blade","Deflect"],"picked":"Bouncing Flask","floor":12},{"not_picked":["Blade Dance","Hidden Blade"],"picked":"Sucker Punch","floor":13},{"not_picked":["hubris:TrickCloak","Hidden Blade"],"picked":"Replay:Bag of Tricks","floor":14},{"not_picked":["Night Terror","Atom Bomb"],"picked":"ReplayTheSpireMod:Necrosis","floor":16},{"not_picked":["hubris:Sniper","ReplayTheSpireMod:Exploit Weakness"],"picked":"Poisoned Stab","floor":18},{"not_picked":["Backflip","Dagger Spray"],"picked":"Poisoned Stab","floor":20},{"not_picked":["All Out Attack","Dagger Spray+1"],"picked":"Outmaneuver+1","floor":21},{"not_picked":["Dash","Deflect","Cloak And Dagger"],"picked":"SKIP","floor":22},{"not_picked":["Accuracy","All Out Attack"],"picked":"Replay:Bag of Tricks","floor":24},{"not_picked":["Backflip","Flying Knee"],"picked":"All Out Attack","floor":27},{"not_picked":["Dodge and Roll+1","ReplayTheSpireMod:Speed Training"],"picked":"PiercingWail","floor":28},{"not_picked":["Unload","Phantasmal Killer"],"picked":"Adrenaline","floor":33},{"not_picked":["Backflip+1","hubris:Counter"],"picked":"Poisoned Stab","floor":35},{"not_picked":["Flechettes","Underhanded Strike"],"picked":"Deadly Poison+1","floor":36},{"not_picked":["hubris:SlightOfHand+1","Heel Hook+1","Finisher"],"picked":"SKIP","floor":37},{"not_picked":["Predator","Prepared"],"picked":"Bouncing Flask+1","floor":39},{"not_picked":["Dodge and Roll+1","Cloak And Dagger","Heel Hook+1"],"picked":"SKIP","floor":40},{"not_picked":["Dodge and Roll","Atom Bomb"],"picked":"hubris:SlightOfHand+1","floor":42},{"not_picked":["Backflip+1","Outmaneuver+1"],"picked":"Bane+1","floor":46},{"not_picked":["Prepared+1","Dagger Throw+1","Leg Sweep+1"],"picked":"SKIP","floor":47}],"player_experience":374280,"relics_obtained":[{"floor":7,"key":"hubris:OldNail"},{"floor":9,"key":"hubris:PeanutButter"},{"floor":12,"key":"hubris:ToyBattleship"},{"floor":24,"key":"Blue Doll"},{"floor":26,"key":"Letter Opener"},{"floor":28,"key":"ReplayTheSpireMod:TigerMarble"},{"floor":40,"key":"Replay:Bottled Steam"},{"floor":42,"key":"StoneCalendar"},{"floor":43,"key":"Iron Hammer"}],"event_choices":[{"cards_removed":["Strike_G"],"damage_healed":0,"gold_gain":0,"player_choice":"Card Removal","damage_taken":7,"max_hp_gain":0,"max_hp_loss":0,"event_name":"Golden Wing","floor":2,"gold_loss":0},{"damage_healed":0,"gold_gain":0,"player_choice":"2 cards matched","damage_taken":0,"max_hp_gain":0,"max_hp_loss":0,"event_name":"Match and Keep!","floor":3,"gold_loss":0,"cards_obtained":["Jack Of All Trades","Neutralize"]},{"damage_healed":0,"gold_gain":0,"player_choice":"Trade","damage_taken":0,"relics_obtained":["CultistMask"],"max_hp_gain":0,"max_hp_loss":0,"event_name":"FaceTrader","floor":19,"gold_loss":0},{"damage_healed":0,"gold_gain":0,"player_choice":"Opened","damage_taken":0,"relics_obtained":["Replay:PocketPolymizer"],"max_hp_gain":0,"max_hp_loss":0,"event_name":"The Mausoleum","floor":29,"gold_loss":0},{"damage_healed":0,"gold_gain":0,"player_choice":"Paid","damage_taken":0,"relics_obtained":["Red Mask"],"max_hp_gain":0,"max_hp_loss":0,"event_name":"Tomb of Lord Red Mask","floor":48,"gold_loss":197}],"is_beta":false,"boss_relics":[{"not_picked":["Ring of the Serpent","hubris:TerracottaHorce"],"picked":"hubris:VirtuousBlindfold"},{"not_picked":["Sozu","Astrolabe"],"picked":"Painkiller Herb"}],"items_purged_floors":[],"is_endless":false,"potions_floor_spawned":[1,10,12,14,16,18,24,27,33,36,46,47],"ascension_level":1}}