{"host":"lzpp66udqthct9jv","time":1610472043,"event":{"mods":["Act Like it!","BaseMod","Better-Laid Plans","Chen","Emptier Cage","Gensokyo","Highlight Path","Koishi","Marisa£®ÏF”Í°°ƒß¿Ì…≥£©","Minty Spire (QoL Compilation)","Pale of the Ancients","Quick Restart","Reimu£®≤©¿ˆ¡È√Œ£©","Remilia£®¿Ÿ√◊¿Ú—«£©","Shop Mod","StSLib","The Administrix","The Servant 0.9.4","Yakumo Yukari mod","Youmu£®ªÍ∆«—˝√Œ£©","Yuyuko","ÛÙª÷∏ƒœ"],"gold_per_floor":[111,111,111,111,121,155,155,155,155],"floor_reached":8,"playtime":569,"items_purged":[],"score":98,"play_id":"27a10365-e8f1-48a6-a37c-261ede621681","local_time":"20210113012043","daily_mods":["SealedDeck","Diverse","Colorless Cards","Heirloom","Time Dilation","DeadlyEvents","Elite Swarm","Uncertain Future"],"is_ascension_mode":true,"campfire_choices":[{"data":"ChargingUp","floor":7,"key":"SMITH"}],"circlet_count":0,"master_deck":["Demon Form","Wraith Form v2","Echo Form","DevaForm","Chen:ShikigamiForm","BatForm","FlawlessForm","AscendersBane","Rewind","InnerPeace","UnstableBomb","PowerUp","Study","Koishi:ReflexRadar","Sword Boomerang","Defy","Pray","Pummel","ChargingUp+1","Pain","Koishi:Heartbroken"],"relics":["Burning Blood","Calipers","Gensokyo:LunaticRedEyes","Eternal Feather"],"acts_visited":["Gensokyo:Gensokyo"],"potions_floor_usage":[6],"damage_taken":[{"damage":16.0,"enemies":"Gensokyo:2_Kodama","floor":1.0,"turns":5.0},{"damage":22.0,"enemies":"Gensokyo:Gryphon","floor":5.0,"turns":5.0},{"damage":39,"enemies":"Gensokyo:Aya","floor":6,"turns":8},{"damage":24,"enemies":"Gensokyo:Cirno","floor":8,"turns":9}],"seed_played":"4493065028677251901","potions_obtained":[{"floor":5.0,"key":"DuplicationPotion"}],"is_trial":true,"path_per_floor":["M","?","?","?","M","E","R","E"],"character_chosen":"IRONCLAD","items_purchased":[],"campfire_rested":0,"item_purchase_floors":[],"current_hp_per_floor":[58,58,58,58,42,9,21,0,0],"gold":155,"neow_bonus":"","is_daily":false,"chose_seed":false,"campfire_upgraded":1,"win_rate":0.0,"timestamp":1610472043,"path_taken":["M","?","?","?","M","E","R","E"],"items_purchased_type":[],"build_version":"2020-12-22","purchased_purges":0,"victory":false,"max_hp_per_floor":[75,75,75,75,75,75,75,75,75],"card_choices":[{"not_picked":["BlasphemousPunishment","AdministrixMod:SealAway","Chen:Spray"],"picked":"SKIP","floor":1.0},{"not_picked":["GalacticHalo","Heel Hook"],"picked":"ChargingUp","floor":3.0},{"not_picked":["Clash","Wireheading","Thunderclap"],"picked":"SKIP","floor":5.0},{"not_picked":["Exhume","MillisecondPulsars"],"picked":"Koishi:Heartbroken","floor":6}],"player_experience":1838681,"relics_obtained":[{"floor":6,"key":"Eternal Feather"}],"event_choices":[],"is_beta":false,"boss_relics":[],"items_purged_floors":[],"is_endless":false,"potions_floor_spawned":[5],"killed_by":"Gensokyo:Cirno","ascension_level":20}}