{"host":"4rvk26w7t08d5zdj","time":1610417624,"event":{"mods":["AchievementEnabler","BaseMod","Colored Powertips","Conspire","Energized Spire","GifTheSpireLib","Minty Spire (QoL Compilation)","Rare Cards Sparkle","StSLib","The Animator","The Blue Laboratory"],"gold_per_floor":[122,132,41,70,70,70,87,113,113,113,113,147,147,176,176,291,291,314,21,33,58,58,93,93,106,106,106,106,106,26,45,45,45,45],"floor_reached":33,"playtime":1994,"items_purged":[],"score":323,"play_id":"239ef9b4-aa0e-4d60-be01-d16d2f076901","local_time":"20210111181344","is_ascension_mode":false,"campfire_choices":[{"data":"animator:Zero","floor":6.0,"key":"SMITH"},{"data":"animator:Vanir","floor":11.0,"key":"SMITH"},{"data":"animator:Layla","floor":13.0,"key":"SMITH"},{"data":"animator:DwarfShaman","floor":15.0,"key":"SMITH"},{"floor":24,"key":"REST"},{"data":"animator:Ain","floor":27,"key":"SMITH"},{"floor":29,"key":"REST"},{"data":"animator:AcuraShin","floor":32,"key":"SMITH"}],"circlet_count":0,"master_deck":["animator:Strike_Konosuba","animator:Defend_Konosuba","animator:Kazuma","animator:Aqua+1","animator:Layla+1","animator:Ain+1","animator:Strike_HitsugiNoChaika","animator:Strike_MadokaMagica","animator:Strike_Overlord","animator:Defend_Overlord","animator:Defend_FullmetalAlchemist","animator:Mitsurugi","animator:Zero+1","animator:Vanir+1","animator:DwarfShaman+1","animator:Benimaru","animator:ChaikaTrabant","animator:AcuraShin+1","animator:Megumin+3","animator:Sonic","animator:RoyMustang+1","animator:HighElfArcher+1","animator:Kazuma","animator:YunYun","animator:Verdia"],"relics":["animator:LivingPicture","animator:TheMissingPiece","conspire:Dentures","Blue Candle","Mango","conspire:SpecialSausage","Vajra","Strawberry","Red Mask","Akabeko","Sundial"],"acts_visited":["Exordium","TheCity"],"potions_floor_usage":[21,31,33],"damage_taken":[{"damage":0.0,"enemies":"Small Slimes","floor":1.0,"turns":6.0},{"damage":0.0,"enemies":"conspire:RoseBush","floor":2.0,"turns":3.0},{"damage":9.0,"enemies":"Jaw Worm","floor":4.0,"turns":8.0},{"damage":9.0,"enemies":"2 Fungi Beasts","floor":7.0,"turns":5.0},{"damage":2.0,"enemies":"Looter","floor":8.0,"turns":3.0},{"damage":13.0,"enemies":"Lagavulin","floor":12.0,"turns":5.0},{"damage":8.0,"enemies":"Gremlin Nob","floor":14.0,"turns":3.0},{"damage":23,"enemies":"Slime Boss","floor":16,"turns":6},{"damage":10,"enemies":"3 Byrds","floor":18,"turns":4},{"damage":20,"enemies":"Spheric Guardian","floor":20,"turns":5},{"damage":26,"enemies":"Masked Bandits","floor":21,"turns":3},{"damage":4,"enemies":"Gremlin Leader","floor":23,"turns":4},{"damage":3,"enemies":"Snake Plant","floor":25,"turns":3},{"damage":3,"enemies":"Centurion and Healer","floor":31,"turns":6},{"damage":89,"enemies":"Champ","floor":33,"turns":8}],"seed_played":"6084549423552343972","potions_obtained":[{"floor":1.0,"key":"blueLaboratory:PyrophylliteBrew"},{"floor":7.0,"key":"Swift Potion"},{"floor":12.0,"key":"blueLaboratory:PhilterOfMotion"},{"floor":16,"key":"Energy Potion"},{"floor":23,"key":"BlessingOfTheForge"},{"floor":25,"key":"blueLaboratory:FrostheartPotion"},{"floor":31,"key":"ColorlessPotion"}],"is_trial":false,"path_per_floor":["M","M","?","M","?","R","M","M","T","$","R","E","R","E","R","B",null,"M","$","M","?","?","E","R","M","T","R","?","R","$","M","R","B"],"character_chosen":"THE_ANIMATOR","items_purchased":["Vajra","Strawberry","animator:YunYun"],"campfire_rested":2,"item_purchase_floors":[19,19,30],"current_hp_per_floor":[66,66,66,60,60,60,55,56,56,56,56,46,46,56,56,36,82,75,82,65,42,42,42,69,66,66,66,48,76,76,77,77,0,0],"gold":45,"neow_bonus":"UPGRADE_CARD","is_daily":false,"chose_seed":false,"campfire_upgraded":6,"win_rate":0.0,"timestamp":1610417624,"path_taken":["M","M","?","M","?","R","M","M","T","$","R","E","R","E","R","BOSS","M","$","M","?","?","E","R","M","T","R","?","R","?","M","R","BOSS"],"items_purchased_type":["Relic","Relic","Card"],"build_version":"2020-12-22","purchased_purges":0,"victory":false,"max_hp_per_floor":[66,66,66,66,66,66,67,67,67,67,67,67,67,82,82,82,82,82,89,89,89,89,90,90,90,90,90,95,95,95,96,96,96,96],"card_choices":[{"not_picked":["animator:Fredrika","animator:Rena"],"picked":"animator:Layla","floor":1.0},{"not_picked":["animator:LizardPriest","animator:Sloth"],"picked":"animator:Ain","floor":2.0},{"not_picked":["animator:ChaikaBohdan","animator:AcuraAkari"],"picked":"animator:Mitsurugi","floor":4.0},{"not_picked":["animator:Kazuma","animator:Mitsurugi"],"picked":"animator:Vanir","floor":7.0},{"not_picked":["animator:Gillette","animator:Genos"],"picked":"animator:DwarfShaman","floor":8.0},{"not_picked":["animator:AcuraAkari","animator:Fredrika"],"picked":"animator:Benimaru","floor":12.0},{"not_picked":["animator:Chung","animator:Mitsurugi"],"picked":"animator:ChaikaTrabant","floor":14.0},{"not_picked":["animator:Envy","animator:SwordMaiden"],"picked":"animator:AcuraShin","floor":16},{"not_picked":["animator:Vanir","animator:Aqua"],"picked":"animator:Megumin","floor":18},{"not_picked":["animator:Pride","animator:Aisha"],"picked":"animator:Sonic","floor":20},{"not_picked":["animator:Scar","animator:ElricEdward"],"picked":"animator:RoyMustang+1","floor":21},{"not_picked":["animator:Vanir+1","animator:Sloth"],"picked":"animator:HighElfArcher+1","floor":23},{"not_picked":["animator:Gillette","animator:Verdia"],"picked":"animator:Kazuma","floor":25},{"not_picked":["animator:Aqua","animator:Vanir"],"picked":"animator:Verdia","floor":31}],"player_experience":1013199,"relics_obtained":[{"floor":9.0,"key":"conspire:Dentures"},{"floor":12.0,"key":"Blue Candle"},{"floor":14.0,"key":"Mango"},{"floor":21,"key":"Red Mask"},{"floor":23,"key":"Akabeko"},{"floor":26,"key":"Sundial"}],"event_choices":[{"damage_healed":0.0,"max_hp_gain":0.0,"max_hp_loss":0.0,"gold_gain":0.0,"cards_transformed":["animator:Defend_MadokaMagica"],"event_name":"Transmorgrifier","player_choice":"Transformed","floor":5.0,"gold_loss":0.0,"damage_taken":0.0,"cards_obtained":["animator:Zero"]},{"damage_healed":0,"gold_gain":0,"player_choice":"Fought Bandits","damage_taken":0,"max_hp_gain":0,"max_hp_loss":0,"event_name":"Masked Bandits","floor":21,"gold_loss":0},{"damage_healed":0,"gold_gain":0,"player_choice":"Leave","damage_taken":0,"max_hp_gain":0,"max_hp_loss":0,"event_name":"conspire:Investor","floor":22,"gold_loss":0},{"damage_healed":0,"gold_gain":0,"player_choice":"Shed Blood","damage_taken":23,"max_hp_gain":5,"max_hp_loss":0,"event_name":"Forgotten Altar","floor":28,"gold_loss":0}],"is_beta":false,"boss_relics":[{"not_picked":["Black Star","conspire:RunicOctahedron"],"picked":"conspire:SpecialSausage"}],"items_purged_floors":[],"is_endless":false,"potions_floor_spawned":[1,7,12,16,23,25,31],"killed_by":"Champ","ascension_level":0}}