{"host":"x205naxbihvu3p76","time":1610452422,"event":{"mods":["AchievementEnabler","BaseMod","Minty Spire (QoL Compilation)","StSLib","SuperFastMode"],"gold_per_floor":[111,8,25,25,40,72,72,83,129,143,143,92,92,102,102,102,102],"floor_reached":16,"playtime":299,"items_purged":["Normality"],"score":204,"play_id":"fd31f08e-e6f0-4dab-8b09-4bff7477d884","local_time":"20210112205342","is_ascension_mode":true,"campfire_choices":[{"data":"Seek","floor":7.0,"key":"SMITH"},{"data":"Barrage","floor":11.0,"key":"SMITH"},{"data":"Creative AI","floor":15.0,"key":"SMITH"}],"circlet_count":0,"master_deck":["AscendersBane","Strike_B","Strike_B","Strike_B","Defend_B","Defend_B","Defend_B","Defend_B","Zap","Dualcast","Seek+1","Barrage+1","Redo","Ball Lightning","Biased Cognition","Go for the Eyes","Creative AI+1"],"relics":["Cracked Core","Eternal Feather","MealTicket"],"acts_visited":["Exordium"],"potions_floor_usage":[16],"damage_taken":[{"damage":0.0,"enemies":"2 Louse","floor":1.0,"turns":3.0},{"damage":4.0,"enemies":"Small Slimes","floor":3.0,"turns":3.0},{"damage":2.0,"enemies":"Jaw Worm","floor":5.0,"turns":3.0},{"damage":11.0,"enemies":"Gremlin Nob","floor":6.0,"turns":3.0},{"damage":17.0,"enemies":"Exordium Wildlife","floor":8.0,"turns":4.0},{"damage":10.0,"enemies":"2 Fungi Beasts","floor":10.0,"turns":2.0},{"damage":20.0,"enemies":"Lots of Slimes","floor":14.0,"turns":4.0},{"damage":34,"enemies":"Slime Boss","floor":16,"turns":6}],"seed_played":"3706016047333925792","potions_obtained":[{"floor":5.0,"key":"Swift Potion"},{"floor":6.0,"key":"SteroidPotion"}],"is_trial":false,"path_per_floor":["M","$","M","$","M","E","R","M","T","M","R","?","?","M","R","B"],"character_chosen":"DEFECT","items_purchased":["Barrage"],"campfire_rested":0,"item_purchase_floors":[2],"current_hp_per_floor":[64,64,60,60,58,47,56,39,39,29,38,38,31,11,20,0,0],"gold":102,"neow_bonus":"THREE_RARE_CARDS","is_daily":false,"chose_seed":false,"campfire_upgraded":3,"win_rate":0.0,"timestamp":1610452422,"path_taken":["M","$","M","$","M","E","R","M","T","M","R","?","?","M","R","BOSS"],"items_purchased_type":["Card"],"build_version":"2020-12-22","purchased_purges":1,"victory":false,"max_hp_per_floor":[71,71,71,71,71,71,71,71,71,71,71,71,71,71,71,71,71],"card_choices":[{"not_picked":["Amplify","Meteor Strike"],"picked":"Seek","floor":0.0},{"not_picked":["Steam Power","Skim","Rebound"],"picked":"SKIP","floor":1.0},{"not_picked":["Darkness","Conserve Battery"],"picked":"Redo","floor":3.0},{"not_picked":["Sweeping Beam","Cold Snap"],"picked":"Ball Lightning","floor":5.0},{"not_picked":["Steam Power","Streamline"],"picked":"Biased Cognition","floor":6.0},{"not_picked":["Compile Driver","Rebound"],"picked":"Go for the Eyes","floor":8.0},{"not_picked":["Redo","Lockon","Coolheaded"],"picked":"SKIP","floor":10.0},{"not_picked":["Beam Cell","Rip and Tear"],"picked":"Creative AI","floor":14.0}],"player_experience":968565,"relics_obtained":[{"floor":6.0,"key":"Eternal Feather"},{"floor":9.0,"key":"MealTicket"}],"event_choices":[{"damage_healed":0.0,"max_hp_gain":0.0,"max_hp_loss":0.0,"gold_gain":0.0,"event_name":"World of Goop","player_choice":"Left Gold","floor":12.0,"gold_loss":51.0,"damage_taken":0.0},{"cards_removed":["Strike_B"],"damage_healed":0.0,"max_hp_gain":0.0,"max_hp_loss":0.0,"gold_gain":0.0,"event_name":"Golden Wing","player_choice":"Card Removal","floor":13.0,"gold_loss":0.0,"damage_taken":7.0}],"is_beta":false,"boss_relics":[],"items_purged_floors":[2],"is_endless":false,"potions_floor_spawned":[5,6],"killed_by":"Slime Boss","ascension_level":20}}