{"host":"pzq1vc4uuxkm5fg8","time":1610492409,"event":{"mods":["BaseMod","BetterRewards","Downfall","Hermit","Marisa????????","Minty Spire (QoL Compilation)","Shop Mod","StSLib","The Cursed"],"gold_per_floor":[116,116,134,148,158,189,203,203,203,203,228,198,229,254,254,254,254],"floor_reached":16,"language":"ENG","playtime":2760,"items_purged":[],"score":114,"play_id":"ad2ff0d2-0c47-42b0-860e-a265ed4997d1","local_time":"20210112180009","is_ascension_mode":false,"campfire_choices":[{"floor":8,"key":"REST"},{"floor":15,"key":"REST"}],"circlet_count":0,"master_deck":["hermit:Strike_Hermit","hermit:Strike_Hermit","hermit:Strike_Hermit","hermit:Strike_Hermit","hermit:Defend_Hermit","hermit:Defend_Hermit","hermit:Defend_Hermit","hermit:Defend_Hermit","hermit:Snapshot","hermit:Covet","hermit:Horror","hermit:FlashPowder","hermit:Brawl","hermit:TrackingShot","hermit:Vantage","hermit:BodyArmor","hermit:OverwhelmingPower","hermit:Enervate","hermit:FinalCanter","hermit:Midnight+1"],"relics":["hermit:Momento","Ancient Tea Set","Blood Vial","Mummified Hand","Golden Idol","Toxic Egg 2"],"acts_visited":["Exordium"],"potions_floor_usage":[16,16,16],"damage_taken":[{"damage":2.0,"enemies":"Small Slimes","floor":1.0,"turns":3.0},{"damage":0.0,"enemies":"2 Louse","floor":3.0,"turns":2.0},{"damage":0.0,"enemies":"Cultist","floor":4.0,"turns":3.0},{"damage":2.0,"enemies":"Looter","floor":5.0,"turns":4.0},{"damage":36,"enemies":"Gremlin Nob","floor":6,"turns":5},{"damage":5,"enemies":"Red Slaver","floor":7,"turns":4},{"damage":9,"enemies":"Blue Slaver","floor":11,"turns":5},{"damage":0,"enemies":"Looter","floor":12,"turns":4},{"damage":6,"enemies":"Lagavulin","floor":13,"turns":6},{"damage":0,"enemies":"2 Fungi Beasts","floor":14,"turns":3},{"damage":50,"enemies":"Hexaghost","floor":16,"turns":10}],"seed_played":"3518643145355989104","potions_obtained":[{"floor":4.0,"key":"sneckomod:MuddlingPotion"},{"floor":5.0,"key":"GamblersBrew"},{"floor":7,"key":"sneckomod:MuddlingPotion"}],"is_trial":false,"path_per_floor":["M","?","M","M","M","E","M","R","T","?","M","M","E","M","R","B"],"character_chosen":"HERMIT","items_purchased":[],"campfire_rested":2,"item_purchase_floors":[],"current_hp_per_floor":[80,68,68,68,66,30,27,51,51,31,24,26,22,24,48,0,0],"gold":254,"neow_bonus":"TEN_PERCENT_HP_BONUS","is_daily":false,"chose_seed":false,"campfire_upgraded":0,"win_rate":0.0,"timestamp":1610492409,"path_taken":["M","?","M","M","M","E","M","R","T","?","M","M","E","M","R","BOSS"],"items_purchased_type":[],"build_version":"2020-12-22","purchased_purges":0,"victory":false,"max_hp_per_floor":[82,82,82,82,82,82,82,82,82,82,82,82,82,82,82,82,82],"card_choices":[{"not_picked":["hermit:Vantage","hermit:LuckOfTheDraw"],"picked":"hermit:Horror","floor":1.0},{"not_picked":["hermit:Desperado","hermit:Manifest"],"picked":"hermit:FlashPowder","floor":3.0},{"not_picked":["hermit:Misfire","hermit:Desperado"],"picked":"hermit:Brawl","floor":4.0},{"not_picked":["hermit:Desperado","hermit:Grudge"],"picked":"hermit:TrackingShot","floor":5.0},{"not_picked":["hermit:TrackingShot","hermit:WideOpen"],"picked":"hermit:Vantage","floor":6},{"not_picked":["hermit:Desperado","hermit:CalledShot"],"picked":"hermit:BodyArmor","floor":7},{"not_picked":["hermit:Scavenge","hermit:Quickdraw"],"picked":"hermit:OverwhelmingPower","floor":11},{"not_picked":["hermit:Roulette","hermit:TrackingShot"],"picked":"hermit:Enervate","floor":12},{"not_picked":["hermit:SprayPray","hermit:ItchyTrigger"],"picked":"hermit:FinalCanter","floor":13},{"not_picked":["hermit:Headshot","hermit:TakeAim"],"picked":"hermit:Midnight+1","floor":14}],"player_experience":318688,"relics_obtained":[{"floor":6,"key":"Blood Vial"},{"floor":9,"key":"Mummified Hand"},{"floor":13,"key":"Toxic Egg 2"}],"event_choices":[{"damage_healed":0.0,"max_hp_gain":0.0,"max_hp_loss":0.0,"gold_gain":0.0,"event_name":"Scrap Ooze","player_choice":"Success","floor":2.0,"gold_loss":0.0,"damage_taken":12.0,"relics_obtained":["Ancient Tea Set"]},{"damage_healed":0,"gold_gain":0,"player_choice":"Take Damage","damage_taken":20,"relics_obtained":["Golden Idol"],"max_hp_gain":0,"max_hp_loss":0,"event_name":"Golden Idol","floor":10,"gold_loss":0}],"is_beta":false,"boss_relics":[],"items_purged_floors":[],"is_endless":false,"potions_floor_spawned":[4,5,7,11],"killed_by":"Hexaghost","ascension_level":0}}