{"host":"6gnjg44wf0nz538o","time":1610426378,"event":{"mods":["AchievementEnabler","BaseMod","BetterRewards","Colored Map","Minty Spire (QoL Compilation)","Replay The Spire","Spicy Shops","StSLib","The Servant 0.9.4"],"gold_per_floor":[118,96,112,130,130,156,156,188,238,162,182,212,229,242,242,338,338,357,18,35,35,54,54,70,100,100,100,110,143,163,182,182,277,277,289,289,289,62,77,112,112,147,196,196,196,148,199,53,53,69,69,69,32,65,83,83],"floor_reached":55,"playtime":2821,"items_purged":[],"score":1737,"play_id":"8651c831-765e-4785-a616-f764b0e98fa8","local_time":"20210111233938","is_ascension_mode":true,"campfire_choices":[{"floor":15.0,"key":"REST"},{"floor":23.0,"key":"REST"},{"floor":32.0,"key":"REST"},{"floor":41.0,"key":"REST"},{"floor":44.0,"key":"REST"},{"floor":49.0,"key":"RECALL"},{"floor":52.0,"key":"REST"}],"circlet_count":0,"master_deck":["AscendersBane","Survivor","Neutralize","ReplayTheSpireMod:Scrap Shanks","Calculated Gamble","Acrobatics","Prepared","Blade Dance","Prepared","All Out Attack","Infinite Blades","Slice","Cloak And Dagger","Slice","A Thousand Cuts","Blade Dance","Accuracy","Slice","Concentrate","Acrobatics+1","Calculated Gamble","Blade Dance","Adrenaline","Choke","Wraith Form v2+1","ReplayTheSpireMod:Shiv Toss","Leg Sweep","Bullet Time","After Image","Glass Knife+1","Fluid Movement","Toxin Wave","Deflect","Writhe","ReplayTheSpireMod:Scrap Shanks","Pot Of Greed","Pot Of Greed","Pot Of Greed","Pot Of Greed","Slice","Amnesia","Slice+1","Clumsy","Accuracy","All Out Attack"],"relics":["Ring of the Snake","StoneCalendar","Onion Ring","Pantograph","Ancient Tea Set","Garlic","Replay:Wax Seal","Tiny Chest","Black Star","Basket Of Snakes","Peace Pipe","Replay:Mystery Machine","Snake Skull","Lantern","Pandora\u0027s Box","Boot","Guide Book","Letter Opener","Potion Belt","Grinning Jar","ReplayTheSpireMod:Shallot","Replay:Bandana","ReplayTheSpireMod:Ring of Collecting","White Beast Statue","Unceasing Top","Pet Ghost","ReplayTheSpireMod:CursedCoin","Replay:Accelerometer","Thread and Needle"],"acts_visited":["Exordium","TheCity","TheBeyond","TheEnding"],"potions_floor_usage":[55,55,55,55],"damage_taken":[{"damage":0.0,"enemies":"Jaw Worm","floor":1.0,"turns":2.0},{"damage":0.0,"enemies":"Small Slimes","floor":3.0,"turns":2.0},{"damage":0.0,"enemies":"Cultist","floor":4.0,"turns":2.0},{"damage":22.0,"enemies":"Lagavulin","floor":6.0,"turns":7.0},{"damage":12.0,"enemies":"3 Sentries","floor":8.0,"turns":3.0},{"damage":0.0,"enemies":"2 Fungi Beasts","floor":11.0,"turns":3.0},{"damage":12.0,"enemies":"Gremlin Nob","floor":12.0,"turns":3.0},{"damage":3.0,"enemies":"Exordium Thugs","floor":13.0,"turns":3.0},{"damage":0.0,"enemies":"Lots of Slimes","floor":14.0,"turns":1.0},{"damage":30.0,"enemies":"Hexaghost","floor":16.0,"turns":7.0},{"damage":9.0,"enemies":"Spheric Guardian","floor":18.0,"turns":3.0},{"damage":15.0,"enemies":"2 Thieves","floor":20.0,"turns":3.0},{"damage":0.0,"enemies":"Centurion and Healer","floor":22.0,"turns":4.0},{"damage":0.0,"enemies":"Chosen and Byrds","floor":24.0,"turns":3.0},{"damage":0.0,"enemies":"Gremlin Leader","floor":25.0,"turns":3.0},{"damage":20.0,"enemies":"Snake Plant","floor":28.0,"turns":4.0},{"damage":6.0,"enemies":"Replay:Snechameleon","floor":29.0,"turns":3.0},{"damage":6.0,"enemies":"Centurion and Healer","floor":30.0,"turns":4.0},{"damage":4.0,"enemies":"Chosen and Byrds","floor":31.0,"turns":4.0},{"damage":30.0,"enemies":"Automaton","floor":33.0,"turns":6.0},{"damage":51.0,"enemies":"3 Darklings","floor":35.0,"turns":4.0},{"damage":2.0,"enemies":"3 Shapes","floor":39.0,"turns":2.0},{"damage":8.0,"enemies":"Reptomancer","floor":40.0,"turns":5.0},{"damage":18.0,"enemies":"Nemesis","floor":42.0,"turns":5.0},{"damage":1.0,"enemies":"Maw","floor":46.0,"turns":4.0},{"damage":7.0,"enemies":"R_Hoarder","floor":47.0,"turns":6.0},{"damage":57.0,"enemies":"Time Eater","floor":50.0,"turns":11.0},{"damage":25.0,"enemies":"Shield and Spear","floor":54.0,"turns":5.0},{"damage":98,"enemies":"The Heart","floor":55,"turns":6}],"seed_played":"-4357680653357615548","potions_obtained":[{"floor":1.0,"key":"AttackPotion"},{"floor":8.0,"key":"Dexterity Potion"},{"floor":12.0,"key":"Poison Potion"},{"floor":13.0,"key":"Fire Potion"},{"floor":14.0,"key":"DistilledChaos"},{"floor":30.0,"key":"Block Potion"},{"floor":33.0,"key":"GhostInAJar"},{"floor":40.0,"key":"Weak Potion"},{"floor":42.0,"key":"ColorlessPotion"},{"floor":47.0,"key":"BlessingOfTheForge"},{"floor":54.0,"key":"GamblersBrew"}],"is_trial":false,"path_per_floor":["M","$","M","M","?","E","?","E","T","$","M","E","M","M","R","B",null,"M","$","M","$","M","R","M","E","T","?","M","E","M","M","R","B",null,"M","T","?","$","M","E","R","E","T","R","?","M","E","$","R","B",null,"R","$","E","B"],"character_chosen":"THE_SILENT","items_purchased":["ReplayTheSpireMod:Scrap Shanks","Calculated Gamble","Onion Ring","Prepared","Infinite Blades","Basket Of Snakes","Accuracy","Slice","ReplayTheSpireMod:Scrap Shanks","Guide Book","Pet Ghost","ReplayTheSpireMod:CursedCoin","Accuracy","Swift Potion"],"campfire_rested":6,"item_purchase_floors":[0,0,0,2,10,19,19,19,38,38,48,53,53,53],"current_hp_per_floor":[56,56,56,56,70,48,48,36,36,36,36,24,21,21,42,37,62,53,53,38,38,38,59,59,59,59,59,39,33,27,23,44,39,62,11,11,29,29,27,19,40,22,22,43,43,42,35,35,35,3,53,70,70,45,0,0],"gold":83,"neow_bonus":"","is_daily":false,"chose_seed":false,"campfire_upgraded":0,"win_rate":0.0,"timestamp":1610426378,"path_taken":["M","$","M","M","?","E","?","E","T","$","M","E","M","M","R","BOSS","M","$","?","$","M","R","M","E","T","?","?","E","M","M","R","BOSS","M","?","?","$","M","E","R","E","T","R","?","M","E","?","R","BOSS","R","$","E","BOSS"],"items_purchased_type":["Card","Card","Relic","Card","Card","Relic","Card","Card","Card","Relic","Relic","Relic","Card","Potion"],"build_version":"2020-12-22","purchased_purges":0,"victory":false,"max_hp_per_floor":[70,70,70,70,70,70,70,70,70,70,70,70,70,70,70,70,70,70,70,70,70,70,70,70,70,70,70,70,70,70,70,70,70,70,70,70,70,70,70,70,70,70,70,70,70,70,70,70,70,70,70,70,70,70,70,70],"card_choices":[{"not_picked":["ReplayTheSpireMod:The Works","Terror"],"picked":"Acrobatics","floor":1.0},{"not_picked":["Flechettes","Underhanded Strike"],"picked":"Blade Dance","floor":3.0},{"not_picked":["Deadly Poison","Quick Slash"],"picked":"Prepared","floor":4.0},{"not_picked":["Distraction","Outmaneuver"],"picked":"All Out Attack","floor":6.0},{"not_picked":["Expertise","Leg Sweep","ReplayTheSpireMod:Necrosis"],"picked":"SKIP","floor":8.0},{"not_picked":["Bouncing Flask","ReplayTheSpireMod:Tripwire"],"picked":"Slice","floor":11.0},{"not_picked":["Escape Plan","Adrenaline"],"picked":"Cloak And Dagger","floor":12.0},{"not_picked":["Deadly Poison","ReplayTheSpireMod:Scrap Shanks"],"picked":"Slice","floor":13.0},{"not_picked":["ReplayTheSpireMod:Speed Training","Backflip","Poisoned Stab"],"picked":"SKIP","floor":14.0},{"not_picked":["ReplayTheSpireMod:From All Sides","Die Die Die"],"picked":"A Thousand Cuts","floor":16.0},{"not_picked":["Dagger Spray","Dagger Throw"],"picked":"Blade Dance","floor":18.0},{"not_picked":["PiercingWail","Dodge and Roll","Concentrate"],"picked":"SKIP","floor":20.0},{"not_picked":["PiercingWail","Dodge and Roll"],"picked":"Concentrate","floor":20.0},{"not_picked":["Catalyst","Sucker Punch"],"picked":"Acrobatics+1","floor":22.0},{"not_picked":["Bullet Time","Setup","Dagger Spray"],"picked":"SKIP","floor":24.0},{"not_picked":["Dash","Dagger Throw"],"picked":"Calculated Gamble","floor":25.0},{"not_picked":["Hidden Blade","Dagger Throw","Concentrate"],"picked":"SKIP","floor":28.0},{"not_picked":["Quick Slash+1","Dagger Spray","Flying Knee"],"picked":"SKIP","floor":29.0},{"not_picked":["Hidden Blade","ReplayTheSpireMod:Tripwire","Sucker Punch"],"picked":"SKIP","floor":30.0},{"not_picked":["ReplayTheSpireMod:Speed Training","Calculated Gamble"],"picked":"Blade Dance","floor":31.0},{"not_picked":["Envenom","Atom Bomb"],"picked":"Adrenaline","floor":33.0},{"not_picked":["Outmaneuver","Quick Slash","Cloak And Dagger"],"picked":"SKIP","floor":35.0},{"not_picked":["Dagger Spray+1","PiercingWail+1","Acrobatics"],"picked":"SKIP","floor":39.0},{"not_picked":["Quick Slash","Outmaneuver","Wraith Form v2"],"picked":"SKIP","floor":40.0},{"not_picked":["Footwork","Outmaneuver"],"picked":"Slice","floor":42.0},{"not_picked":["Quick Slash+1","Draining Mist"],"picked":"Slice+1","floor":46.0},{"not_picked":["Underhanded Strike","Hidden Blade+1","Dagger Spray"],"picked":"SKIP","floor":47.0},{"not_picked":["Bane","Blur"],"picked":"All Out Attack","floor":54.0}],"player_experience":539656,"relics_obtained":[{"floor":6.0,"key":"Pantograph"},{"floor":8.0,"key":"Garlic"},{"floor":9.0,"key":"Replay:Wax Seal"},{"floor":12.0,"key":"Tiny Chest"},{"floor":25.0,"key":"Peace Pipe"},{"floor":25.0,"key":"Replay:Mystery Machine"},{"floor":29.0,"key":"Snake Skull"},{"floor":29.0,"key":"Lantern"},{"floor":36.0,"key":"Boot"},{"floor":40.0,"key":"Letter Opener"},{"floor":40.0,"key":"Potion Belt"},{"floor":42.0,"key":"Grinning Jar"},{"floor":42.0,"key":"ReplayTheSpireMod:Shallot"},{"floor":43.0,"key":"Replay:Bandana"},{"floor":45.0,"key":"ReplayTheSpireMod:Ring of Collecting"},{"floor":47.0,"key":"White Beast Statue"},{"floor":47.0,"key":"Unceasing Top"},{"floor":54.0,"key":"Replay:Accelerometer"},{"floor":54.0,"key":"Thread and Needle"}],"event_choices":[{"damage_healed":23.0,"max_hp_gain":0.0,"max_hp_loss":0.0,"gold_gain":0.0,"event_name":"Big Fish","player_choice":"Banana","floor":5.0,"gold_loss":0.0,"damage_taken":0.0},{"damage_healed":0.0,"max_hp_gain":0.0,"max_hp_loss":0.0,"gold_gain":0.0,"event_name":"WeMeetAgain","player_choice":"Gave Potion","floor":7.0,"gold_loss":0.0,"damage_taken":0.0,"relics_obtained":["Ancient Tea Set"]},{"damage_healed":0.0,"max_hp_gain":0.0,"max_hp_loss":0.0,"gold_gain":0.0,"event_name":"Match and Keep!","player_choice":"0 cards matched","floor":27.0,"gold_loss":0.0,"damage_taken":0.0,"cards_obtained":[]},{"damage_healed":18.0,"max_hp_gain":0.0,"max_hp_loss":0.0,"gold_gain":0.0,"event_name":"Winding Halls","player_choice":"Writhe","floor":37.0,"gold_loss":0.0,"damage_taken":0.0,"cards_obtained":["Writhe"]}],"is_beta":false,"boss_relics":[{"not_picked":["Painkiller Herb","Replay:Drink Me"],"picked":"Black Star"},{"not_picked":["Velvet Choker","Replay:Wanted Poster"],"picked":"Pandora\u0027s Box"}],"items_purged_floors":[],"is_endless":false,"potions_floor_spawned":[1,8,12,13,14,16,20,24,25,30,33,40,42,47,54],"killed_by":"The Heart","ascension_level":12}}