{"host":"s794kqxf2n1qz2yr","time":1610478158,"event":{"mods":["100% Spire Juice","2.2 Compatiblity","AchievementEnabler","Aspiration","BaseMod","ChefMod","Downfall","Friendly Minions","Hermit","Hyrulean Relics","Minty Spire (QoL Compilation)","Permanent Neow","StSLib","The Animator"],"gold_per_floor":[113,128,128,146,162,162,52,79,105,105,115,127,156,7,7,106,106,122,212,110,129,141,21,32,47,70,70,70,88,102,131,131,235,235,253,253,253,77,94,94,110,110,110,158,172,0,0,33,33,33],"floor_reached":51,"playtime":2626,"items_purged":["Purity"],"score":838,"play_id":"72b82f13-1bfe-4f1b-a19d-f12525ddb9b8","local_time":"20210112190238","daily_mods":["SealedDeck"],"is_ascension_mode":false,"campfire_choices":[{"data":"Moonworks:CloudOfSeagulls","floor":6,"key":"SMITH"},{"data":"Moonworks:CloudOfSeagulls","floor":10,"key":"SMITH"},{"data":"Moonworks:ShieldCounter","floor":15,"key":"SMITH"},{"data":"Moonworks:HolyNight","floor":23,"key":"SMITH"},{"data":"Moonworks:Flamethrower","floor":32,"key":"SMITH"},{"data":"Master of Strategy","floor":40,"key":"SMITH"},{"data":"Moonworks:JonathanRush","floor":42,"key":"SMITH"},{"data":"Moonworks:JonathanRush","floor":47,"key":"SMITH"},{"data":"Moonworks:JonathanRush","floor":49,"key":"SMITH"}],"circlet_count":0,"master_deck":["Moonworks:NicePresent","Moonworks:LulusLuckyEgg","Moonworks:LulusLuckyEgg","Moonworks:NicePresent","Moonworks:Flamethrower+1","Moonworks:CloudOfSeagulls+1","Moonworks:JonathanRush+1","Moonworks:JonathanRush","Moonworks:JonathanRush+1","Moonworks:ScrambledEve","Moonworks:JonathanRush+1","Moonworks:WindyEnchantment","Moonworks:ShieldCounter+1","Moonworks:HolyNight+1","Moonworks:WindyEnchantment","CurseOfTheBell","Master of Strategy+1","Good Instincts","Moonworks:NicePresent"],"relics":["Moonworks:BrokenBomb","Moonworks:Homemark","zeldaRelics:CourageTriforce","Nunchaku","aspiration:IroncladSkillbook","zeldaRelics:WisdomTriforce","Calling Bell","aspiration:ChemicalBlood","Eternal Feather","aspiration:HatOfInfinitePower","Ginger","zeldaRelics:PowerPiece"],"acts_visited":["Exordium","TheCity","TheBeyond"],"potions_floor_usage":[2,7,8,16,20,22,31,39],"damage_taken":[{"damage":12,"enemies":"Cultist","floor":1,"turns":3},{"damage":4,"enemies":"Small Slimes","floor":2,"turns":2},{"damage":2,"enemies":"2 Louse","floor":4,"turns":2},{"damage":6,"enemies":"2 Fungi Beasts","floor":5,"turns":2},{"damage":0,"enemies":"Exordium Thugs","floor":7,"turns":2},{"damage":4,"enemies":"Gremlin Nob","floor":8,"turns":3},{"damage":0,"enemies":"Blue Slaver","floor":11,"turns":2},{"damage":1,"enemies":"Large Slime","floor":12,"turns":3},{"damage":0,"enemies":"Lagavulin","floor":13,"turns":3},{"damage":25,"enemies":"The Guardian","floor":16,"turns":4},{"damage":0,"enemies":"Chosen","floor":18,"turns":3},{"damage":15,"enemies":"2 Thieves","floor":20,"turns":3},{"damage":0,"enemies":"Cultist and Chosen","floor":21,"turns":3},{"damage":10,"enemies":"Centurion and Healer","floor":22,"turns":3},{"damage":0,"enemies":"Shelled Parasite and Fungi","floor":24,"turns":2},{"damage":1,"enemies":"Snake Plant","floor":25,"turns":2},{"damage":0,"enemies":"3 Cultists","floor":29,"turns":3},{"damage":0,"enemies":"Centurion and Healer","floor":30,"turns":2},{"damage":2,"enemies":"Book of Stabbing","floor":31,"turns":3},{"damage":2,"enemies":"Champ","floor":33,"turns":3},{"damage":15,"enemies":"3 Darklings","floor":35,"turns":3},{"damage":10,"enemies":"Orb Walker","floor":39,"turns":2},{"damage":0,"enemies":"Maw","floor":41,"turns":3},{"damage":0,"enemies":"2 Orb Walkers","floor":44,"turns":2},{"damage":0,"enemies":"Spire Growth","floor":45,"turns":2},{"damage":0,"enemies":"Nemesis","floor":48,"turns":3},{"damage":0,"enemies":"Time Eater","floor":50,"turns":3}],"seed_played":"1996985699375983396","potions_obtained":[{"floor":1,"key":"Explosive Potion"},{"floor":4,"key":"Explosive Potion"},{"floor":7,"key":"PowerPotion"},{"floor":13,"key":"LiquidMemories"},{"floor":18,"key":"champ:CounterPotion"},{"floor":21,"key":"AttackPotion"},{"floor":24,"key":"SteroidPotion"},{"floor":29,"key":"Regen Potion"},{"floor":30,"key":"EntropicBrew"},{"floor":39,"key":"EssenceOfSteel"}],"is_trial":true,"path_per_floor":["M","M","$","M","M","R","M","E","T","R","M","M","E","$","R","B",null,"M","?","M","M","M","R","M","M","T","?","?","M","M","E","R","B",null,"M","?","?","$","M","R","M","R","T","?","M","$","R","E","R","B",null],"character_chosen":"THE_STARBREAKER","items_purchased":["Nunchaku","Master of Strategy","Good Instincts"],"campfire_rested":0,"item_purchase_floors":[14,38,46],"current_hp_per_floor":[48,44,44,42,36,36,36,32,32,32,32,31,31,31,31,6,60,60,42,31,35,29,29,33,36,36,36,36,40,44,55,55,57,60,49,49,49,49,43,52,56,57,57,57,57,57,57,57,57,57],"gold":33,"neow_bonus":"","is_daily":false,"chose_seed":false,"campfire_upgraded":9,"win_rate":0.0,"timestamp":1610478158,"path_taken":["M","M","?","?","M","R","M","E","T","R","M","M","E","$","R","BOSS","M","?","M","?","M","R","M","M","T","?","?","M","?","E","R","BOSS","M","?","?","$","M","R","M","R","T","?","M","?","R","E","R","BOSS"],"items_purchased_type":["Relic","Card","Card"],"build_version":"2020-12-22","purchased_purges":1,"victory":true,"max_hp_per_floor":[60,60,60,60,60,60,60,60,60,60,60,60,60,60,60,60,60,60,60,60,60,60,60,60,60,60,60,60,60,60,60,60,60,60,60,57,57,57,57,57,57,57,57,57,57,57,57,57,57,57],"card_choices":[{"not_picked":["Moonworks:BigMagnum","Moonworks:MiracleRedBeanIceCream"],"picked":"Moonworks:ScrambledEve","floor":1},{"not_picked":["Moonworks:BigMagnum","Moonworks:DeployBits"],"picked":"Moonworks:JonathanRush","floor":2},{"not_picked":["Moonworks:Dinner","Moonworks:SealedMemories"],"picked":"Moonworks:WindyEnchantment","floor":4},{"not_picked":["Moonworks:SakisCookie","Moonworks:BigMagnum","Moonworks:DeployBits"],"picked":"SKIP","floor":5},{"not_picked":["Moonworks:CloudOfSeagulls","Moonworks:BigMagnum"],"picked":"Moonworks:ShieldCounter","floor":7},{"not_picked":["Moonworks:Dash","Moonworks:SakisCookie","Moonworks:CloudOfSeagulls"],"picked":"SKIP","floor":8},{"not_picked":["Moonworks:Assault","Moonworks:BigMagnum","Moonworks:LulusLuckyEgg"],"picked":"SKIP","floor":11},{"not_picked":["Moonworks:ImmovableObject","Moonworks:IndiscriminateFireSupport","Moonworks:LulusLuckyEgg"],"picked":"SKIP","floor":12},{"not_picked":["Moonworks:TacticalRetreat","Moonworks:LulusLuckyEgg","Moonworks:LuckyCharm"],"picked":"SKIP","floor":13},{"not_picked":["Moonworks:ShieldCounter","Moonworks:AnotherUltimateWeapon"],"picked":"Moonworks:HolyNight","floor":16},{"not_picked":["Moonworks:SakisCookie","Moonworks:BigMagnum","Wild Strike","Combust"],"picked":"SKIP","floor":18},{"not_picked":["Moonworks:LulusLuckyEgg+1","Sword Boomerang","Body Slam+1","Moonworks:TreasureThief+1"],"picked":"SKIP","floor":20},{"not_picked":["Moonworks:TacticalRetreat","Twin Strike","Flame Barrier","Anger"],"picked":"SKIP","floor":21},{"not_picked":["Flex+1","Moonworks:SakisCookie+1","Searing Blow","Iron Wave"],"picked":"SKIP","floor":22},{"not_picked":["Shockwave","Moonworks:x16BigRocket","Offering","Pommel Strike"],"picked":"SKIP","floor":24},{"not_picked":["Pommel Strike","Heavy Blade+1","Moonworks:Assault","Moonworks:RedAndBlue"],"picked":"SKIP","floor":25},{"not_picked":["Moonworks:EvilSpyWorkPreparation","Cleave+1","Moonworks:SakisCookie","Perfected Strike"],"picked":"SKIP","floor":29},{"not_picked":["Body Slam","Moonworks:BindingChains","Flex","Moonworks:IndiscriminateFireSupport"],"picked":"SKIP","floor":30},{"not_picked":["Immolate","Moonworks:ImOnFire","Moonworks:EvilSpyWorkPreparation","Moonworks:MiracleRedBeanIceCream+1"],"picked":"SKIP","floor":31},{"not_picked":["Havoc+1","Power Through+1","Moonworks:Dinner","Heavy Blade+1"],"picked":"SKIP","floor":35},{"not_picked":["Clash+1","Flex+1","Iron Wave","Evolve+1"],"picked":"SKIP","floor":39},{"not_picked":["Immolate","Rampage+1","Twin Strike+1","Body Slam"],"picked":"SKIP","floor":41},{"not_picked":["Sever Soul+1","Moonworks:Assault+1","Entrench","Moonworks:Heat300Percent+1"],"picked":"SKIP","floor":45},{"not_picked":["Wild Strike+1","Battle Trance+1","Shockwave+1"],"picked":"Moonworks:NicePresent","floor":48}],"player_experience":357883,"relics_obtained":[{"floor":8,"key":"zeldaRelics:CouragePiece"},{"floor":9,"key":"zeldaRelics:CouragePiece"},{"floor":13,"key":"zeldaRelics:CouragePiece"},{"floor":26,"key":"zeldaRelics:WisdomPiece"},{"floor":31,"key":"zeldaRelics:WisdomPiece"},{"floor":34,"key":"aspiration:ChemicalBlood"},{"floor":34,"key":"Eternal Feather"},{"floor":34,"key":"aspiration:HatOfInfinitePower"},{"floor":43,"key":"zeldaRelics:WisdomPiece"},{"floor":44,"key":"Ginger"},{"floor":48,"key":"zeldaRelics:PowerPiece"}],"event_choices":[{"damage_healed":0,"gold_gain":90,"player_choice":"GOLD CARD ","damage_taken":18,"max_hp_gain":0,"max_hp_loss":0,"event_name":"Knowing Skull","floor":19,"potions_obtained":[],"gold_loss":0,"cards_obtained":["Purity"]},{"damage_healed":0,"gold_gain":0,"player_choice":"Ignored","damage_taken":0,"max_hp_gain":0,"max_hp_loss":0,"event_name":"Ghosts","floor":27,"gold_loss":0},{"damage_healed":0,"gold_gain":0,"player_choice":"Copied","damage_taken":0,"max_hp_gain":0,"max_hp_loss":0,"event_name":"Duplicator","floor":28,"gold_loss":0,"cards_obtained":["Moonworks:WindyEnchantment"]},{"damage_healed":0,"gold_gain":0,"player_choice":"Max HP","damage_taken":0,"max_hp_gain":0,"max_hp_loss":3,"event_name":"Winding Halls","floor":36,"gold_loss":0},{"cards_removed":["Moonworks:CloudOfSeagulls"],"damage_healed":0,"gold_gain":0,"player_choice":"Removed Attack","damage_taken":0,"max_hp_gain":0,"max_hp_loss":0,"event_name":"Falling","floor":37,"gold_loss":0},{"damage_healed":0,"gold_gain":0,"player_choice":"Fight","damage_taken":0,"max_hp_gain":0,"max_hp_loss":0,"event_name":"Mysterious Sphere","floor":44,"gold_loss":0}],"is_beta":false,"boss_relics":[{"not_picked":["Velvet Choker","Runic Pyramid"],"picked":"aspiration:IroncladSkillbook"},{"not_picked":["Philosopher\u0027s Stone","Empty Cage"],"picked":"Calling Bell"}],"items_purged_floors":[46],"is_endless":false,"potions_floor_spawned":[1,4,7,13,18,21,24,29,30,35,39,41,48],"ascension_level":0}}