{"host":"rjbqai8ni6dsiu37","time":1610425564,"event":{"mods":["BaseMod","Koishi","Minty Spire (QoL Compilation)","StSLib","The Hierophant","The Poker Player","WarShipGirlsR/??á´Ò³R mod"],"gold_per_floor":[111,111,122,122,147,181,131,131,210,135,168,168,209,109,109,238,238,261,261,136,157,172,172,216,239,239,279,279,279,279,313,313,438,438,453,453,303,366,699,699,719,719,745,197,216,246,260,276,276,276,276,276,22,52,52,52,52],"floor_reached":55,"playtime":3405,"items_purged":["PokerPlayerMod:Spade1","PokerPlayerMod:BadJoker","PokerPlayerMod:Club1","PokerPlayerMod:TrumpStrike","PokerPlayerMod:Spade2"],"score":996,"play_id":"825c8b76-af19-4d29-a06e-bf0f5fc3f85f","local_time":"20210112132604","is_ascension_mode":true,"metric_token":478,"campfire_choices":[{"data":"PokerPlayerMod:Club2","floor":8.0,"key":"SMITH"},{"data":"PokerPlayerMod:Club3","floor":12.0,"key":"SMITH"},{"data":"PokerPlayerMod:Diamond3","floor":15,"key":"SMITH"},{"data":"PokerPlayerMod:Spade3","floor":23,"key":"SMITH"},{"data":"PokerPlayerMod:Heart2","floor":28,"key":"SMITH"},{"data":"PokerPlayerMod:Heart3","floor":30,"key":"SMITH"},{"data":"PokerPlayerMod:ItsShowtime","floor":32,"key":"SMITH"},{"data":"PokerPlayerMod:Mulligan","floor":40,"key":"SMITH"},{"data":"PokerPlayerMod:Diamond2","floor":42,"key":"SMITH"},{"floor":49,"key":"RECALL"},{"data":"PokerPlayerMod:Diamond3","floor":52,"key":"SMITH"}],"circlet_count":0,"master_deck":["PokerPlayerMod:Diamond4","PokerPlayerMod:Diamond4","PokerPlayerMod:Diamond4","PokerPlayerMod:Diamond5","PokerPlayerMod:Spade4","PokerPlayerMod:Spade4","PokerPlayerMod:Club4","PokerPlayerMod:Heart4","PokerPlayerMod:Mulligan+1","PokerPlayerMod:Spade5","PokerPlayerMod:Spade4","PokerPlayerMod:ItsShowtime+1","PokerPlayerMod:Heart5","PokerPlayerMod:Club4"],"relics":["PokerPlayerMod:DeckCase","NeowsBlessing","Juzu Bracelet","Blue Candle","Orichalcum","Pen Nib","Sozu","Torii","Blood Vial","MutagenicStrength","PokerPlayerMod:EnergeticBat","Velvet Choker","Incense Burner","Bag of Marbles","Medical Kit","Dream Catcher","Letter Opener","PokerPlayerMod:BottledPoker","White Beast Statue"],"acts_visited":["Exordium","TheCity","TheBeyond","TheEnding"],"potions_floor_usage":[16],"damage_taken":[{"damage":0.0,"enemies":"Small Slimes","floor":1.0,"turns":1.0},{"damage":0.0,"enemies":"Cultist","floor":3.0,"turns":1.0},{"damage":0.0,"enemies":"2 Louse","floor":5.0,"turns":1.0},{"damage":5.0,"enemies":"Lagavulin","floor":6.0,"turns":6.0},{"damage":4.0,"enemies":"Gremlin Nob","floor":11.0,"turns":3.0},{"damage":2,"enemies":"Lagavulin","floor":13,"turns":6},{"damage":6,"enemies":"The Guardian","floor":16,"turns":8},{"damage":0,"enemies":"Spheric Guardian","floor":18,"turns":4},{"damage":0,"enemies":"Chosen","floor":21,"turns":3},{"damage":0,"enemies":"Centurion and Healer","floor":22,"turns":3},{"damage":0,"enemies":"Slavers","floor":24,"turns":4},{"damage":0,"enemies":"Chosen and Byrds","floor":25,"turns":3},{"damage":0,"enemies":"Book of Stabbing","floor":27,"turns":4},{"damage":9,"enemies":"Slavers","floor":31,"turns":4},{"damage":1,"enemies":"Automaton","floor":33,"turns":9},{"damage":0,"enemies":"3 Shapes","floor":35,"turns":2},{"damage":0,"enemies":"Mind Bloom Boss Battle","floor":38,"turns":5},{"damage":0,"enemies":"Orb Walker","floor":41,"turns":2},{"damage":1,"enemies":"Transient","floor":45,"turns":5},{"damage":11,"enemies":"Nemesis","floor":46,"turns":7},{"damage":0,"enemies":"3 Darklings","floor":47,"turns":2},{"damage":0,"enemies":"Spire Growth","floor":48,"turns":4},{"damage":0,"enemies":"Donu and Deca","floor":50,"turns":10},{"damage":0,"enemies":"Shield and Spear","floor":54,"turns":3},{"damage":82,"enemies":"The Heart","floor":55,"turns":12}],"seed_played":"-8567719307255298028","potions_obtained":[{"floor":3.0,"key":"Weak Potion"},{"floor":6.0,"key":"Fire Potion"},{"floor":11.0,"key":"PowerPotion"}],"is_trial":false,"path_per_floor":["M","?","M","?","M","E","?","R","T","$","E","R","E","$","R","B",null,"M","?","$","M","M","R","E","M","T","E","R","?","R","E","R","B",null,"M","?","$","?","?","R","M","R","T","$","M","E","M","M","R","B",null,"R","$","E","B"],"character_chosen":"THE_POKER_PLAYER","items_purchased":["Medical Kit","PokerPlayerMod:Heart5","Dream Catcher","PokerPlayerMod:BottledPoker"],"campfire_rested":0,"item_purchase_floors":[44,44,44,53],"current_hp_per_floor":[52,52,52,39,39,38,38,38,38,38,37,37,37,37,37,35,52,52,52,52,52,52,52,52,52,52,52,52,52,52,43,43,51,52,52,49,49,49,49,49,49,49,49,49,48,49,49,49,49,49,49,49,49,49,0,0,0],"gold":52,"neow_bonus":"THREE_ENEMY_KILL","is_daily":false,"chose_seed":false,"campfire_upgraded":10,"win_rate":0.0,"timestamp":1610425564,"path_taken":["M","?","?","?","M","E","?","R","T","?","E","R","E","$","R","BOSS","M","?","$","M","M","R","E","M","T","E","R","?","R","E","R","BOSS","M","?","$","?","?","R","M","R","T","$","M","E","M","M","R","BOSS","R","$","E","BOSS"],"items_purchased_type":["Relic","Card","Relic","Relic"],"build_version":"2020-12-22","purchased_purges":5,"victory":false,"max_hp_per_floor":[52,52,52,52,52,52,52,52,52,52,52,52,52,52,52,52,52,52,52,52,52,52,52,52,52,52,52,52,52,52,52,52,52,52,52,49,49,49,49,49,49,49,49,49,49,49,49,49,49,49,49,49,49,49,49,49,49],"card_choices":[{"not_picked":["PokerPlayerMod:DiamondStrike","PokerPlayerMod:Raise"],"picked":"PokerPlayerMod:Spade5","floor":1.0},{"not_picked":["PokerPlayerMod:Fold","PokerPlayerMod:MagicTrick","PokerPlayerMod:Diamond1"],"picked":"SKIP","floor":3.0},{"not_picked":["PokerPlayerMod:Spade2","PokerPlayerMod:Spade4","PokerPlayerMod:HeartStrike"],"picked":"SKIP","floor":5.0},{"not_picked":["PokerPlayerMod:Fold","PokerPlayerMod:Sharpen","PokerPlayerMod:Spade4"],"picked":"SKIP","floor":6.0},{"not_picked":["PokerPlayerMod:DiamondStrike","PokerPlayerMod:Spade1","PokerPlayerMod:Club1"],"picked":"SKIP","floor":11.0},{"not_picked":["PokerPlayerMod:Spade1","PokerPlayerMod:SpadeStrike","PokerPlayerMod:Spade4"],"picked":"SKIP","floor":13},{"not_picked":["PokerPlayerMod:Raise+1","PokerPlayerMod:Diamond4"],"picked":"PokerPlayerMod:Spade4","floor":18},{"not_picked":["PokerPlayerMod:Diamond2","PokerPlayerMod:FlyingCard+1","PokerPlayerMod:Spade2"],"picked":"SKIP","floor":21},{"not_picked":["PokerPlayerMod:Diamond3","PokerPlayerMod:Trickery","PokerPlayerMod:Diamond6"],"picked":"SKIP","floor":22},{"not_picked":["PokerPlayerMod:Diamond2","PokerPlayerMod:CardBurn","PokerPlayerMod:WasteCollection"],"picked":"SKIP","floor":24},{"not_picked":["PokerPlayerMod:Diamond2","PokerPlayerMod:MagicTrick","PokerPlayerMod:SpadeStrike"],"picked":"SKIP","floor":25},{"not_picked":["PokerPlayerMod:Diamond8","PokerPlayerMod:Harden","PokerPlayerMod:ClubsClub+1"],"picked":"SKIP","floor":27},{"not_picked":["PokerPlayerMod:CardBurn","PokerPlayerMod:RiskyBet+1"],"picked":"PokerPlayerMod:ItsShowtime","floor":31},{"not_picked":["PokerPlayerMod:Diamond3","PokerPlayerMod:Configure","PokerPlayerMod:SpadeStrike"],"picked":"SKIP","floor":35},{"not_picked":["PokerPlayerMod:Configure","PokerPlayerMod:Raise+1","PokerPlayerMod:CloakAndDiamond"],"picked":"SKIP","floor":41},{"not_picked":["PokerPlayerMod:Spade2","PokerPlayerMod:Heart1","PokerPlayerMod:Fold+1"],"picked":"SKIP","floor":45},{"not_picked":["PokerPlayerMod:Diamond1","PokerPlayerMod:HeartStrike","PokerPlayerMod:Spade4"],"picked":"SKIP","floor":46},{"not_picked":["PokerPlayerMod:Sharpen","PokerPlayerMod:SpadeStrike+1"],"picked":"PokerPlayerMod:Club4","floor":47},{"not_picked":["PokerPlayerMod:PoorCopy+1","PokerPlayerMod:Heart3","PokerPlayerMod:HiddenCard+1"],"picked":"SKIP","floor":48},{"not_picked":["PokerPlayerMod:Diamond2","PokerPlayerMod:Raise","PokerPlayerMod:RiskyBet"],"picked":"SKIP","floor":54}],"player_experience":168622,"relics_obtained":[{"floor":6.0,"key":"Juzu Bracelet"},{"floor":9.0,"key":"Blue Candle"},{"floor":11.0,"key":"Orichalcum"},{"floor":13,"key":"Pen Nib"},{"floor":24,"key":"Torii"},{"floor":27,"key":"Blood Vial"},{"floor":31,"key":"PokerPlayerMod:EnergeticBat"},{"floor":38,"key":"Incense Burner"},{"floor":43,"key":"Bag of Marbles"},{"floor":46,"key":"Letter Opener"},{"floor":54,"key":"White Beast Statue"}],"event_choices":[{"damage_healed":0.0,"max_hp_gain":0.0,"max_hp_loss":0.0,"gold_gain":0.0,"event_name":"Golden Idol","player_choice":"Take Damage","floor":4.0,"gold_loss":0.0,"damage_taken":13.0,"relics_obtained":["Golden Idol"]},{"cards_removed":["PokerPlayerMod:Diamond1"],"damage_healed":0.0,"max_hp_gain":0.0,"max_hp_loss":0.0,"gold_gain":0.0,"event_name":"The Cleric","player_choice":"Card Removal","floor":7.0,"gold_loss":50.0,"damage_taken":0.0},{"damage_healed":0,"gold_gain":0,"player_choice":"Got Potions","damage_taken":0,"max_hp_gain":0,"max_hp_loss":0,"event_name":"Lab","floor":19,"gold_loss":0},{"damage_healed":0,"gold_gain":0,"player_choice":"Inject Mutagens","damage_taken":0,"relics_obtained":["MutagenicStrength"],"max_hp_gain":0,"max_hp_loss":0,"event_name":"Drug Dealer","floor":29,"gold_loss":0},{"damage_healed":0,"gold_gain":0,"player_choice":"Max HP","damage_taken":0,"max_hp_gain":0,"max_hp_loss":3,"event_name":"Winding Halls","floor":36,"gold_loss":0},{"damage_healed":0,"gold_gain":0,"player_choice":"Fight","damage_taken":0,"max_hp_gain":0,"max_hp_loss":0,"event_name":"MindBloom","floor":38,"gold_loss":0},{"damage_healed":0,"gold_gain":333,"player_choice":"Gave Idol","damage_taken":0,"max_hp_gain":0,"max_hp_loss":0,"event_name":"The Moai Head","floor":39,"relics_lost":["Golden Idol"],"gold_loss":0}],"is_beta":false,"boss_relics":[{"not_picked":["Busted Crown","Ectoplasm"],"picked":"Sozu"},{"not_picked":["Coffee Dripper","Fusion Hammer"],"picked":"Velvet Choker"}],"items_purged_floors":[10,14,20,37,44],"is_endless":false,"potions_floor_spawned":[3,6,11,18,25,27,38],"killed_by":"The Heart","ascension_level":3}}