{"host":"qxeepl7ydvsgmfdb","time":1610422911,"event":{"mods":["AchievementEnabler","BaseMod","Colored Powertips","Minty Spire (QoL Compilation)","Quick Restart","slay the spire mod where everything is the same but ironclad has a cowboy hat"],"gold_per_floor":[118,138,138,59,59,85,103,121,121,121,121,121,132,165,165,267,267,284,302,302,75,75,109,122,122,145,175,189,214,169,195,195,195,195],"floor_reached":33,"playtime":1110,"items_purged":["Strike_B"],"score":355,"play_id":"b7b4481a-876f-433f-a7db-23987f0be5e2","local_time":"20210111224151","is_ascension_mode":true,"campfire_choices":[{"data":"Dualcast","floor":11,"key":"SMITH"},{"data":"Defragment","floor":15,"key":"SMITH"},{"floor":25,"key":"REST"},{"floor":32,"key":"REST"}],"circlet_count":0,"master_deck":["Strike_B","Strike_B","Defend_B","Defend_B","Defend_B","Defend_B","Zap+1","Dualcast+1","Ball Lightning","Darkness","BootSequence","Cold Snap","Defragment+1","Defragment+1","Redo","Ball Lightning","Melter+1","Defragment+1","Sweeping Beam","Capacitor"],"relics":["Cracked Core","NeowsBlessing","Calipers","Bottled Lightning","Shuriken","Blood Vial","Nuclear Battery","Lee\u0027s Waffle","Symbiotic Virus","Boot","Bird Faced Urn","Red Mask","Sundial"],"acts_visited":["TheCity"],"potions_floor_usage":[14,16,16,18,23,27,31,31,31,31,31,33,33],"damage_taken":[{"damage":0,"enemies":"Jaw Worm","floor":1,"turns":1},{"damage":0,"enemies":"Cultist","floor":2,"turns":1},{"damage":0,"enemies":"3 Sentries","floor":6,"turns":1},{"damage":5,"enemies":"Small Slimes","floor":7,"turns":3},{"damage":6,"enemies":"3 Louse","floor":8,"turns":3},{"damage":17,"enemies":"Exordium Thugs","floor":13,"turns":4},{"damage":6,"enemies":"Gremlin Nob","floor":14,"turns":3},{"damage":12,"enemies":"Hexaghost","floor":16,"turns":9},{"damage":0,"enemies":"3 Byrds","floor":18,"turns":4},{"damage":1,"enemies":"Spheric Guardian","floor":19,"turns":3},{"damage":41,"enemies":"Gremlin Leader","floor":23,"turns":6},{"damage":28,"enemies":"Snecko","floor":24,"turns":5},{"damage":27,"enemies":"Book of Stabbing","floor":27,"turns":5},{"damage":0,"enemies":"Chosen and Byrds","floor":28,"turns":4},{"damage":23,"enemies":"Masked Bandits","floor":29,"turns":3},{"damage":1,"enemies":"Slavers","floor":31,"turns":3},{"damage":58,"enemies":"Collector","floor":33,"turns":6}],"seed_played":"8393436753861864553","potions_obtained":[{"floor":1,"key":"ColorlessPotion"},{"floor":6,"key":"GamblersBrew"},{"floor":8,"key":"AttackPotion"},{"floor":12,"key":"EntropicBrew"},{"floor":12,"key":"Strength Potion"},{"floor":19,"key":"Energy Potion"},{"floor":24,"key":"Regen Potion"},{"floor":29,"key":"EntropicBrew"},{"floor":31,"key":"FearPotion"}],"is_trial":false,"path_per_floor":["M","M","?","$","?","E","M","M","T","?","R","?","M","E","R","B",null,"M","M","?","$","?","E","M","R","T","E","M","?","$","E","R","B"],"character_chosen":"DEFECT","items_purchased":["Darkness","Lee\u0027s Waffle","Sweeping Beam"],"campfire_rested":2,"item_purchase_floors":[4,21,30],"current_hp_per_floor":[75,75,68,68,68,68,63,57,57,50,50,50,33,27,27,17,75,75,74,74,82,82,41,15,39,39,26,32,15,15,22,46,0,0],"gold":195,"neow_bonus":"THREE_ENEMY_KILL","is_daily":false,"chose_seed":false,"campfire_upgraded":2,"win_rate":0.0,"timestamp":1610422911,"path_taken":["M","M","?","$","?","E","?","M","T","?","R","?","M","E","R","BOSS","M","M","?","$","?","E","M","R","T","E","M","?","$","E","R","BOSS"],"items_purchased_type":["Card","Relic","Card"],"build_version":"2020-12-22","purchased_purges":1,"victory":false,"max_hp_per_floor":[75,75,75,75,75,75,75,75,75,75,75,75,75,75,75,75,75,75,75,75,82,82,82,82,82,82,82,82,82,82,82,82,82,82],"card_choices":[{"not_picked":["Gash","Turbo","Stack"],"picked":"SKIP","floor":1},{"not_picked":["Beam Cell","Hello World"],"picked":"Ball Lightning","floor":2},{"not_picked":["Compile Driver","All For One"],"picked":"BootSequence","floor":6},{"not_picked":["Turbo","Aggregate"],"picked":"Cold Snap","floor":7},{"not_picked":["Compile Driver","Barrage","Rebound"],"picked":"SKIP","floor":8},{"not_picked":["Redo","Glacier"],"picked":"Defragment","floor":13},{"not_picked":["Turbo","Streamline","Rebound"],"picked":"SKIP","floor":14},{"not_picked":["Hologram","Ball Lightning"],"picked":"Defragment+1","floor":18},{"not_picked":["Barrage","Beam Cell","Stack"],"picked":"SKIP","floor":19},{"not_picked":["Doom and Gloom","Beam Cell"],"picked":"Ball Lightning","floor":23},{"not_picked":["Scrape+1","Go for the Eyes+1"],"picked":"Melter+1","floor":24},{"not_picked":["Rip and Tear","FTL","Heatsinks+1"],"picked":"SKIP","floor":27},{"not_picked":["Turbo","Machine Learning","Hologram"],"picked":"SKIP","floor":28},{"not_picked":["Streamline","Gash"],"picked":"Defragment+1","floor":29},{"not_picked":["Sunder","Compile Driver+1"],"picked":"Capacitor","floor":31}],"player_experience":122849,"relics_obtained":[{"floor":6,"key":"Bottled Lightning"},{"floor":9,"key":"Shuriken"},{"floor":14,"key":"Blood Vial"},{"floor":23,"key":"Symbiotic Virus"},{"floor":26,"key":"Boot"},{"floor":27,"key":"Bird Faced Urn"},{"floor":29,"key":"Red Mask"},{"floor":31,"key":"Sundial"}],"event_choices":[{"damage_healed":0,"gold_gain":0,"player_choice":"Success","damage_taken":7,"relics_obtained":["Calipers"],"max_hp_gain":0,"max_hp_loss":0,"event_name":"Scrap Ooze","floor":3,"gold_loss":0},{"damage_healed":0,"gold_gain":0,"player_choice":"Upgraded","damage_taken":0,"max_hp_gain":0,"max_hp_loss":0,"event_name":"Upgrade Shrine","floor":5,"gold_loss":0,"cards_upgraded":["Zap"]},{"cards_removed":["Strike_B"],"damage_healed":0,"gold_gain":0,"player_choice":"Card Removal","damage_taken":7,"max_hp_gain":0,"max_hp_loss":0,"event_name":"Golden Wing","floor":10,"gold_loss":0},{"damage_healed":0,"gold_gain":0,"player_choice":"Got Potions","damage_taken":0,"max_hp_gain":0,"max_hp_loss":0,"event_name":"Lab","floor":12,"gold_loss":0},{"damage_healed":0,"gold_gain":0,"player_choice":"Ignored","damage_taken":0,"max_hp_gain":0,"max_hp_loss":0,"event_name":"Ghosts","floor":20,"gold_loss":0},{"damage_healed":0,"gold_gain":0,"player_choice":"Read","damage_taken":0,"max_hp_gain":0,"max_hp_loss":0,"event_name":"The Library","floor":22,"gold_loss":0,"cards_obtained":["Redo"]},{"damage_healed":0,"gold_gain":0,"player_choice":"Fought Bandits","damage_taken":0,"max_hp_gain":0,"max_hp_loss":0,"event_name":"Masked Bandits","floor":29,"gold_loss":0}],"is_beta":false,"boss_relics":[{"not_picked":["SlaversCollar","Black Star"],"picked":"Nuclear Battery"}],"items_purged_floors":[21],"is_endless":false,"potions_floor_spawned":[1,6,8,19,24,29,31],"killed_by":"Collector","ascension_level":1}}