{"host":"bfwtxkoblkr892se","time":1610429558,"event":{"mods":["BaseMod","Colored Map","Koishi","Marisa£®ÏF”Í°°ƒß¿Ì…≥£©","Minty Spire (QoL Compilation)","Prisma Mod","Shop Mod","StSLib","The Bug Knight","The Cursed","[IsaacMod]“‘»ˆº‚À˛"],"gold_per_floor":[216,216,232,250,300,300,314,314,314,333,388,404,504,58,58,160,160,178,178,178,178,191,191,204,204,204,223,237,237,247,262,262,363,363,378,28,128,144,144,144,156,172,172,188,199,215,233,259,259,259],"floor_reached":51,"playtime":2988,"items_purged":[],"score":722,"play_id":"857a88cd-45bf-4e87-a761-a236097a1c27","local_time":"20210112133238","is_ascension_mode":false,"campfire_choices":[{"floor":6.0,"key":"REST"},{"data":"EpicFetus","floor":8.0,"key":"SMITH"},{"floor":15.0,"key":"REST"},{"data":"1","floor":23.0,"key":"LIFT"},{"floor":29.0,"key":"REST"},{"floor":32.0,"key":"REST"},{"data":"2","floor":40.0,"key":"LIFT"},{"data":"3","floor":49.0,"key":"LIFT"}],"circlet_count":0,"master_deck":["HollowMod:NailStrikeStart","HollowMod:NailStrikeStart","HollowMod:QuickDashStart+1","HollowMod:QuickDashStart","HollowMod:QuickDashStart","HollowMod:FocusHealStart","HollowMod:PogoStrike","EpicFetus+1","HollowMod:HowlingWraiths+1","HollowMod:PureNailStrike","HollowMod:RecoilStrike","HollowMod:HuntersJournal","HollowMod:PerfectDash","HollowMod:CycloneSlash","HollowMod:ZotesMagnificence","HollowMod:SoulSplash","HollowMod:HeavyBlow","HollowMod:DoubleDash+1","HollowMod:SiblingsSouls+1","HollowMod:theNailsmith","HollowMod:SoulVessel+1","HollowMod:QuirrelsAssistance+1","HollowMod:VoidDash+1","HollowMod:PerfectDash","HollowMod:DungDefenderAura+1","HollowMod:GreatSlash","HollowMod:GreatSlash+1","HollowMod:SharpenedNail+1","HollowMod:GreatSlash+1","Parasite"],"relics":["HollowMod:VesselMask","HushsDoor","TheBean","Mercury Hourglass","BelialBook","Habit","Girya","SacredBark","Incubus","Lantern","Bottled Flame","Astrolabe","Membership Card","Eternal Feather","Pen Nib","InkBottle","Anchor"],"acts_visited":["Exordium","TheCity","TheBeyond"],"potions_floor_usage":[],"damage_taken":[{"damage":5.0,"enemies":"Small Slimes","floor":1.0,"turns":2.0},{"damage":11.0,"enemies":"Jaw Worm","floor":3.0,"turns":3.0},{"damage":0.0,"enemies":"Cultist","floor":4.0,"turns":3.0},{"damage":12.0,"enemies":"Looter","floor":7.0,"turns":3.0},{"damage":8.0,"enemies":"HollowMod:HuskWarrior","floor":10.0,"turns":3.0},{"damage":0.0,"enemies":"Exordium Thugs","floor":12.0,"turns":3.0},{"damage":0.0,"enemies":"Slime Boss","floor":16.0,"turns":4.0},{"damage":10.0,"enemies":"Spheric Guardian","floor":18.0,"turns":3.0},{"damage":1.0,"enemies":"2 Thieves","floor":22.0,"turns":2.0},{"damage":12.0,"enemies":"Snake Plant","floor":24.0,"turns":3.0},{"damage":10.0,"enemies":"Snecko","floor":27.0,"turns":3.0},{"damage":0.0,"enemies":"Sentry and Sphere","floor":28.0,"turns":2.0},{"damage":0.0,"enemies":"3 Cultists","floor":30.0,"turns":2.0},{"damage":10.0,"enemies":"Centurion and Healer","floor":31.0,"turns":3.0},{"damage":11.0,"enemies":"HollowMod:NKGrimm","floor":33.0,"turns":4.0},{"damage":0.0,"enemies":"Orb Walker","floor":35.0,"turns":2.0},{"damage":3.0,"enemies":"3 Shapes","floor":38.0,"turns":4.0},{"damage":0.0,"enemies":"Sphere and 2 Shapes","floor":41.0,"turns":2.0},{"damage":0.0,"enemies":"Jaw Worm Horde","floor":42.0,"turns":1.0},{"damage":0.0,"enemies":"Spire Growth","floor":44.0,"turns":3.0},{"damage":13.0,"enemies":"Writhing Mass","floor":45.0,"turns":6.0},{"damage":0.0,"enemies":"3 Darklings","floor":46.0,"turns":1.0},{"damage":2.0,"enemies":"Maw","floor":47.0,"turns":7.0},{"damage":14,"enemies":"HollowMod:Radiance","floor":50,"turns":9}],"seed_played":"-4138736564030197189","potions_obtained":[{"floor":1.0,"key":"LiquidMemories"},{"floor":4.0,"key":"GamblersBrew"},{"floor":12.0,"key":"BlessingOfTheForge"},{"floor":16.0,"key":"AttackPotion"},{"floor":18.0,"key":"Strength Potion"},{"floor":27.0,"key":"Explosive Potion"},{"floor":38.0,"key":"Fire Potion"},{"floor":46.0,"key":"Swift Potion"}],"is_trial":false,"path_per_floor":["M","?","M","M","?","R","M","R","T","M","T","M","?","$","R","B",null,"M","?","$","?","M","R","M","?","T","M","M","R","M","M","R","B",null,"M","$","?","M","?","R","M","M","T","M","M","M","M","T","R","B",null],"character_chosen":"THE_BUGKNIGHT","items_purchased":["Habit","Girya","Incubus","Membership Card","Eternal Feather","Pen Nib"],"campfire_rested":4,"item_purchase_floors":[14,14,17,36,36,36],"current_hp_per_floor":[75,60,49,49,49,71,59,59,59,57,57,57,57,57,75,75,55,45,45,45,45,44,44,32,32,32,22,22,38,38,28,44,33,55,55,55,55,52,52,55,55,55,55,55,42,42,40,40,55,41],"gold":259,"neow_bonus":"HUNDRED_GOLD","is_daily":false,"chose_seed":false,"campfire_upgraded":1,"win_rate":0.0,"timestamp":1610429558,"path_taken":["M","?","M","M","?","R","M","R","T","M","?","?","?","?","R","BOSS","M","?","$","?","M","R","?","?","T","M","?","R","M","M","R","BOSS","M","$","?","M","?","R","?","M","T","?","M","M","M","?","R","BOSS"],"items_purchased_type":["Relic","Relic","Relic","Relic","Relic","Relic"],"build_version":"2020-12-22","purchased_purges":0,"victory":true,"max_hp_per_floor":[75,75,75,75,75,75,75,75,75,75,75,75,75,75,75,75,55,55,55,55,55,55,55,55,55,55,55,55,55,55,55,55,55,55,55,55,55,55,55,55,55,55,55,55,55,55,55,55,55,55],"card_choices":[{"not_picked":[],"picked":"EpicFetus","floor":0.0},{"not_picked":["HollowMod:WraithStrike","HollowMod:DashSlash"],"picked":"HollowMod:HowlingWraiths","floor":1.0},{"not_picked":["HollowMod:DoubleDash","HollowMod:SoulVessel"],"picked":"HollowMod:PureNailStrike","floor":3.0},{"not_picked":["HollowMod:SharpenedNail","HollowMod:ShapeofUnn"],"picked":"HollowMod:RecoilStrike","floor":4.0},{"not_picked":["HollowMod:VengefulVoid","HollowMod:SoulVessel","HollowMod:ShadowDash"],"picked":"SKIP","floor":7.0},{"not_picked":["HollowMod:InfectedAttack","HollowMod:PureNailStrike"],"picked":"HollowMod:HuntersJournal","floor":10.0},{"not_picked":["Bomb","HollowMod:SoulSplash"],"picked":"HollowMod:PerfectDash","floor":12.0},{"not_picked":["HollowMod:SiblingsSouls","HollowMod:ChannelNail"],"picked":"HollowMod:CycloneSlash","floor":13.0},{"not_picked":["HollowMod:LordofShades","HollowMod:AwokenDreamNail"],"picked":"HollowMod:ZotesMagnificence","floor":16.0},{"not_picked":["HollowMod:ChannelNail","HollowMod:PureNailStrike"],"picked":"HollowMod:SoulSplash","floor":18.0},{"not_picked":["HollowMod:MawleksShell","HollowMod:SoulSplash"],"picked":"HollowMod:HeavyBlow","floor":22.0},{"not_picked":["HollowMod:PureNailStrike","HollowMod:InfectedCysts","HollowMod:MothsMistake"],"picked":"SKIP","floor":24.0},{"not_picked":["HollowMod:InfectedAttack+1","HollowMod:BlackTendrils"],"picked":"HollowMod:DoubleDash+1","floor":27.0},{"not_picked":["HollowMod:GoodIntentions","HollowMod:MidwifesHunger"],"picked":"HollowMod:SiblingsSouls+1","floor":28.0},{"not_picked":["HollowMod:DescendingDark+1","HollowMod:NewJinnsSoul","HollowMod:ShadowDash"],"picked":"SKIP","floor":30.0},{"not_picked":["HollowMod:HeavyBlow","HollowMod:LifebloodCocoon","HollowMod:DoubleDash"],"picked":"SKIP","floor":31.0},{"not_picked":["HollowMod:Weaversong","HollowMod:LordofShades"],"picked":"HollowMod:theNailsmith","floor":33.0},{"not_picked":["HollowMod:HuntersJournal+1","HollowMod:VengefulSpirit+1"],"picked":"HollowMod:PerfectDash","floor":35.0},{"not_picked":["HollowMod:SharpenedNail","HollowMod:DoubleDash+1"],"picked":"HollowMod:DungDefenderAura+1","floor":37.0},{"not_picked":["HollowMod:BaldurShell","HollowMod:WraithStrike+1"],"picked":"HollowMod:GreatSlash","floor":38.0},{"not_picked":["HollowMod:TaintedHusks+1","HollowMod:ShadowDash"],"picked":"HollowMod:GreatSlash+1","floor":41.0},{"not_picked":["HollowMod:FallenFury+1","HollowMod:CrystalDash+1"],"picked":"HollowMod:SharpenedNail+1","floor":42.0},{"not_picked":["HollowMod:HuntersJournal","HollowMod:Grubsong"],"picked":"HollowMod:GreatSlash+1","floor":44.0},{"not_picked":["HollowMod:BrokenVessel+1","HollowMod:VengefulVoid+1","HollowMod:SoulStrike"],"picked":"SKIP","floor":45.0},{"not_picked":["HollowMod:InfectionAssault","HollowMod:VengefulVoid","HollowMod:CornifersMapStart+1"],"picked":"SKIP","floor":46.0},{"not_picked":["HollowMod:HowlingWraiths","HollowMod:ShadowDash+1","HollowMod:FastStrike"],"picked":"SKIP","floor":47.0}],"player_experience":126279,"relics_obtained":[{"floor":9.0,"key":"Mercury Hourglass"},{"floor":11.0,"key":"BelialBook"},{"floor":26.0,"key":"Bottled Flame"},{"floor":43.0,"key":"InkBottle"},{"floor":48.0,"key":"Anchor"}],"event_choices":[{"damage_healed":0.0,"max_hp_gain":0.0,"max_hp_loss":0.0,"gold_gain":0.0,"event_name":"Shining Light","player_choice":"Entered Light","floor":2.0,"gold_loss":0.0,"damage_taken":15.0,"cards_upgraded":["HollowMod:QuickDashStart","HollowMod:HowlingWraiths"]},{"damage_healed":0.0,"max_hp_gain":0.0,"max_hp_loss":0.0,"gold_gain":50.0,"event_name":"Golden Wing","player_choice":"Gained Gold","floor":5.0,"gold_loss":0.0,"damage_taken":0.0},{"damage_healed":0.0,"max_hp_gain":0.0,"max_hp_loss":0.0,"gold_gain":0.0,"event_name":"Ghosts","player_choice":"Ignored","floor":19.0,"gold_loss":0.0,"damage_taken":0.0},{"damage_healed":0.0,"max_hp_gain":0.0,"max_hp_loss":0.0,"gold_gain":0.0,"event_name":"Beggar","player_choice":"Ignored","floor":21.0,"gold_loss":0.0,"damage_taken":0.0},{"damage_healed":0.0,"max_hp_gain":0.0,"max_hp_loss":0.0,"gold_gain":0.0,"event_name":"The Mausoleum","player_choice":"Opened","floor":25.0,"gold_loss":0.0,"damage_taken":0.0,"relics_obtained":["Lantern"]}],"is_beta":false,"boss_relics":[{"not_picked":["Tiny House","Ectoplasm"],"picked":"SacredBark"},{"not_picked":[]},{"not_picked":["Fusion Hammer","ChampionBelt"],"picked":"Astrolabe"},{"not_picked":[]}],"items_purged_floors":[],"is_endless":false,"potions_floor_spawned":[1,4,12,16,18,22,24,27,38,41,46],"ascension_level":0}}