{"host":"sc0o2qwpf9j16a4i","time":1610458702,"event":{"mods":["AchievementEnabler","BaseMod","BetterRewards","Block Reminder","Colored Map","Colored Powertips","Custom Start","Highlight Path","Minty Spire (QoL Compilation)","Relic Stats"],"gold_per_floor":[110,110,185,200,200,227,227,257,337,337,356,366,122,153,153,153,153],"floor_reached":16,"playtime":363,"items_purged":["Strike_G"],"score":286,"play_id":"1d42f109-9e90-4a4d-9f3c-c26585c7e0fb","local_time":"20210112153822","is_ascension_mode":true,"campfire_choices":[{"data":"Neutralize","floor":7,"key":"SMITH"},{"floor":10,"key":"REST"},{"floor":15,"key":"REST"}],"circlet_count":0,"master_deck":["AscendersBane","Strike_G","Strike_G","Strike_G","Defend_G","Defend_G","Defend_G","Defend_G","Defend_G","Survivor","Neutralize+1","Poisoned Stab+1","Choke","Blade Dance","Sucker Punch","After Image","Well Laid Plans","Leg Sweep"],"relics":["Ring of the Snake","NeowsBlessing","Boot","Anchor","Question Card","Omamori","Tiny Chest"],"acts_visited":["Exordium"],"potions_floor_usage":[8,16],"damage_taken":[{"damage":0,"enemies":"Jaw Worm","floor":1,"turns":1},{"damage":0,"enemies":"Small Slimes","floor":4,"turns":1},{"damage":0,"enemies":"Gremlin Nob","floor":6,"turns":1},{"damage":7,"enemies":"Lagavulin","floor":8,"turns":5},{"damage":0,"enemies":"2 Louse","floor":11,"turns":3},{"damage":0,"enemies":"2 Fungi Beasts","floor":12,"turns":3},{"damage":46,"enemies":"Gremlin Nob","floor":14,"turns":5},{"damage":25,"enemies":"Slime Boss","floor":16,"turns":12}],"seed_played":"-6825933883773542653","potions_obtained":[{"floor":1,"key":"SkillPotion"},{"floor":4,"key":"FearPotion"},{"floor":6,"key":"Explosive Potion"}],"is_trial":false,"path_per_floor":["M","?","?","M","?","E","R","E","T","R","M","M","$","E","R","B"],"character_chosen":"THE_SILENT","items_purchased":["Omamori"],"campfire_rested":2,"item_purchase_floors":[13],"current_hp_per_floor":[59,59,48,48,41,41,41,34,34,53,53,53,53,7,26,1,1],"gold":153,"neow_bonus":"THREE_ENEMY_KILL","is_daily":false,"chose_seed":false,"campfire_upgraded":1,"win_rate":0.0,"timestamp":1610458702,"path_taken":["M","?","?","M","?","E","R","E","T","R","?","M","$","E","R","BOSS"],"items_purchased_type":["Relic"],"build_version":"2020-12-22","purchased_purges":1,"victory":false,"max_hp_per_floor":[66,66,66,66,66,66,66,66,66,66,66,66,66,66,66,66,66],"relic_stats":{"counters":[8,31],"Tiny Chest":0,"Boot":[35],"Question Card":3,"obtain_stats":[{"Anchor":8,"NeowsBlessing":0,"Tiny Chest":14,"Omamori":13,"Boot":6,"Question Card":9,"Ring of the Snake":0},{"Anchor":4,"NeowsBlessing":0,"Tiny Chest":7,"Omamori":6,"Boot":3,"Question Card":4,"Ring of the Snake":0},{"Anchor":8,"NeowsBlessing":0,"Tiny Chest":19,"Omamori":14,"Boot":3,"Question Card":8,"Ring of the Snake":0}],"Ring of the Snake":[16]},"card_choices":[{"not_picked":["Masterful Stab","Dodge and Roll"],"picked":"Poisoned Stab","floor":1},{"not_picked":["Caltrops","Underhanded Strike"],"picked":"Choke","floor":4},{"not_picked":["Predator","Dagger Throw"],"picked":"Blade Dance","floor":6},{"not_picked":["Poisoned Stab","Masterful Stab"],"picked":"Sucker Punch","floor":8},{"not_picked":["Setup","Distraction","Heel Hook"],"picked":"After Image","floor":11},{"not_picked":["PiercingWail","Slice","Blade Dance"],"picked":"Well Laid Plans","floor":12},{"not_picked":["Quick Slash","Dodge and Roll","Tactician"],"picked":"Leg Sweep","floor":14}],"player_experience":597725,"relics_obtained":[{"floor":6,"key":"Boot"},{"floor":8,"key":"Anchor"},{"floor":9,"key":"Question Card"},{"floor":14,"key":"Tiny Chest"}],"event_choices":[{"damage_healed":0,"gold_gain":0,"player_choice":"Grow","damage_taken":0,"max_hp_gain":0,"max_hp_loss":0,"event_name":"Living Wall","floor":2,"gold_loss":0,"cards_upgraded":["Poisoned Stab"]},{"damage_healed":0,"gold_gain":75,"player_choice":"Gather Gold","damage_taken":11,"max_hp_gain":0,"max_hp_loss":0,"event_name":"World of Goop","floor":3,"gold_loss":0},{"cards_removed":["Strike_G"],"damage_healed":0,"gold_gain":0,"player_choice":"Card Removal","damage_taken":7,"max_hp_gain":0,"max_hp_loss":0,"event_name":"Golden Wing","floor":5,"gold_loss":0}],"is_beta":false,"boss_relics":[],"items_purged_floors":[13],"is_endless":false,"potions_floor_spawned":[1,4,6],"killed_by":"Slime Boss","ascension_level":20}}