{"host":"6a06qhlf17v5rcww","time":1610438004,"event":{"mods":["Act Like it!","Aspiration","BaseMod","Beaked The Cultist","Better Altar","Better Match","Better Note","Better Sensory Stone","Better Skull","Better Third Choice","Better Vampires","BetterRewards","Block Reminder","Colored Powertips","Downfall","Gensokyo","Infinite Spire","Minty Spire (QoL Compilation)","Pale of the Ancients","Poor People Problems","Prisma Mod","Rare Cards Sparkle","Replay The Spire","Shade Mod","Slumbering Mod","StSLib","The Bug Knight","The Jungle","The Marked"],"gold_per_floor":[114,114,6,6,81,81,81,116,116,134,134,151,151,151,151,252,252,270,283,283,283,300,300,300,300,300,327,327,343,343,354,354,475,475,518,567,567,567,617,617,472,532,532,257,293,293,293,368,368,368,430,496,496,154,154,176,176,176,176,176],"floor_reached":61,"playtime":4212,"items_purged":["Normality"],"score":2174,"play_id":"50ba9819-b6b2-4c81-b75c-7ffcc0410d01","local_time":"20210112025324","is_ascension_mode":true,"campfire_choices":[{"data":"PathToVictory","floor":6.0,"key":"SMITH"},{"floor":13.0,"key":"REST"},{"floor":23.0,"key":"REST"},{"data":"DevaForm","floor":25.0,"key":"SMITH"},{"data":"Replay:Battleflow","floor":30.0,"key":"SMITH"},{"data":"Eruption","floor":32.0,"key":"SMITH"},{"floor":40,"key":"REST"},{"data":"infinitespire:Fortify","floor":49,"key":"SMITH"},{"data":"Fasting2","floor":55,"key":"SMITH"},{"data":"Fasting2","floor":57,"key":"SMITH"}],"circlet_count":0,"master_deck":["Defend_P+1","Defend_P+1","Defend_P+1","Eruption+1","Crescendo","Prostrate","PathToVictory+1","FlyingSleeves","InnerPeace","Masterful Stab","Grand Finale","Underhanded Strike","Replay:Battleflow+1","Evaluate","CutThroughFate","WreathOfFlame","Escape Plan","Judgement","Replay:BluntJabs","EmptyBody","DevaForm+1","MasterReality","Adrenaline+1","Tools of the Trade+1","ConjureBlade+1","Replay:Vibes+1","Brilliance","Sanctity","Replay:AtTheReady+1","infinitespire:Fortify+1","Fasting2+1","WaveOfTheHand","Scrawl","FlyingSleeves+1","DevaForm+1","Fasting2+1","Prostrate","PathToVictory","Wish","JustLucky+1","TalkToTheHand","LikeWater","EmptyFist"],"relics":["Juzu Bracelet","infinitespire:CursedDice","Peace Pipe","Replay:M_StaffOfTheSnake","White Beast Statue","Replay:Mystery Machine","ChewingGum","aspiration:RitualStick","Gambling Chip","Smiling Mask","infinitespire:EvilPickle","Honey Jar","Centennial Puzzle","Pondfish Scales","DollysMirror","Torii","paleoftheancients:Timepiece","paleoftheancients:KeyRelic","Bronze Scales","CultistMask","paleoftheancients:SoulOfTheIroncluck","Ring of Fury","Ring of Misfortune","Replay:Rubber Ducky","Strange Spoon","Replay:Purple Gloves"],"acts_visited":["Exordium","TheCity","TheBeyond","TheBeyond"],"potions_floor_usage":[33,33,35,36,42,42,45,48,48,48,50,50,60],"damage_taken":[{"damage":8.0,"enemies":"Small Slimes","floor":1.0,"turns":4.0},{"damage":19.0,"enemies":"HollowMod:MossKnight","floor":8.0,"turns":6.0},{"damage":0.0,"enemies":"theSlumbering:NewCultist","floor":10.0,"turns":2.0},{"damage":0.0,"enemies":"Cultist","floor":12.0,"turns":3.0},{"damage":27.0,"enemies":"The Guardian","floor":16.0,"turns":11.0},{"damage":0.0,"enemies":"Chosen","floor":18.0,"turns":3.0},{"damage":10.0,"enemies":"Shell Parasite","floor":19.0,"turns":3.0},{"damage":21.0,"enemies":"Sentry and Sphere","floor":22.0,"turns":6.0},{"damage":0.0,"enemies":"Snake Plant","floor":29.0,"turns":1.0},{"damage":2.0,"enemies":"Shelled Parasite and Fungi","floor":31.0,"turns":3.0},{"damage":15,"enemies":"Pondfish","floor":33,"turns":10},{"damage":37,"enemies":"3 Darklings","floor":35,"turns":4},{"damage":0,"enemies":"3 Shapes","floor":36,"turns":4},{"damage":2,"enemies":"3 Darklings","floor":39,"turns":5},{"damage":20,"enemies":"Nemesis","floor":42,"turns":6},{"damage":4,"enemies":"Sphere and 2 Shapes","floor":45,"turns":4},{"damage":0,"enemies":"Mind Bloom Boss Battle","floor":48,"turns":6},{"damage":18,"enemies":"Donu and Deca","floor":50,"turns":9},{"damage":0,"enemies":"Donu and Deca","floor":51,"turns":7},{"damage":0,"enemies":"Donu and Deca","floor":52,"turns":7},{"damage":0,"enemies":"Donu and Deca","floor":56,"turns":8},{"damage":0,"enemies":"paleoftheancients:N","floor":60,"turns":7}],"seed_played":"-131931502356854117","potions_obtained":[{"floor":8.0,"key":"BottledMiracle"},{"floor":10.0,"key":"Energy Potion"},{"floor":11.0,"key":"Regen Potion"},{"floor":11.0,"key":"Swift Potion"},{"floor":16.0,"key":"infinitespire:BlackPotion"},{"floor":18.0,"key":"hexamod:EctoCoolerPotion"},{"floor":19.0,"key":"Reflective Coating"},{"floor":22.0,"key":"Toxic Potion"},{"floor":29.0,"key":"Adrenaline Potion"},{"floor":31.0,"key":"Doom Potion"},{"floor":33,"key":"AttackPotion"},{"floor":35,"key":"AttackPotion"},{"floor":36,"key":"LiquidMemories"},{"floor":39,"key":"DuplicationPotion"},{"floor":42,"key":"Block Potion"},{"floor":45,"key":"EntropicBrew"},{"floor":48,"key":"SmokeBomb"},{"floor":51,"key":"LiquidMemories"},{"floor":52,"key":"SteroidPotion"},{"floor":56,"key":"Weak Potion"}],"is_trial":false,"path_per_floor":["M","?","$","?","?","R","?","E","T","M","?","M","R","?","R","B",null,"M","M","?","?","M","R","?","R","T","T","?","M","R","M","R","B",null,"M","M","?","?","M","R","$","E","T","$","M","?","?","?","R","B","M","M","?","$","R","M","R","T","?","B",null],"character_chosen":"WATCHER","items_purchased":["Juzu Bracelet","Prostrate","PathToVictory","InnerPeace","Masterful Stab","WaveOfTheHand","Scrawl","DollysMirror","Fasting2","Prostrate","Replay:Rubber Ducky","Strange Spoon"],"campfire_rested":3,"item_purchase_floors":[0,0,0,3,3,41,41,44,44,44,54,54],"current_hp_per_floor":[39,39,39,39,32,32,32,13,13,13,13,13,34,34,34,22,72,72,62,48,34,13,34,34,34,34,34,34,34,34,32,32,17,72,35,35,18,18,16,37,37,17,17,17,13,63,63,63,63,63,63,63,63,63,63,63,63,63,63,63],"gold":176,"neow_bonus":"","is_daily":false,"chose_seed":false,"campfire_upgraded":7,"win_rate":0.0,"timestamp":1610438004,"path_taken":["M","?","$","?","?","R","?","E","T","M","?","M","R","?","R","BOSS","M","M","?","?","M","R","?","R","T","?","?","M","R","M","R","BOSS","M","M","?","?","M","R","?","E","T","$","M","?","?","?","R","BOSS","M","M","?","$","R","M","R","T","?","BOSS"],"items_purchased_type":["Relic","Card","Card","Card","Card","Card","Card","Relic","Card","Card","Relic","Relic"],"build_version":"2020-12-22","purchased_purges":1,"victory":true,"max_hp_per_floor":[72,72,72,72,72,72,72,72,72,72,72,72,72,72,72,72,72,72,72,72,72,72,72,72,72,72,72,72,72,72,72,72,72,72,72,72,72,72,72,72,72,72,72,72,72,63,63,63,63,63,63,63,63,63,63,63,63,63,63,63],"card_choices":[{"not_picked":["BowlingBash","Vengeance"],"picked":"FlyingSleeves","floor":1.0},{"not_picked":["Prostrate","WaveOfTheHand"],"picked":"Replay:Battleflow","floor":8.0},{"not_picked":["CarveReality","Wireheading"],"picked":"Evaluate","floor":10.0},{"not_picked":["BowlingBash","Prostrate"],"picked":"CutThroughFate","floor":12.0},{"not_picked":["SpiritShield","Wish"],"picked":"Judgement","floor":16.0},{"not_picked":["CrushJoints","Protect"],"picked":"Replay:BluntJabs","floor":18.0},{"not_picked":["Worship","WindmillStrike"],"picked":"EmptyBody","floor":19.0},{"not_picked":["Evaluate","FlurryOfBlows"],"picked":"MasterReality","floor":22.0},{"not_picked":["Blasphemy+1","ConjureBlade+1"],"picked":"Adrenaline+1","floor":24.0},{"not_picked":["MasterReality+1","Phantasmal Killer+1"],"picked":"Tools of the Trade+1","floor":24.0},{"not_picked":["Establishment+1","DevaForm+1"],"picked":"ConjureBlade+1","floor":24.0},{"not_picked":["Escape Plan","FlurryOfBlows","Pray+1"],"picked":"SKIP","floor":29.0},{"not_picked":["Masterful Stab","FlyingSleeves"],"picked":"Replay:Vibes+1","floor":31.0},{"not_picked":["MasterReality","DeusExMachina"],"picked":"Brilliance","floor":33},{"not_picked":["Replay:Cycle+1","Protect+1","DeceiveReality+1"],"picked":"Sanctity","floor":35},{"not_picked":["Protect","FollowUp","FlyingSleeves+1"],"picked":"Replay:AtTheReady+1","floor":36},{"not_picked":["infinitespire:Starlight","infinitespire:DeathsTouch"],"picked":"infinitespire:Fortify","floor":37},{"not_picked":["CutThroughFate+1","Halt","ClearTheMind+1"],"picked":"Fasting2","floor":39},{"not_picked":["Tantrum","CutThroughFate","Ragnarok"],"picked":"FlyingSleeves+1","floor":42},{"not_picked":["Replay:Battleflow+1","EmptyBody+1","FlurryOfBlows"],"picked":"PathToVictory","floor":45},{"not_picked":["Ragnarok","ReachHeaven+1","Replay:AtTheReady+1"],"picked":"JustLucky+1","floor":48},{"not_picked":["Meditate","Replay:Vibes+1","CrushJoints+1"],"picked":"TalkToTheHand","floor":51},{"not_picked":["Consecrate","FlyingSleeves","EmptyBody"],"picked":"LikeWater","floor":52},{"not_picked":["TalkToTheHand+1","Protect","Judgement"],"picked":"EmptyFist","floor":56}],"player_experience":751365,"relics_obtained":[{"floor":7.0,"key":"White Beast Statue"},{"floor":8.0,"key":"Replay:Mystery Machine"},{"floor":26.0,"key":"Gambling Chip"},{"floor":27.0,"key":"Smiling Mask"},{"floor":42,"key":"Centennial Puzzle"},{"floor":43,"key":"Pondfish Scales"},{"floor":48,"key":"Torii"},{"floor":51,"key":"paleoftheancients:SoulOfTheIroncluck"},{"floor":52,"key":"paleoftheancients:SoulOfTheWokeBloke"},{"floor":53,"key":"Ring of Fury"},{"floor":53,"key":"Ring of Misfortune"},{"floor":56,"key":"paleoftheancients:SoulOfTheHexaghost"},{"floor":58,"key":"Replay:Purple Gloves"}],"event_choices":[{"damage_healed":0.0,"max_hp_gain":0.0,"max_hp_loss":0.0,"gold_gain":75.0,"event_name":"FaceTrader","player_choice":"Touch","floor":5.0,"gold_loss":0.0,"damage_taken":7.0},{"damage_healed":0.0,"max_hp_gain":0.0,"max_hp_loss":0.0,"gold_gain":0.0,"event_name":"Lab","player_choice":"Got Potions","floor":11.0,"gold_loss":0.0,"damage_taken":0.0},{"damage_healed":0.0,"max_hp_gain":0.0,"max_hp_loss":0.0,"gold_gain":0.0,"cards_transformed":["Strike_P"],"event_name":"Living Wall","player_choice":"Change","floor":14.0,"gold_loss":0.0,"damage_taken":0.0,"cards_obtained":["WreathOfFlame"]},{"damage_healed":0.0,"max_hp_gain":0.0,"max_hp_loss":14.0,"gold_gain":2.0,"event_name":"betterStone:BetterStone","player_choice":"2","floor":20.0,"gold_loss":0.0,"damage_taken":0.0},{"damage_healed":0.0,"max_hp_gain":0.0,"max_hp_loss":0.0,"gold_gain":0.0,"event_name":"betterMatch:BetterMatch","player_choice":"3","floor":24.0,"gold_loss":0.0,"damage_taken":0.0,"cards_obtained":["betterMatch:RareCard"]},{"damage_healed":0.0,"max_hp_gain":0.0,"max_hp_loss":3.0,"gold_gain":0.0,"event_name":"betterThird:BetterWriting","player_choice":"Simplicity","floor":28.0,"gold_loss":0.0,"damage_taken":0.0},{"damage_healed":63,"gold_gain":0,"player_choice":"Heal","damage_taken":0,"max_hp_gain":0,"max_hp_loss":9,"event_name":"The Moai Head","floor":46,"gold_loss":0},{"damage_healed":0,"gold_gain":0,"cards_transformed":["ReplayTheSpireMod:Exploit Weakness"],"player_choice":"Transformed","damage_taken":0,"max_hp_gain":0,"max_hp_loss":0,"event_name":"Transmorgrifier","floor":47,"gold_loss":0,"cards_obtained":["Wish"]},{"damage_healed":0,"gold_gain":0,"player_choice":"Fight","damage_taken":0,"max_hp_gain":0,"max_hp_loss":0,"event_name":"MindBloom","floor":48,"gold_loss":0}],"is_beta":false,"boss_relics":[{"not_picked":["Replay:Grab Bag","Fusion Hammer"],"picked":"ChewingGum"},{"not_picked":["Runic Dome","Busted Crown"],"picked":"Honey Jar"}],"items_purged_floors":[54],"is_endless":false,"potions_floor_spawned":[8,10,12,16,18,19,22,29,31,33,35,36,39,42,45,48,51,52,56],"ascension_level":3}}