{"host":"guk5h31bsklpp7e4","time":1610430994,"event":{"mods":["AchievementEnabler","BaseMod","Colored Map","Colored Powertips","Highlight Path","Minty Spire (QoL Compilation)","Quick Restart"],"gold_per_floor":[115,132,144,158,158,158,158,176,202,221,246,260,272,272,272,374,374,389,389,405,44,60,60,60,87,113,28,28,40,40,56,56,153,153,165,178,178,192,20,20,47,47,47,47,47,63,63,74,74,74,74,74,29,59,59,59],"floor_reached":55,"playtime":3082,"items_purged":["Neutralize","Concentrate"],"score":793,"play_id":"687cae86-9bcd-4134-a1ca-842f5ec57205","local_time":"20210112005634","is_ascension_mode":true,"campfire_choices":[{"floor":6.0,"key":"REST"},{"floor":15.0,"key":"REST"},{"floor":23,"key":"REST"},{"floor":28,"key":"REST"},{"floor":30,"key":"REST"},{"floor":32,"key":"REST"},{"floor":40,"key":"REST"},{"floor":42,"key":"RECALL"},{"floor":49,"key":"REST"},{"data":"Catalyst","floor":52,"key":"SMITH"}],"circlet_count":0,"master_deck":["Survivor","Burst","Noxious Fumes","Crippling Poison","After Image","Deflect","Bouncing Flask","Terror+1","Burst","Sucker Punch","Flechettes","Escape Plan+1","Crippling Poison","Catalyst+1","Setup","Bullet Time","Bouncing Flask","Poisoned Stab+1","Expertise","Bouncing Flask+1","Burst","Flechettes+1","Outmaneuver","Madness","Madness","Catalyst+1","Noxious Fumes","Well Laid Plans","Forethought","Prepared"],"relics":["Pandora\u0027s Box","War Paint","Shuriken","Sozu","CaptainsWheel","Anchor","Bag of Preparation","Orichalcum","Philosopher\u0027s Stone","Question Card","Unceasing Top","Snake Skull"],"acts_visited":["TheBeyond","TheEnding"],"potions_floor_usage":[18],"damage_taken":[{"damage":4.0,"enemies":"2 Louse","floor":1.0,"turns":2.0},{"damage":4.0,"enemies":"Cultist","floor":2.0,"turns":3.0},{"damage":7.0,"enemies":"Jaw Worm","floor":3.0,"turns":3.0},{"damage":5.0,"enemies":"Blue Slaver","floor":4.0,"turns":3.0},{"damage":4.0,"enemies":"Large Slime","floor":8.0,"turns":6.0},{"damage":0.0,"enemies":"3 Louse","floor":10.0,"turns":1.0},{"damage":16.0,"enemies":"Lagavulin","floor":11.0,"turns":6.0},{"damage":10.0,"enemies":"Blue Slaver","floor":12.0,"turns":3.0},{"damage":6.0,"enemies":"Red Slaver","floor":13.0,"turns":4.0},{"damage":8.0,"enemies":"The Guardian","floor":16.0,"turns":7.0},{"damage":24,"enemies":"2 Thieves","floor":18,"turns":3},{"damage":7,"enemies":"Shell Parasite","floor":20,"turns":3},{"damage":15,"enemies":"3 Cultists","floor":22,"turns":5},{"damage":57,"enemies":"Gremlin Leader","floor":25,"turns":5},{"damage":8,"enemies":"Snake Plant","floor":29,"turns":4},{"damage":2,"enemies":"Cultist and Chosen","floor":31,"turns":4},{"damage":3,"enemies":"Champ","floor":33,"turns":5},{"damage":0,"enemies":"Orb Walker","floor":35,"turns":2},{"damage":0,"enemies":"3 Shapes","floor":36,"turns":3},{"damage":21,"enemies":"Spire Growth","floor":38,"turns":3},{"damage":0,"enemies":"Nemesis","floor":41,"turns":1},{"damage":18,"enemies":"Maw","floor":46,"turns":4},{"damage":0,"enemies":"4 Shapes","floor":48,"turns":5},{"damage":81,"enemies":"Donu and Deca","floor":50,"turns":7},{"damage":68,"enemies":"Shield and Spear","floor":54,"turns":5},{"damage":3,"enemies":"The Heart","floor":55,"turns":2}],"seed_played":"3533000714501870972","potions_obtained":[{"floor":2.0,"key":"FairyPotion"},{"floor":3.0,"key":"Explosive Potion"},{"floor":11.0,"key":"DuplicationPotion"},{"floor":12.0,"key":"PowerPotion"},{"floor":16.0,"key":"DuplicationPotion"}],"is_trial":false,"path_per_floor":["M","M","M","M","?","R","$","M","T","M","E","M","M","T","R","B",null,"M","?","M","$","M","R","?","E","T","?","R","M","R","M","R","B",null,"M","M","?","M","$","R","E","R","T","?","$","M","?","M","R","B",null,"R","$","E","B"],"character_chosen":"THE_SILENT","items_purchased":["CaptainsWheel","Noxious Fumes","Prepared"],"campfire_rested":8,"item_purchase_floors":[21,39,53],"current_hp_per_floor":[66,62,55,50,43,64,64,60,60,60,44,34,28,28,49,41,70,46,46,39,39,24,45,68,11,11,11,32,24,45,43,64,61,70,70,70,61,40,40,61,61,61,61,61,61,43,36,36,57,6,70,70,70,2,0,0],"gold":59,"neow_bonus":"BOSS_RELIC","is_daily":false,"chose_seed":false,"campfire_upgraded":1,"win_rate":0.0,"timestamp":1610430994,"path_taken":["M","M","M","M","?","R","?","M","T","M","E","?","?","?","R","BOSS","M","?","M","$","M","R","?","E","T","?","R","M","R","M","R","BOSS","M","M","?","M","$","R","E","R","T","?","$","M","?","M","R","BOSS","R","$","E","BOSS"],"items_purchased_type":["Relic","Card","Card"],"build_version":"2020-12-22","purchased_purges":2,"victory":false,"max_hp_per_floor":[70,70,70,70,70,70,70,70,70,70,70,70,70,70,70,70,70,70,70,70,70,70,70,70,70,70,70,70,70,70,70,70,70,70,70,70,70,70,70,70,70,70,70,70,70,70,70,70,70,70,70,70,70,70,70,70],"card_choices":[{"not_picked":["Dodge and Roll","Cloak And Dagger","Distraction"],"picked":"SKIP","floor":1.0},{"not_picked":["Underhanded Strike","Choke"],"picked":"Flechettes","floor":2.0},{"not_picked":["Setup","Dodge and Roll"],"picked":"Escape Plan","floor":3.0},{"not_picked":["PiercingWail","Deadly Poison","Flying Knee"],"picked":"SKIP","floor":4.0},{"not_picked":["Backflip","Flying Knee"],"picked":"Crippling Poison","floor":8.0},{"not_picked":["Dodge and Roll","Outmaneuver","Blade Dance"],"picked":"SKIP","floor":10.0},{"not_picked":["Finisher","Skewer"],"picked":"Catalyst","floor":11.0},{"not_picked":["Underhanded Strike","Poisoned Stab"],"picked":"Setup","floor":12.0},{"not_picked":["Caltrops","Flying Knee","Well Laid Plans"],"picked":"SKIP","floor":13.0},{"not_picked":["Storm of Steel","A Thousand Cuts"],"picked":"Bullet Time","floor":16.0},{"not_picked":["Concentrate","Distraction"],"picked":"Bouncing Flask","floor":18},{"not_picked":["Masterful Stab","Distraction"],"picked":"Poisoned Stab+1","floor":20},{"not_picked":["Caltrops","Backstab"],"picked":"Expertise","floor":22},{"not_picked":["Reflex","Skewer+1"],"picked":"Bouncing Flask+1","floor":25},{"not_picked":["PiercingWail","Crippling Poison","Deadly Poison"],"picked":"SKIP","floor":29},{"not_picked":["Slice+1","Deflect","Quick Slash"],"picked":"SKIP","floor":31},{"not_picked":["Night Terror","Phantasmal Killer"],"picked":"Burst","floor":33},{"not_picked":["Crippling Poison","Heel Hook"],"picked":"Flechettes+1","floor":35},{"not_picked":["Cloak And Dagger+1","Slice+1"],"picked":"Outmaneuver","floor":36},{"not_picked":["Prepared","Sucker Punch+1"],"picked":"Catalyst+1","floor":38},{"not_picked":["Deflect","Bane"],"picked":"Well Laid Plans","floor":41},{"not_picked":["Metamorphosis","PanicButton","Trip"],"picked":"Forethought","floor":44},{"not_picked":["Dash","Deflect","Slice","Cloak And Dagger"],"picked":"SKIP","floor":46},{"not_picked":["Well Laid Plans+1","Expertise+1","Deflect","Slice"],"picked":"SKIP","floor":48},{"not_picked":["Accuracy","Die Die Die","Dagger Spray","Choke+1"],"picked":"SKIP","floor":54}],"player_experience":276349,"relics_obtained":[{"floor":11.0,"key":"War Paint"},{"floor":14.0,"key":"Shuriken"},{"floor":25,"key":"Anchor"},{"floor":26,"key":"Bag of Preparation"},{"floor":41,"key":"Question Card"},{"floor":43,"key":"Unceasing Top"},{"floor":54,"key":"Snake Skull"}],"event_choices":[{"damage_healed":0.0,"max_hp_gain":0.0,"max_hp_loss":0.0,"gold_gain":0.0,"event_name":"Wheel of Change","player_choice":"Damaged","floor":5.0,"gold_loss":0.0,"damage_taken":7.0},{"damage_healed":0,"gold_gain":0,"player_choice":"Ignored","damage_taken":0,"max_hp_gain":0,"max_hp_loss":0,"event_name":"Ghosts","floor":19,"gold_loss":0},{"damage_healed":23,"gold_gain":0,"player_choice":"Heal","damage_taken":0,"max_hp_gain":0,"max_hp_loss":0,"event_name":"The Library","floor":24,"gold_loss":0},{"damage_healed":0,"gold_gain":0,"player_choice":"Obtained Relic","damage_taken":0,"relics_obtained":["Orichalcum"],"max_hp_gain":0,"max_hp_loss":0,"event_name":"Addict","floor":27,"gold_loss":85},{"damage_healed":0,"gold_gain":0,"player_choice":"Embrace Madness","damage_taken":9,"max_hp_gain":0,"max_hp_loss":0,"event_name":"Winding Halls","floor":37,"gold_loss":0,"cards_obtained":["Madness","Madness"]},{"damage_healed":0,"gold_gain":0,"player_choice":"Memory 1","damage_taken":0,"max_hp_gain":0,"max_hp_loss":0,"event_name":"SensoryStone","floor":44,"gold_loss":0},{"damage_healed":0,"gold_gain":0,"player_choice":"Damaged","damage_taken":7,"max_hp_gain":0,"max_hp_loss":0,"event_name":"Wheel of Change","floor":47,"gold_loss":0}],"is_beta":false,"boss_relics":[{"not_picked":["Coffee Dripper","Fusion Hammer"],"picked":"Sozu"},{"not_picked":["Busted Crown","Snecko Eye"],"picked":"Philosopher\u0027s Stone"}],"items_purged_floors":[21,39],"is_endless":false,"potions_floor_spawned":[2,3,11,12,16,20,25,33,36,46,54],"killed_by":"The Heart","ascension_level":2}}