{"host":"y193d0agu1dp5x1y","time":1610428807,"event":{"mods":["BaseMod","Googly Eyes","Minty Spire (QoL Compilation)"],"gold_per_floor":[115,115,115,36,56,56,85,85,85,85,85,85,97,272,272,368,368,388,388,402,133,147,147,147],"floor_reached":23,"playtime":1299,"items_purged":["Defend_B"],"score":212,"play_id":"0ba8f8a5-2ba8-4910-92ae-7e051b98faa4","local_time":"20210111232007","is_ascension_mode":false,"campfire_choices":[{"data":"Hello World","floor":6,"key":"SMITH"},{"data":"Leap","floor":8,"key":"SMITH"},{"data":"Seek","floor":11,"key":"SMITH"},{"data":"Beam Cell","floor":15,"key":"SMITH"}],"circlet_count":0,"master_deck":["Strike_B","Strike_B","Strike_B","Strike_B","Defend_B","Defend_B+1","Defend_B+1","Zap+1","Dualcast+1","Leap+1","Hello World+1","Leap","Seek+1","Beam Cell+1","Doubt","Buffer+1","Steam+1","BootSequence","Barrage","Zap+1","Redo"],"relics":["Cracked Core","NeowsBlessing","Matryoshka","Anchor","Ancient Tea Set","War Paint","Strawberry","Pantograph","Runic Pyramid","DollysMirror"],"acts_visited":["Exordium","TheCity"],"potions_floor_usage":[],"damage_taken":[{"damage":0,"enemies":"2 Louse","floor":1,"turns":1},{"damage":0,"enemies":"Small Slimes","floor":5,"turns":1},{"damage":0,"enemies":"Gremlin Nob","floor":7,"turns":1},{"damage":0,"enemies":"Jaw Worm","floor":13,"turns":3},{"damage":12,"enemies":"Slime Boss","floor":16,"turns":10},{"damage":0,"enemies":"Chosen","floor":18,"turns":7},{"damage":0,"enemies":"Shell Parasite","floor":20,"turns":6},{"damage":0,"enemies":"Snake Plant","floor":22,"turns":6},{"damage":104,"enemies":"Gremlin Leader","floor":23,"turns":12}],"seed_played":"-4978624556427588511","potions_obtained":[{"floor":1,"key":"Dexterity Potion"},{"floor":13,"key":"DistilledChaos"},{"floor":20,"key":"PowerPotion"},{"floor":22,"key":"Explosive Potion"}],"is_trial":false,"path_per_floor":["M","?","?","$","M","R","E","R","T","?","R","T","M","?","R","B",null,"M","?","M","$","M","E"],"character_chosen":"DEFECT","items_purchased":["Hello World","Barrage","DollysMirror"],"campfire_rested":0,"item_purchase_floors":[4,21,21],"current_hp_per_floor":[75,63,48,48,48,48,48,48,48,53,53,60,60,60,60,73,87,87,87,87,87,87,0,0],"gold":147,"neow_bonus":"THREE_ENEMY_KILL","is_daily":false,"chose_seed":false,"campfire_upgraded":4,"win_rate":0.0,"timestamp":1610428807,"path_taken":["M","?","?","$","M","R","E","R","T","?","R","?","M","?","R","BOSS","M","?","M","?","?","E"],"items_purchased_type":["Card","Card","Relic"],"build_version":"2020-12-22","purchased_purges":1,"victory":false,"max_hp_per_floor":[75,75,75,75,75,75,75,75,75,80,80,87,87,87,87,87,87,87,87,87,87,87,87,87],"card_choices":[{"not_picked":["Gash","Barrage"],"picked":"Leap","floor":1},{"not_picked":["Doom and Gloom","Barrage"],"picked":"Leap","floor":5},{"not_picked":["Undo","Beam Cell"],"picked":"Seek","floor":7},{"not_picked":["Steam","Fusion"],"picked":"Beam Cell","floor":13},{"not_picked":["Rainbow","Seek"],"picked":"Buffer","floor":16},{"not_picked":["Gash+1","Cold Snap"],"picked":"Steam+1","floor":18},{"not_picked":["Conserve Battery","Gash"],"picked":"BootSequence","floor":20},{"not_picked":["Barrage","Go for the Eyes"],"picked":"Redo","floor":22}],"player_experience":61136,"relics_obtained":[{"floor":7,"key":"Anchor"},{"floor":9,"key":"Ancient Tea Set"},{"floor":9,"key":"War Paint"},{"floor":12,"key":"Strawberry"},{"floor":12,"key":"Pantograph"}],"event_choices":[{"damage_healed":0,"gold_gain":0,"player_choice":"Success","damage_taken":12,"relics_obtained":["Matryoshka"],"max_hp_gain":0,"max_hp_loss":0,"event_name":"Scrap Ooze","floor":2,"gold_loss":0},{"damage_healed":0,"gold_gain":0,"player_choice":"Entered Light","damage_taken":15,"max_hp_gain":0,"max_hp_loss":0,"event_name":"Shining Light","floor":3,"gold_loss":0,"cards_upgraded":["Dualcast","Zap"]},{"damage_healed":0,"gold_gain":0,"player_choice":"Donut","damage_taken":0,"max_hp_gain":5,"max_hp_loss":0,"event_name":"Big Fish","floor":10,"gold_loss":0},{"damage_healed":0,"gold_gain":175,"player_choice":"AGREE","damage_taken":0,"max_hp_gain":0,"max_hp_loss":0,"event_name":"Liars Game","floor":14,"gold_loss":0,"cards_obtained":["Doubt"]},{"damage_healed":0,"gold_gain":0,"player_choice":"Upgraded","damage_taken":0,"max_hp_gain":0,"max_hp_loss":0,"event_name":"Upgrade Shrine","floor":19,"gold_loss":0,"cards_upgraded":["Buffer"]}],"is_beta":false,"boss_relics":[{"not_picked":["Ectoplasm","FrozenCore"],"picked":"Runic Pyramid"}],"items_purged_floors":[21],"is_endless":false,"potions_floor_spawned":[1,13,20,22],"killed_by":"Gremlin Leader","ascension_level":0}}