{"host":"480qzmvu0s2e3e6w","time":1610463600,"event":{"mods":["BaseMod","Colored Map","DeckTracker","Lobotomy","Minty Spire (QoL Compilation)","StSLib","SuperFastMode"],"gold_per_floor":[111,126,50,69,80,80,105,105,105,117,42,54,71,91,91,168,168,188,113,126,136,136,136,166,166,166,48,73,88,98,112,112,183,183,195,29,29,39,64,64,95,95,120,120,20,0,0,11,11,11,11,11,11,44,44,44],"floor_reached":55,"playtime":2649,"items_purged":["Clumsy","Pain"],"score":1410,"play_id":"a9e60cea-f001-4ec1-9994-a2446afc513f","local_time":"20210113000000","is_ascension_mode":true,"campfire_choices":[{"data":"Eruption","floor":6.0,"key":"SMITH"},{"data":"CrushJoints","floor":8.0,"key":"SMITH"},{"data":"Tantrum","floor":15.0,"key":"SMITH"},{"floor":23.0,"key":"REST"},{"data":"EmptyMind","floor":25.0,"key":"SMITH"},{"floor":32.0,"key":"REST"},{"data":"MentalFortress","floor":40,"key":"SMITH"},{"data":"BattleHymn","floor":42,"key":"SMITH"},{"data":"Wallop","floor":44,"key":"SMITH"},{"floor":49,"key":"RECALL"},{"data":"ConjureBlade","floor":52,"key":"SMITH"}],"circlet_count":0,"master_deck":["AscendersBane","Defend_P","Defend_P","Defend_P","Eruption+1","Vigilance","CutThroughFate","CrushJoints+1","Tantrum+1","FollowUp","EmptyMind+1","Indignation","Consecrate","EmptyFist","ConjureBlade+1","Evaluate","Vengeance+1","EmptyBody","WheelKick","BattleHymn+1","BowlingBash","Halt","MentalFortress+1","FearNoEvil","Judgement","Meditate+1","LessonLearned+1","ReachHeaven+1","Wallop+1","InnerPeace","Sanctity+1"],"relics":["PureWater","Akabeko","Mummified Hand","Mercury Hourglass","Odd Mushroom","Cursed Key","Eternal Feather","Question Card","Bird Faced Urn","Astrolabe","Centennial Puzzle","CaptainsWheel","White Beast Statue","Red Mask","Bronze Scales"],"acts_visited":["Exordium","TheCity","TheBeyond","TheEnding"],"potions_floor_usage":[50,50,55],"damage_taken":[{"damage":0.0,"enemies":"Cultist","floor":1.0,"turns":2.0},{"damage":0.0,"enemies":"Jaw Worm","floor":2.0,"turns":3.0},{"damage":0.0,"enemies":"Small Slimes","floor":4.0,"turns":2.0},{"damage":0.0,"enemies":"2 Fungi Beasts","floor":5.0,"turns":1.0},{"damage":0.0,"enemies":"Gremlin Nob","floor":7.0,"turns":2.0},{"damage":3.0,"enemies":"Large Slime","floor":10.0,"turns":2.0},{"damage":0.0,"enemies":"Lots of Slimes","floor":12.0,"turns":2.0},{"damage":0.0,"enemies":"3 Louse","floor":13.0,"turns":2.0},{"damage":0.0,"enemies":"The Mushroom Lair","floor":14.0,"turns":2.0},{"damage":36.0,"enemies":"The Guardian","floor":16.0,"turns":8.0},{"damage":0.0,"enemies":"3 Byrds","floor":18.0,"turns":3.0},{"damage":2.0,"enemies":"2 Thieves","floor":20.0,"turns":4.0},{"damage":25.0,"enemies":"Shelled Parasite and Fungi","floor":21.0,"turns":4.0},{"damage":19.0,"enemies":"Slavers","floor":24.0,"turns":4.0},{"damage":0.0,"enemies":"Gremlin Leader","floor":28.0,"turns":3.0},{"damage":11.0,"enemies":"Chosen and Byrds","floor":29.0,"turns":4.0},{"damage":13.0,"enemies":"Snecko","floor":30.0,"turns":4.0},{"damage":24.0,"enemies":"Shelled Parasite and Fungi","floor":31.0,"turns":2.0},{"damage":36.0,"enemies":"Automaton","floor":33.0,"turns":6.0},{"damage":15.0,"enemies":"Orb Walker","floor":35.0,"turns":3.0},{"damage":0.0,"enemies":"3 Darklings","floor":38.0,"turns":2.0},{"damage":32,"enemies":"Mind Bloom Boss Battle","floor":39,"turns":5},{"damage":25,"enemies":"Nemesis","floor":41,"turns":5},{"damage":0,"enemies":"Writhing Mass","floor":48,"turns":2},{"damage":61,"enemies":"Awakened One","floor":50,"turns":8},{"damage":22,"enemies":"Shield and Spear","floor":54,"turns":5},{"damage":63,"enemies":"The Heart","floor":55,"turns":5}],"seed_played":"7597920088793355739","potions_obtained":[{"floor":4.0,"key":"BottledMiracle"},{"floor":10.0,"key":"FearPotion"},{"floor":12.0,"key":"GamblersBrew"},{"floor":18.0,"key":"SpeedPotion"},{"floor":21.0,"key":"Block Potion"},{"floor":28.0,"key":"Dexterity Potion"},{"floor":39,"key":"Block Potion"},{"floor":48,"key":"DistilledChaos"},{"floor":54,"key":"Dexterity Potion"}],"is_trial":false,"path_per_floor":["M","M","$","M","M","R","E","R","T","M","?","M","M","?","R","B",null,"M","?","M","M","?","R","E","R","T","$","E","M","M","M","R","B",null,"M","$","?","M","?","R","E","R","T","R","$","?","$","M","R","B",null,"R","$","E","B"],"character_chosen":"WATCHER","items_purchased":["Tantrum","BattleHymn","Centennial Puzzle"],"campfire_rested":2,"item_purchase_floors":[3,27,36],"current_hp_per_floor":[61,61,61,61,61,61,61,61,61,58,58,58,58,58,58,22,57,57,57,55,30,30,50,31,43,43,43,43,34,23,3,38,6,53,40,40,78,78,50,65,44,59,59,77,77,77,77,78,78,19,63,78,78,58,0,0],"gold":44,"neow_bonus":"RANDOM_COMMON_RELIC","is_daily":false,"chose_seed":false,"campfire_upgraded":8,"win_rate":0.0,"timestamp":1610463600,"path_taken":["M","M","?","M","M","R","E","R","T","M","?","M","M","?","R","BOSS","M","?","M","M","?","R","E","R","T","$","E","M","M","M","R","BOSS","M","$","?","?","?","R","E","R","T","R","$","?","?","M","R","BOSS","R","$","E","BOSS"],"items_purchased_type":["Card","Card","Relic"],"build_version":"2020-12-22","purchased_purges":2,"victory":false,"max_hp_per_floor":[68,68,68,68,68,68,68,68,68,68,68,68,68,68,68,68,68,68,68,68,68,68,68,68,68,68,68,68,68,68,68,68,68,68,68,68,78,78,78,78,78,78,78,78,78,78,78,78,78,78,78,78,78,78,78,78],"card_choices":[{"not_picked":["Crescendo","PathToVictory"],"picked":"CutThroughFate","floor":1.0},{"not_picked":["Fasting2","Evaluate"],"picked":"CrushJoints","floor":2.0},{"not_picked":["CarveReality","Swivel"],"picked":"FollowUp","floor":4.0},{"not_picked":["WaveOfTheHand","Consecrate"],"picked":"EmptyMind","floor":5.0},{"not_picked":["Protect","FollowUp","JustLucky"],"picked":"SKIP","floor":7.0},{"not_picked":["Protect","Consecrate"],"picked":"Indignation","floor":10.0},{"not_picked":["PathToVictory","Worship","Crescendo"],"picked":"SKIP","floor":12.0},{"not_picked":["EmptyMind","Pray"],"picked":"Consecrate","floor":13.0},{"not_picked":["BowlingBash","Wallop"],"picked":"EmptyFist","floor":14.0},{"not_picked":["Establishment","MasterReality"],"picked":"ConjureBlade","floor":16.0},{"not_picked":["FlurryOfBlows","Prostrate"],"picked":"Evaluate","floor":18.0},{"not_picked":["WheelKick","Worship+1"],"picked":"Vengeance+1","floor":20.0},{"not_picked":["Consecrate","PathToVictory"],"picked":"EmptyBody","floor":21.0},{"not_picked":["Collect","EmptyFist"],"picked":"WheelKick","floor":24.0},{"not_picked":["CutThroughFate","Wish","ForeignInfluence"],"picked":"BowlingBash","floor":28.0},{"not_picked":["Sanctity","FlurryOfBlows","Nirvana"],"picked":"Halt","floor":29.0},{"not_picked":["FlyingSleeves","ThirdEye","LikeWater"],"picked":"MentalFortress","floor":30.0},{"not_picked":["Fasting2+1","CutThroughFate+1","Devotion"],"picked":"FearNoEvil","floor":31.0},{"not_picked":["ConjureBlade","MasterReality","DevaForm"],"picked":"Judgement","floor":33.0},{"not_picked":["EmptyBody","Evaluate","Protect","PathToVictory"],"picked":"SKIP","floor":35.0},{"not_picked":["ThirdEye","Worship","Conclude+1"],"picked":"ReachHeaven+1","floor":38.0},{"not_picked":["ClearTheMind","WreathOfFlame+1","EmptyMind"],"picked":"Wallop","floor":41},{"not_picked":["ClearTheMind","Wish","Crescendo"],"picked":"InnerPeace","floor":48},{"not_picked":["SignatureMove","Nirvana","ThirdEye"],"picked":"Sanctity+1","floor":54}],"player_experience":705347,"relics_obtained":[{"floor":7.0,"key":"Mummified Hand"},{"floor":9.0,"key":"Mercury Hourglass"},{"floor":14.0,"key":"Odd Mushroom"},{"floor":24.0,"key":"Eternal Feather"},{"floor":26.0,"key":"Question Card"},{"floor":28.0,"key":"Bird Faced Urn"},{"floor":39,"key":"CaptainsWheel"},{"floor":41,"key":"White Beast Statue"},{"floor":54,"key":"Bronze Scales"}],"event_choices":[{"cards_removed":["Strike_P"],"damage_healed":0.0,"max_hp_gain":0.0,"max_hp_loss":0.0,"gold_gain":0.0,"event_name":"The Cleric","player_choice":"Card Removal","floor":11.0,"gold_loss":75.0,"damage_taken":0.0},{"damage_healed":0.0,"max_hp_gain":0.0,"max_hp_loss":0.0,"gold_gain":0.0,"event_name":"Mushrooms","player_choice":"Fought Mushrooms","floor":14.0,"gold_loss":0.0,"damage_taken":0.0},{"cards_removed":["Strike_P"],"damage_healed":0.0,"max_hp_gain":0.0,"max_hp_loss":0.0,"gold_gain":0.0,"event_name":"Beggar","player_choice":"Gave Gold","floor":19.0,"gold_loss":75.0,"damage_taken":0.0},{"damage_healed":0.0,"max_hp_gain":0.0,"max_hp_loss":0.0,"gold_gain":0.0,"event_name":"Vampires","player_choice":"Ignored","floor":22.0,"gold_loss":0.0,"damage_taken":0.0},{"cards_removed":["Alpha"],"damage_healed":28.0,"max_hp_gain":10.0,"max_hp_loss":0.0,"gold_gain":0.0,"event_name":"Bonfire Elementals","player_choice":"Offered Rare","floor":37.0,"gold_loss":0.0,"damage_taken":0.0},{"damage_healed":0,"gold_gain":0,"player_choice":"Fight","damage_taken":0,"max_hp_gain":0,"max_hp_loss":0,"event_name":"MindBloom","floor":39,"gold_loss":0},{"damage_healed":0,"gold_gain":0,"player_choice":"Paid","damage_taken":0,"relics_obtained":["Red Mask"],"max_hp_gain":0,"max_hp_loss":0,"event_name":"Tomb of Lord Red Mask","floor":46,"gold_loss":20}],"is_beta":false,"boss_relics":[{"not_picked":["Calling Bell","Black Star"],"picked":"Cursed Key"},{"not_picked":["Coffee Dripper","SlaversCollar"],"picked":"Astrolabe"}],"items_purged_floors":[27,45],"is_endless":false,"potions_floor_spawned":[4,10,12,13,18,21,28,39,48,54],"killed_by":"The Heart","ascension_level":17}}