{"host":"f5n4tidiz2n5sooh","time":1610453102,"event":{"mods":["BaseMod","Colored Map","Minty Spire (QoL Compilation)","Relic Stats","Slay the Relics Exporter","StSLib"],"gold_per_floor":[113,128,141,141,115,115,146,146,146,180,180,180,204,135,135,228,228,253,278,278,302,302,342,342,377,377,377,377,396,396,432,432,432,432],"floor_reached":33,"playtime":1176,"items_purged":[],"score":851,"play_id":"a5401087-473e-40ce-9dde-3829f3736c2c","local_time":"20210112060502","is_ascension_mode":true,"campfire_choices":[{"floor":6,"key":"REST"},{"data":"Dagger Throw","floor":8,"key":"SMITH"},{"floor":15,"key":"REST"},{"data":"Neutralize","floor":24,"key":"SMITH"},{"data":"Finisher","floor":28,"key":"SMITH"},{"data":"Finisher","floor":30,"key":"SMITH"},{"data":"Cloak And Dagger","floor":32,"key":"SMITH"}],"circlet_count":0,"master_deck":["AscendersBane","Defend_G+1","Defend_G+1","Defend_G+1","Defend_G+1","Defend_G+1","Survivor","Neutralize+1","Poisoned Stab+1","Dagger Throw","Dagger Throw+1","Finisher+1","Finisher+1","Slice","After Image+1","A Thousand Cuts+1","Cloak And Dagger+1","Bite","Bite","Bite","Bite","Bite","Cloak And Dagger","Well Laid Plans+1","Terror+1"],"relics":["Black Star","Mango","Whetstone","Frozen Egg 2","Potion Belt","Pocketwatch","Golden Idol","Cursed Key","Gremlin Horn","PreservedInsect","Ancient Tea Set","Pen Nib","Toxic Egg 2","Eternal Feather"],"acts_visited":["Exordium","TheCity"],"potions_floor_usage":[7,7,7,7,16,16,23,31,33],"damage_taken":[{"damage":8,"enemies":"Small Slimes","floor":1,"turns":5},{"damage":7,"enemies":"Cultist","floor":2,"turns":4},{"damage":5,"enemies":"2 Louse","floor":3,"turns":3},{"damage":23,"enemies":"Exordium Thugs","floor":5,"turns":4},{"damage":0,"enemies":"Gremlin Nob","floor":7,"turns":3},{"damage":36,"enemies":"Lagavulin","floor":10,"turns":6},{"damage":4,"enemies":"Blue Slaver","floor":13,"turns":2},{"damage":0,"enemies":"Slime Boss","floor":16,"turns":3},{"damage":7,"enemies":"Chosen","floor":18,"turns":4},{"damage":16,"enemies":"Shell Parasite","floor":19,"turns":4},{"damage":8,"enemies":"Snake Plant","floor":21,"turns":5},{"damage":18,"enemies":"Book of Stabbing","floor":23,"turns":4},{"damage":0,"enemies":"Gremlin Leader","floor":25,"turns":5},{"damage":4,"enemies":"Chosen and Byrds","floor":29,"turns":5},{"damage":27,"enemies":"Slavers","floor":31,"turns":4},{"damage":50,"enemies":"Champ","floor":33,"turns":7}],"seed_played":"-3679747971821149437","potions_obtained":[{"floor":2,"key":"DuplicationPotion"},{"floor":5,"key":"EntropicBrew"},{"floor":10,"key":"DuplicationPotion"},{"floor":13,"key":"CunningPotion"},{"floor":18,"key":"FearPotion"},{"floor":29,"key":"Fire Potion"},{"floor":31,"key":"ColorlessPotion"}],"is_trial":false,"path_per_floor":["M","M","M","?","M","R","E","R","T","E","?","?","M","?","R","B",null,"M","M","?","M","?","E","R","E","T","T","R","M","R","E","R","B"],"character_chosen":"THE_SILENT","items_purchased":[],"campfire_rested":2,"item_purchase_floors":[],"current_hp_per_floor":[51,44,39,39,16,35,49,49,49,13,13,13,9,9,30,30,62,55,39,39,31,31,19,19,33,33,33,33,39,39,20,35,0,0],"gold":432,"neow_bonus":"BOSS_RELIC","is_daily":false,"chose_seed":false,"campfire_upgraded":5,"win_rate":0.0,"timestamp":1610453102,"path_taken":["M","M","M","?","?","R","E","R","T","E","?","?","?","?","R","BOSS","M","M","?","M","?","E","R","E","T","?","R","M","R","E","R","BOSS"],"items_purchased_type":[],"build_version":"2020-12-22","purchased_purges":0,"victory":false,"max_hp_per_floor":[66,66,66,66,66,66,80,80,80,80,80,72,72,72,72,72,72,72,72,72,72,50,50,50,50,50,50,50,50,50,50,50,50,50],"relic_stats":{"Gremlin Horn":[7,7],"counters":[16,68],"Golden Idol":65,"Eternal Feather":15,"PreservedInsect":87,"Pen Nib":[4],"Black Star":5,"Whetstone":["Strike_G","Strike_G"],"Cursed Key":0,"obtain_stats":[{"Potion Belt":10,"Gremlin Horn":23,"Golden Idol":12,"Mango":7,"Eternal Feather":31,"PreservedInsect":23,"Pen Nib":25,"Whetstone":7,"Frozen Egg 2":9,"Cursed Key":17,"Ancient Tea Set":25,"Black Star":0,"Toxic Egg 2":31,"Ring of the Snake":0,"Pocketwatch":10},{"Potion Belt":6,"Gremlin Horn":12,"Golden Idol":6,"Mango":5,"Eternal Feather":15,"PreservedInsect":12,"Pen Nib":13,"Whetstone":5,"Frozen Egg 2":5,"Cursed Key":8,"Ancient Tea Set":13,"Black Star":0,"Toxic Egg 2":15,"Ring of the Snake":0,"Pocketwatch":6},{"Potion Belt":25,"Gremlin Horn":47,"Golden Idol":25,"Mango":19,"Eternal Feather":61,"PreservedInsect":47,"Pen Nib":52,"Whetstone":19,"Frozen Egg 2":19,"Cursed Key":30,"Ancient Tea Set":52,"Black Star":0,"Toxic Egg 2":61,"Ring of the Snake":0,"Pocketwatch":25}],"Pocketwatch":[33]},"card_choices":[{"not_picked":["Dodge and Roll","Bane"],"picked":"Poisoned Stab","floor":1},{"not_picked":["Blur","Backflip"],"picked":"Dagger Throw","floor":2},{"not_picked":["Sucker Punch","Reflex"],"picked":"Dagger Throw","floor":3},{"not_picked":["Slice","All Out Attack"],"picked":"Finisher","floor":5},{"not_picked":["Setup","Blur"],"picked":"Finisher","floor":7},{"not_picked":["Predator","Riddle With Holes"],"picked":"Slice","floor":10},{"not_picked":["Acrobatics","Backflip"],"picked":"After Image+1","floor":13},{"not_picked":["After Image+1","Phantasmal Killer"],"picked":"A Thousand Cuts+1","floor":16},{"not_picked":["Acrobatics","Sucker Punch"],"picked":"Cloak And Dagger","floor":18},{"not_picked":["Flying Knee","Prepared","Setup"],"picked":"SKIP","floor":19},{"not_picked":["Slice","Dagger Throw","Acrobatics"],"picked":"SKIP","floor":21},{"not_picked":["All Out Attack","Deadly Poison"],"picked":"Cloak And Dagger","floor":23},{"not_picked":["Infinite Blades+1","A Thousand Cuts+1"],"picked":"Well Laid Plans+1","floor":25},{"not_picked":["Dagger Throw","Prepared","Masterful Stab"],"picked":"SKIP","floor":29},{"not_picked":["Venomology+1","Dagger Throw+1"],"picked":"Terror+1","floor":31}],"player_experience":2000421,"relics_obtained":[{"floor":7,"key":"Mango"},{"floor":7,"key":"Whetstone"},{"floor":9,"key":"Frozen Egg 2"},{"floor":10,"key":"Potion Belt"},{"floor":10,"key":"Pocketwatch"},{"floor":23,"key":"Gremlin Horn"},{"floor":23,"key":"PreservedInsect"},{"floor":25,"key":"Ancient Tea Set"},{"floor":25,"key":"Pen Nib"},{"floor":31,"key":"Toxic Egg 2"},{"floor":31,"key":"Eternal Feather"}],"event_choices":[{"damage_healed":0,"gold_gain":0,"player_choice":"Upgraded","damage_taken":0,"max_hp_gain":0,"max_hp_loss":0,"event_name":"Upgrade Shrine","floor":4,"gold_loss":0,"cards_upgraded":["Poisoned Stab"]},{"damage_healed":0,"gold_gain":0,"player_choice":"Ignored","damage_taken":0,"max_hp_gain":0,"max_hp_loss":0,"event_name":"Liars Game","floor":11,"gold_loss":0},{"damage_healed":0,"gold_gain":0,"player_choice":"Lose Max HP","damage_taken":0,"relics_obtained":["Golden Idol"],"max_hp_gain":0,"max_hp_loss":8,"event_name":"Golden Idol","floor":12,"gold_loss":0},{"damage_healed":0,"gold_gain":0,"player_choice":"Left Gold","damage_taken":0,"max_hp_gain":0,"max_hp_loss":0,"event_name":"World of Goop","floor":14,"gold_loss":69},{"damage_healed":0,"gold_gain":0,"player_choice":"Simplicity","damage_taken":0,"max_hp_gain":0,"max_hp_loss":0,"event_name":"Back to Basics","floor":20,"gold_loss":0,"cards_upgraded":["Strike_G","Strike_G","Strike_G","Defend_G","Defend_G","Defend_G","Defend_G","Defend_G"]},{"damage_healed":0,"gold_gain":0,"player_choice":"Became a vampire","damage_taken":0,"max_hp_gain":0,"max_hp_loss":22,"event_name":"Vampires","floor":22,"gold_loss":0,"cards_obtained":["Bite","Bite","Bite","Bite","Bite"]}],"is_beta":false,"boss_relics":[{"not_picked":["HoveringKite","Philosopher\u0027s Stone"],"picked":"Cursed Key"}],"items_purged_floors":[],"is_endless":false,"potions_floor_spawned":[2,5,10,13,18,29,31],"killed_by":"Champ","ascension_level":20}}