{"host":"oy4pyvr762z5n0bb","time":1610431940,"event":{"mods":["AchievementEnabler","BaseMod","Colored Map","Colored Powertips","Googly Eyes","Key Reminder","Minty Spire (QoL Compilation)","Quick Restart","Relic Sorter","Slay the Relics Exporter","StSLib","SuperFastMode","Unceasing Turn Reminder","slay the spire mod where everything is the same but ironclad has a cowboy hat"],"gold_per_floor":[117,128,128,141,141,176,176,207,257,15,15,15,31,31,31,127,127,147,164,439,457,141,141,158,188,234,234,6,16,36,49,49,49,49],"floor_reached":33,"playtime":1066,"items_purged":["Shame","Strike_B"],"score":493,"play_id":"b49f2e0d-0dbf-49d1-a195-2e4ca127b034","local_time":"20210111221220","is_ascension_mode":true,"campfire_choices":[{"floor":7,"key":"REST"},{"floor":12,"key":"REST"},{"data":"Defragment","floor":15,"key":"SMITH"},{"floor":23,"key":"REST"},{"floor":27,"key":"REST"},{"floor":32,"key":"REST"}],"circlet_count":0,"master_deck":["AscendersBane","Strike_B","Strike_B","Defend_B","Defend_B","Defend_B+1","Zap","Dualcast","FTL","Rebound","Loop","Lockon","Beam Cell","Coolheaded","Conserve Battery+1","Defragment+1","Defragment+1","Good Instincts","Redo","Cold Snap","Redo+1","Regret","Chill+1","Capacitor","Seek","Coolheaded","Coolheaded","Gash","Defragment","Gash","Redo","Gash","Gash"],"relics":["Cracked Core","The Courier","MealTicket","Ancient Tea Set","War Paint","Velvet Choker","DataDisk","Nunchaku","Prayer Wheel"],"acts_visited":["Exordium","TheCity"],"potions_floor_usage":[6,33],"damage_taken":[{"damage":9,"enemies":"Jaw Worm","floor":1,"turns":3},{"damage":0,"enemies":"Small Slimes","floor":2,"turns":3},{"damage":6,"enemies":"Cultist","floor":4,"turns":3},{"damage":37,"enemies":"Lagavulin","floor":6,"turns":5},{"damage":31,"enemies":"Gremlin Nob","floor":8,"turns":4},{"damage":8,"enemies":"Blue Slaver","floor":13,"turns":3},{"damage":2,"enemies":"The Guardian","floor":16,"turns":12},{"damage":21,"enemies":"2 Thieves","floor":18,"turns":4},{"damage":0,"enemies":"Chosen","floor":19,"turns":4},{"damage":25,"enemies":"Centurion and Healer","floor":21,"turns":7},{"damage":11,"enemies":"3 Cultists","floor":24,"turns":11},{"damage":26,"enemies":"Slavers","floor":25,"turns":15},{"damage":8,"enemies":"Snake Plant","floor":29,"turns":4},{"damage":4,"enemies":"Centurion and Healer","floor":30,"turns":12},{"damage":18,"enemies":"Cultist and Chosen","floor":31,"turns":7},{"damage":64,"enemies":"Automaton","floor":33,"turns":12}],"seed_played":"5232010395077946503","potions_obtained":[{"floor":4,"key":"Strength Potion"},{"floor":6,"key":"BlessingOfTheForge"},{"floor":16,"key":"EssenceOfDarkness"}],"is_trial":false,"path_per_floor":["M","M","?","M","?","E","R","E","T","$","?","R","M","?","R","B",null,"M","M","?","M","$","R","M","E","T","R","$","M","M","M","R","B"],"character_chosen":"DEFECT","items_purchased":["Defragment","Defragment","Good Instincts","Capacitor","Seek","Coolheaded","Coolheaded","Prayer Wheel"],"campfire_rested":5,"item_purchase_floors":[10,10,10,22,22,22,22,28],"current_hp_per_floor":[59,59,56,50,50,13,35,4,4,19,19,41,33,58,58,56,70,49,49,49,24,39,61,50,24,24,46,61,53,49,31,53,0,0],"gold":49,"neow_bonus":"TRANSFORM_TWO_CARDS","is_daily":false,"chose_seed":false,"campfire_upgraded":1,"win_rate":0.0,"timestamp":1610431940,"path_taken":["M","M","?","M","?","E","R","E","T","$","?","R","?","?","R","BOSS","M","M","?","?","$","R","M","E","T","R","$","M","M","M","R","BOSS"],"items_purchased_type":["Card","Card","Card","Card","Card","Card","Card","Relic"],"build_version":"2020-12-22","purchased_purges":2,"victory":false,"max_hp_per_floor":[75,75,75,75,75,75,75,75,75,75,75,75,75,75,75,75,75,75,75,75,75,75,75,75,75,75,75,75,75,75,75,75,75,75],"card_choices":[{"not_picked":["Cold Snap","Streamline"],"picked":"Loop","floor":1},{"not_picked":["Barrage","Leap"],"picked":"Lockon","floor":2},{"not_picked":["Hologram","Double Energy"],"picked":"Beam Cell","floor":4},{"not_picked":["Hologram","Leap"],"picked":"Coolheaded","floor":6},{"not_picked":["BootSequence","Reprogram"],"picked":"Conserve Battery","floor":8},{"not_picked":["Sweeping Beam","Cold Snap"],"picked":"Redo","floor":13},{"not_picked":["BootSequence","Hologram"],"picked":"Cold Snap","floor":18},{"not_picked":["Turbo+1","Beam Cell+1"],"picked":"Redo+1","floor":19},{"not_picked":["Loop","Coolheaded+1"],"picked":"Chill+1","floor":21},{"not_picked":["Stack","Seek"],"picked":"Gash","floor":24},{"not_picked":["Turbo+1","Rebound+1"],"picked":"Defragment","floor":25},{"not_picked":["Turbo","Ball Lightning"],"picked":"Gash","floor":29},{"not_picked":["Heatsinks","Rebound","Chaos"],"picked":"SKIP","floor":29},{"not_picked":["Core Surge","Double Energy"],"picked":"Redo","floor":30},{"not_picked":["Conserve Battery","Compile Driver","Melter"],"picked":"SKIP","floor":30},{"not_picked":["Consume+1","Ball Lightning"],"picked":"Gash","floor":31},{"not_picked":["Ball Lightning","Conserve Battery+1"],"picked":"Gash","floor":31}],"player_experience":735408,"relics_obtained":[{"floor":6,"key":"MealTicket"},{"floor":8,"key":"Ancient Tea Set"},{"floor":9,"key":"War Paint"},{"floor":25,"key":"DataDisk"},{"floor":26,"key":"Nunchaku"}],"event_choices":[{"damage_healed":0,"gold_gain":0,"player_choice":"Success","damage_taken":3,"relics_obtained":["The Courier"],"max_hp_gain":0,"max_hp_loss":0,"event_name":"Scrap Ooze","floor":3,"gold_loss":0},{"damage_healed":0,"gold_gain":0,"player_choice":"Ignored","damage_taken":0,"max_hp_gain":0,"max_hp_loss":0,"event_name":"Golden Idol","floor":5,"gold_loss":0},{"damage_healed":0,"gold_gain":0,"player_choice":"Grow","damage_taken":0,"max_hp_gain":0,"max_hp_loss":0,"event_name":"Living Wall","floor":11,"gold_loss":0,"cards_upgraded":["Defragment"]},{"damage_healed":25,"gold_gain":0,"player_choice":"Banana","damage_taken":0,"max_hp_gain":0,"max_hp_loss":0,"event_name":"Big Fish","floor":14,"gold_loss":0},{"damage_healed":0,"gold_gain":275,"player_choice":"Desecrate","damage_taken":0,"max_hp_gain":0,"max_hp_loss":0,"event_name":"Golden Shrine","floor":20,"gold_loss":0,"cards_obtained":["Regret"]}],"is_beta":false,"boss_relics":[{"not_picked":["Nuclear Battery","Coffee Dripper"],"picked":"Velvet Choker"}],"items_purged_floors":[10,22],"is_endless":false,"potions_floor_spawned":[4,6,16,21,24,30],"killed_by":"Automaton","ascension_level":11}}