{"host":"9jskdx4t2il7kdto","time":1610480879,"event":{"mods":["AchievementEnabler","Act Like it!","Bard","BaseMod","Card Forge","Colored Powertips","Downfall","Highlight Path","Jorbs\u0027s Wanderer Trilogy","Minty Spire (QoL Compilation)","Replay The Spire","StSLib","The Animator","The Mystic","The Poker Player","The Problem Sleuth","UnlockEverythingMod"],"gold_per_floor":[118,118,133,150,2,2,2,36,36,36,65,65,78,91,91,196,196,196,196,196,196,196,196,196,196,196,196,196,196,46,46,46,46,46],"floor_reached":33,"language":"ENG","playtime":1706,"items_purged":[],"score":291,"play_id":"5e12cc0d-aa53-4213-881d-58fc1e5446ee","local_time":"20210112134759","is_ascension_mode":true,"campfire_choices":[{"data":"stsjorbsmod:BlackTentacles","floor":10,"key":"SMITH"},{"data":"stsjorbsmod:DeathThroes","floor":23,"key":"SMITH"},{"data":"stsjorbsmod:ArcaneWeapon","floor":25,"key":"SMITH"},{"data":"stsjorbsmod:MistyStep","floor":27,"key":"SMITH"},{"data":"Shame","floor":32,"key":"PURGE"}],"circlet_count":0,"master_deck":["stsjorbsmod:ForbiddenGrimoire+1","stsjorbsmod:Strike_Wanderer","stsjorbsmod:Strike_Wanderer","stsjorbsmod:Strike_Wanderer","stsjorbsmod:Strike_Wanderer","stsjorbsmod:Defend_Wanderer","stsjorbsmod:Defend_Wanderer","stsjorbsmod:Defend_Wanderer","stsjorbsmod:Defend_Wanderer","stsjorbsmod:FreshAdventure","stsjorbsmod:EyeOfTheStorm","expansioncontent:Flail+1","stsjorbsmod:ChatteringStrike","stsjorbsmod:BlackTentacles+1","stsjorbsmod:WanderingMind","stsjorbsmod:BlackTentacles","stsjorbsmod:BurningFlask","stsjorbsmod:Determination","stsjorbsmod:FlameWard+1","stsjorbsmod:MageArmor","stsjorbsmod:Prepare+1","stsjorbsmod:DeathThroes+1","stsjorbsmod:RayOfFrost","stsjorbsmod:ArcaneWeapon+1","stsjorbsmod:MistyStep+1","stsjorbsmod:Aid+1"],"relics":["stsjorbsmod:GrimoireRelic","Hammer of Thor","Seething Fire","Anvil of the Gods","stsjorbsmod:MindPalaceRelic","Orrery","ReplayTheSpireMod:Ring of Exchange","ReplayTheSpireMod:Ring of Collecting","Blue Candle","ReplayTheSpireMod:Ring of Challenge","FossilizedHelix","Ornamental Fan","Ectoplasm","Bag of Preparation","WingedGreaves","OrangePellets","ReplayTheSpireMod:Lightbulb"],"acts_visited":["Exordium","TheCity"],"potions_floor_usage":[14,16,24],"damage_taken":[{"damage":0,"enemies":"2 Louse","floor":1,"turns":2},{"damage":15,"enemies":"Jaw Worm","floor":3,"turns":4},{"damage":0,"enemies":"Small Slimes","floor":4,"turns":2},{"damage":12,"enemies":"Gremlin Nob","floor":8,"turns":4},{"damage":11,"enemies":"Lagavulin","floor":11,"turns":6},{"damage":3,"enemies":"Red Slaver","floor":13,"turns":3},{"damage":0,"enemies":"Lots of Slimes","floor":14,"turns":3},{"damage":25,"enemies":"Hexaghost","floor":16,"turns":8},{"damage":0,"enemies":"Shell Parasite","floor":18,"turns":6},{"damage":10,"enemies":"Spheric Guardian","floor":19,"turns":4},{"damage":15,"enemies":"Snake Plant","floor":20,"turns":4},{"damage":3,"enemies":"Chosen and Byrds","floor":21,"turns":5},{"damage":5,"enemies":"Centurion and Healer","floor":22,"turns":4},{"damage":4,"enemies":"Gremlin Leader","floor":24,"turns":5},{"damage":14,"enemies":"Snake Plant","floor":29,"turns":5},{"damage":28,"enemies":"Champ","floor":33,"turns":8}],"seed_played":"-2075228041958680351","potions_obtained":[{"floor":3,"key":"Venom Potion"},{"floor":11,"key":"Fire Potion"},{"floor":14,"key":"SkillPotion"},{"floor":16,"key":"Milkshake"},{"floor":20,"key":"Swift Potion"},{"floor":21,"key":"Languid Potion"},{"floor":29,"key":"stsjorbsmod:LiquidVirtue"}],"is_trial":false,"path_per_floor":["M","?","M","M","$","?","?","E","T","R","E","?","M","M","R","B",null,"M","M","M","M","M","R","E","R","T","R","?","M","$","?","R","B"],"character_chosen":"WANDERER","items_purchased":["Orrery","OrangePellets"],"campfire_rested":0,"item_purchase_floors":[5,30],"current_hp_per_floor":[68,65,51,52,52,52,52,41,41,41,30,30,27,28,48,23,68,68,59,46,45,41,41,38,38,38,38,38,25,25,25,25,0,0],"gold":46,"neow_bonus":"RANDOM_COLORLESS","is_daily":false,"chose_seed":false,"campfire_upgraded":4,"win_rate":0.0,"timestamp":1610480879,"path_taken":["M","?","M","M","$","?","?","E","T","R","E","?","M","M","R","BOSS","M","M","M","M","M","R","E","R","T","R","?","?","$","?","R","BOSS"],"items_purchased_type":["Relic","Relic"],"build_version":"2020-12-22","purchased_purges":0,"victory":false,"max_hp_per_floor":[68,68,68,68,68,68,68,68,68,68,68,68,68,68,68,68,68,68,68,68,68,68,68,68,68,68,68,68,68,68,68,68,68,68],"card_choices":[{"not_picked":["expansioncontent:GuardianWhirl","expansioncontent:DonusPower"],"picked":"expansioncontent:Flail","floor":0},{"not_picked":["stsjorbsmod:OldPocket","stsjorbsmod:Message"],"picked":"stsjorbsmod:ChatteringStrike","floor":1},{"not_picked":["stsjorbsmod:RayOfFrost","stsjorbsmod:AnimateObjects"],"picked":"stsjorbsmod:BlackTentacles","floor":3},{"not_picked":["stsjorbsmod:FindFamiliar","stsjorbsmod:FranticSearch"],"picked":"stsjorbsmod:WanderingMind","floor":4},{"not_picked":["stsjorbsmod:WeightOfMemory","stsjorbsmod:Mending"],"picked":"stsjorbsmod:BlackTentacles","floor":5},{"not_picked":["stsjorbsmod:DoubleCheck","stsjorbsmod:TinyHut"],"picked":"stsjorbsmod:BurningFlask","floor":5},{"not_picked":["stsjorbsmod:Patron","stsjorbsmod:OldPocket"],"picked":"stsjorbsmod:Determination","floor":5},{"not_picked":["stsjorbsmod:Materialize","stsjorbsmod:Hurt","stsjorbsmod:Rest"],"picked":"SKIP","floor":8},{"not_picked":["stsjorbsmod:DisguiseSelf","stsjorbsmod:Mindworm"],"picked":"stsjorbsmod:FlameWard","floor":11},{"not_picked":["stsjorbsmod:FindFamiliar","stsjorbsmod:Prepare"],"picked":"stsjorbsmod:MageArmor","floor":13},{"not_picked":["stsjorbsmod:Index","stsjorbsmod:BurningFlask"],"picked":"stsjorbsmod:Prepare","floor":14},{"not_picked":["stsjorbsmod:MirrorImage","stsjorbsmod:GatherPower"],"picked":"stsjorbsmod:DeathThroes","floor":16},{"not_picked":["stsjorbsmod:DoubleCheck","stsjorbsmod:Prepare","stsjorbsmod:BurningFlask"],"picked":"SKIP","floor":18},{"not_picked":["stsjorbsmod:LocateObject+1","stsjorbsmod:UnseenServant+1"],"picked":"stsjorbsmod:RayOfFrost","floor":19},{"not_picked":["stsjorbsmod:WanderingMind","stsjorbsmod:Prepare"],"picked":"stsjorbsmod:ArcaneWeapon","floor":20},{"not_picked":["stsjorbsmod:BurningFlask","stsjorbsmod:ChatteringStrike","stsjorbsmod:AnimateObjects"],"picked":"SKIP","floor":21},{"not_picked":["stsjorbsmod:Prestidigitation","stsjorbsmod:Will","stsjorbsmod:Fear"],"picked":"SKIP","floor":22},{"not_picked":["stsjorbsmod:MagicMirror","stsjorbsmod:Channel"],"picked":"stsjorbsmod:MistyStep","floor":24},{"not_picked":["stsjorbsmod:Will","stsjorbsmod:TinyHut"],"picked":"stsjorbsmod:Aid+1","floor":29}],"player_experience":364024,"relics_obtained":[{"floor":6,"key":"ReplayTheSpireMod:Ring of Exchange"},{"floor":6,"key":"ReplayTheSpireMod:Ring of Collecting"},{"floor":8,"key":"Blue Candle"},{"floor":9,"key":"ReplayTheSpireMod:Ring of Challenge"},{"floor":9,"key":"FossilizedHelix"},{"floor":11,"key":"Ornamental Fan"},{"floor":24,"key":"Bag of Preparation"},{"floor":26,"key":"WingedGreaves"}],"event_choices":[{"damage_healed":0,"gold_gain":0,"player_choice":"Success","damage_taken":3,"relics_obtained":["stsjorbsmod:MindPalaceRelic"],"max_hp_gain":0,"max_hp_loss":0,"event_name":"Scrap Ooze","floor":2,"gold_loss":0},{"damage_healed":0,"gold_gain":0,"player_choice":"Ignored","damage_taken":0,"max_hp_gain":0,"max_hp_loss":0,"event_name":"Golden Wing","floor":7,"gold_loss":0},{"damage_healed":0,"gold_gain":0,"player_choice":"Upgraded","damage_taken":0,"max_hp_gain":0,"max_hp_loss":0,"event_name":"Upgrade Shrine","floor":12,"gold_loss":0,"cards_upgraded":["stsjorbsmod:FlameWard"]},{"damage_healed":0,"gold_gain":0,"player_choice":"Forge","damage_taken":0,"max_hp_gain":0,"max_hp_loss":0,"event_name":"Accursed Blacksmith","floor":28,"gold_loss":0,"cards_upgraded":["expansioncontent:Flail"]},{"damage_healed":0,"gold_gain":0,"player_choice":"Stole Relic","damage_taken":0,"relics_obtained":["ReplayTheSpireMod:Lightbulb"],"max_hp_gain":0,"max_hp_loss":0,"event_name":"Addict","floor":31,"gold_loss":0,"cards_obtained":["Shame"]}],"is_beta":false,"boss_relics":[{"not_picked":["Black Star","Busted Crown"],"picked":"Ectoplasm"}],"items_purged_floors":[],"is_endless":false,"potions_floor_spawned":[3,11,14,16,20,21,22,29],"killed_by":"Champ","ascension_level":1}}