{"host":"fm9e0lfunjlbhzxv","time":1610433927,"event":{"mods":["BaseMod","Bestiary","Better Match","Better Skull","Better Third Choice","Colored Map","Colored Powertips","Downfall","Key Reminder","Minty Spire (QoL Compilation)","Permanent Neow","Rare Cards Sparkle","Relic Stats","StSLib","slay the spire mod where everything is the same but ironclad has a cowboy hat"],"gold_per_floor":[0,10,30,48,198,123,123,108,108,138,238,238,273,41,59,157,157,157,175,225,159,176,206,252,252,265,415,392,392,307,335,345,449,449,449,464,474,574,237,256,256,284,134,237,284,309,321,383,406,418,430,470,19,19,19],"floor_reached":56,"playtime":5867,"items_purged":["Guardian:Defend_Guardian","Slimebound:Icky","Guardian:Strike_Guardian","Guardian:Defend_Guardian","Guardian:Defend_Guardian"],"score":1584,"play_id":"62f6768b-2e15-43f4-8908-60746e33d034","local_time":"20210111224527","is_ascension_mode":true,"campfire_choices":[{"floor":1,"key":"RECALL"},{"data":"Guardian:CurlUp","floor":6,"key":"SMITH"},{"floor":12,"key":"REST"},{"data":"Guardian:CompilePackage","floor":18,"key":"SMITH"},{"data":"Guardian:Suspension","floor":25,"key":"SMITH"},{"data":"Guardian:Orbwalk","floor":29,"key":"SMITH"},{"data":"Guardian:FuturePlans","floor":35,"key":"SMITH"},{"data":"Guardian:Preprogram","floor":43,"key":"SMITH"},{"data":"Guardian:TemporalStrike","floor":47,"key":"SMITH"},{"data":"Mayhem","floor":54,"key":"SMITH"}],"circlet_count":0,"master_deck":["Guardian:Strike_Guardian","Guardian:Strike_Guardian","Guardian:Strike_Guardian","Guardian:Defend_Guardian","Guardian:CurlUp+1","Guardian:TwinSlam","Guardian:Suspension+1","Guardian:VentSteam","Berserk+1","Guardian:Clone","Guardian:FuturePlans+1","Guardian:CompilePackage+1","Guardian:StasisEngine","Guardian:Preprogram+1","Guardian:TimeSifter","RitualDagger","Guardian:Suspension+1","Guardian:TemporalStrike+1","Guardian:DecasProtection","Guardian:Orbwalk+1","Guardian:FloatingOrbs+1","Guardian:EvasiveProtocol+1","Guardian:StasisEngine","Guardian:TemporalShield+1","Guardian:SentryBeam+1","Guardian:SpikerProtocol","Guardian:TemporalStrike+1","Guardian:Repulse+1","Guardian:Recover+1","Guardian:Harden+1","Mayhem+1","expansioncontent:Collect"],"relics":["Guardian:ModeShifterPlus","Ice Cream","downfall:HeartBlessingRed","Juzu Bracelet","Vajra","Oddly Smooth Stone","downfall:CloakOfManyFaces","CultistMask","FaceOfCleric","NlothsMask","GremlinMask","SsserpentHead","Mummified Hand","Membership Card","Tiny Chest","Bag of Marbles","Prayer Wheel","Centennial Puzzle","Bag of Preparation","Black Star","Unceasing Top","OrangePellets","Gambling Chip","Strawberry","Question Card","downfall:HeartBlessingGreen","downfall:HeartBlessingBlue","MawBank","Ancient Tea Set","Lizard Tail","Thread and Needle","Pear","Bottled Flame","Mercury Hourglass"],"acts_visited":["Exordium","TheCity","TheBeyond","TheEnding"],"potions_floor_usage":[14,14,42],"damage_taken":[{"damage":1,"enemies":"Jaw Worm","floor":2,"turns":4},{"damage":0,"enemies":"Cultist","floor":3,"turns":4},{"damage":0,"enemies":"2 Louse","floor":4,"turns":3},{"damage":5,"enemies":"downfall:FleeingMerchant","floor":8,"turns":4},{"damage":13,"enemies":"3 Sentries","floor":10,"turns":10},{"damage":17,"enemies":"downfall:FaceTrader","floor":11,"turns":7},{"damage":4,"enemies":"Lagavulin","floor":13,"turns":6},{"damage":9,"enemies":"downfall:FleeingMerchant","floor":14,"turns":4},{"damage":12,"enemies":"Exordium Thugs","floor":15,"turns":4},{"damage":24,"enemies":"downfall:Silent","floor":16,"turns":6},{"damage":9,"enemies":"Chosen","floor":19,"turns":6},{"damage":0,"enemies":"downfall:FleeingMerchant","floor":21,"turns":4},{"damage":0,"enemies":"Spheric Guardian","floor":22,"turns":4},{"damage":10,"enemies":"Slavers","floor":23,"turns":3},{"damage":0,"enemies":"Centurion and Healer","floor":26,"turns":5},{"damage":0,"enemies":"downfall:FleeingMerchant","floor":28,"turns":4},{"damage":0,"enemies":"Book of Stabbing","floor":31,"turns":4},{"damage":2,"enemies":"Sentry and Sphere","floor":32,"turns":4},{"damage":23,"enemies":"downfall:Ironclad","floor":33,"turns":5},{"damage":13,"enemies":"3 Darklings","floor":36,"turns":3},{"damage":0,"enemies":"Orb Walker","floor":37,"turns":4},{"damage":0,"enemies":"Mind Bloom Boss Battle","floor":38,"turns":4},{"damage":0,"enemies":"Writhing Mass","floor":40,"turns":4},{"damage":50,"enemies":"Reptomancer","floor":42,"turns":4},{"damage":0,"enemies":"Giant Head","floor":45,"turns":4},{"damage":1,"enemies":"Jaw Worm Horde","floor":46,"turns":3},{"damage":0,"enemies":"Transient","floor":49,"turns":4},{"damage":0,"enemies":"downfall:Watcher","floor":50,"turns":5},{"damage":0,"enemies":"downfall:CharBossMerchant","floor":52,"turns":2},{"damage":0,"enemies":"downfall:NeowBoss","floor":55,"turns":11}],"seed_played":"-6171779836710229351","potions_obtained":[{"floor":3,"key":"FearPotion"},{"floor":10,"key":"SpeedPotion"},{"floor":11,"key":"Swift Potion"},{"floor":16,"key":"sneckomod:MuddlingPotion"},{"floor":22,"key":"SmokeBomb"},{"floor":31,"key":"LiquidMemories"},{"floor":42,"key":"Slimebound:ThreeZeroPotion"},{"floor":46,"key":"PowerPotion"}],"is_trial":false,"path_per_floor":["R","M","M","M","?","R","T","$","?","E","?","R","E","$","M","B",null,"R","M","?","$","M","E","T","R","M","?","$","R","$","E","M","B",null,"R","M","M","?","$","M","T","E","R","T","E","M","R","?","M","B",null,"E","$","R","B",null],"character_chosen":"GUARDIAN","items_purchased":["Membership Card","Guardian:CompilePackage","Guardian:StasisEngine","Guardian:Gem_Green","Bag of Marbles","Guardian:Orbwalk","Prayer Wheel","Slimebound:ThreeZeroPotion","Centennial Puzzle","OrangePellets","Gambling Chip","Guardian:SpikerProtocol","Bottled Flame","Mayhem","expansioncontent:Collect","Mercury Hourglass"],"campfire_rested":1,"item_purchase_floors":[14,14,14,21,28,28,28,28,30,39,39,39,53,53,53,53],"current_hp_per_floor":[80,79,79,79,79,79,79,74,53,40,23,47,44,36,25,2,84,84,76,70,71,72,63,63,63,64,64,65,65,65,66,65,43,93,93,81,82,83,83,84,84,42,52,52,53,53,53,53,54,55,119,130,130,130,131],"gold":19,"neow_bonus":"ONE_RARE_RELIC","is_daily":false,"chose_seed":false,"campfire_upgraded":8,"win_rate":0.0,"timestamp":1610433927,"path_taken":["R","M","M","M","?","R","T","$","?","E","?","R","E","?","M","BOSS","R","M","?","$","M","E","T","R","M","?","$","R","?","E","M","BOSS","R","M","M","?","$","M","T","E","R","?","E","M","R","?","M","BOSS","E","$","R","BOSS"],"items_purchased_type":["Relic","Card","Card","Card","Relic","Card","Relic","Potion","Relic","Relic","Relic","Card","Relic","Card","Card","Relic"],"build_version":"2020-12-22","purchased_purges":5,"victory":true,"max_hp_per_floor":[80,80,80,80,80,80,80,80,80,80,80,80,81,82,83,84,84,84,85,85,86,87,88,88,88,89,89,90,90,90,91,92,93,93,93,94,95,96,96,97,97,105,115,115,116,117,117,117,118,119,119,130,130,130,131],"relic_stats":{"counters":[30,139],"Juzu Bracelet":3,"Bag of Preparation":[26],"Question Card":6,"MawBank":108,"Mercury Hourglass":[30],"SsserpentHead":350,"OrangePellets":[29],"Centennial Puzzle":[15],"Lizard Tail":0,"FaceOfCleric":24,"Mummified Hand":[193],"Gambling Chip":[18],"Tiny Chest":1,"Prayer Wheel":6,"Black Star":3,"obtain_stats":[{"Ice Cream":0,"Guardian:ModeShifterPlus":17,"Vajra":9,"GremlinMask":11,"downfall:HeartBlessingGreen":43,"Juzu Bracelet":7,"Bag of Preparation":31,"Ancient Tea Set":45,"SsserpentHead":11,"Centennial Puzzle":30,"Lizard Tail":45,"FaceOfCleric":11,"Mummified Hand":13,"downfall:HeartBlessingBlue":43,"Gambling Chip":39,"Strawberry":42,"Tiny Chest":23,"Prayer Wheel":28,"downfall:CloakOfManyFaces":11,"Pear":52,"downfall:HeartBlessingRed":6,"Guardian:ModeShifter":0,"Oddly Smooth Stone":10,"Thread and Needle":52,"Question Card":42,"MawBank":44,"Mercury Hourglass":53,"keyreminder:keyreminder":1,"OrangePellets":39,"Bottled Flame":53,"CultistMask":11,"Bag of Marbles":28,"Black Star":34,"Membership Card":14,"Unceasing Top":38,"NlothsMask":11},{"Ice Cream":0,"Guardian:ModeShifterPlus":10,"Vajra":4,"GremlinMask":6,"downfall:HeartBlessingGreen":24,"Juzu Bracelet":3,"Bag of Preparation":17,"Ancient Tea Set":25,"SsserpentHead":6,"Centennial Puzzle":16,"Lizard Tail":25,"FaceOfCleric":6,"Mummified Hand":7,"downfall:HeartBlessingBlue":24,"Gambling Chip":22,"Strawberry":24,"Tiny Chest":14,"Prayer Wheel":16,"downfall:CloakOfManyFaces":6,"Pear":29,"downfall:HeartBlessingRed":3,"Guardian:ModeShifter":0,"Oddly Smooth Stone":5,"Thread and Needle":29,"Question Card":24,"MawBank":24,"Mercury Hourglass":29,"keyreminder:keyreminder":0,"OrangePellets":22,"Bottled Flame":29,"CultistMask":6,"Bag of Marbles":16,"Black Star":19,"Membership Card":8,"Unceasing Top":22,"NlothsMask":6},{"Ice Cream":0,"Guardian:ModeShifterPlus":52,"Vajra":15,"GremlinMask":32,"downfall:HeartBlessingGreen":110,"Juzu Bracelet":11,"Bag of Preparation":82,"Ancient Tea Set":114,"SsserpentHead":32,"Centennial Puzzle":78,"Lizard Tail":114,"FaceOfCleric":32,"Mummified Hand":38,"downfall:HeartBlessingBlue":110,"Gambling Chip":102,"Strawberry":110,"Tiny Chest":69,"Prayer Wheel":78,"downfall:CloakOfManyFaces":32,"Pear":128,"downfall:HeartBlessingRed":11,"Guardian:ModeShifter":0,"Oddly Smooth Stone":25,"Thread and Needle":128,"Question Card":110,"MawBank":110,"Mercury Hourglass":128,"keyreminder:keyreminder":0,"OrangePellets":102,"Bottled Flame":128,"CultistMask":32,"Bag of Marbles":78,"Black Star":91,"Membership Card":42,"Unceasing Top":102,"NlothsMask":32}],"Unceasing Top":[33]},"card_choices":[{"not_picked":["Guardian:TemporalShield","Guardian:ShieldCharger"],"picked":"Guardian:Gem_Cyan","floor":2},{"not_picked":["Guardian:ShieldSpikes","Guardian:Recover"],"picked":"Guardian:Suspension","floor":3},{"not_picked":["Guardian:Gem_Lightblue","Guardian:PolyBeam"],"picked":"Guardian:Gem_Crimson","floor":4},{"not_picked":["Guardian:Incinerate","Guardian:BronzeArmor"],"picked":"Guardian:VentSteam","floor":8},{"not_picked":["Guardian:Suspension","Guardian:VentSteam"],"picked":"Guardian:Gem_Cyan","floor":10},{"not_picked":["Guardian:ChargeCore","Guardian:ExploitGems"],"picked":"Guardian:Gem_Fragmented","floor":11},{"not_picked":["Guardian:Reroute","Guardian:ChargeCore"],"picked":"Guardian:Clone","floor":13},{"not_picked":["Guardian:AncientConstruct","Guardian:Planning"],"picked":"Guardian:FuturePlans","floor":14},{"not_picked":["Guardian:PrismaticBeam","Guardian:Recover"],"picked":"Guardian:Preprogram","floor":15},{"not_picked":["Guardian:FastForward","Guardian:RevengeProtocol"],"picked":"Guardian:TimeSifter","floor":16},{"not_picked":["Guardian:TimeBomb+1","Guardian:Gem_Green","Guardian:ChargeCore+1"],"picked":"SKIP","floor":19},{"not_picked":["Guardian:Gem_Red","Guardian:CrystalBeam"],"picked":"Guardian:Suspension+1","floor":21},{"not_picked":["Guardian:Planning","Guardian:PrismaticBarrier"],"picked":"Guardian:TemporalStrike+1","floor":22},{"not_picked":["Guardian:PiercingHide","Guardian:Gem_Lightblue"],"picked":"Guardian:Gem_Cyan","floor":23},{"not_picked":["Guardian:VentSteam","Guardian:ChargeCore"],"picked":"Guardian:Gem_Red","floor":26},{"not_picked":["Guardian:MultiBeam","Guardian:VentSteam"],"picked":"Guardian:DecasProtection","floor":28},{"not_picked":["Guardian:Incinerate","Guardian:StasisEngine"],"picked":"Guardian:Gem_Crimson","floor":31},{"not_picked":["Guardian:ShieldCharger+1","Guardian:Clone"],"picked":"Guardian:FloatingOrbs+1","floor":32},{"not_picked":["Guardian:ShieldCharger","Guardian:WalkerClaw"],"picked":"Guardian:EvasiveProtocol+1","floor":32},{"not_picked":["Guardian:RevengeProtocol","Guardian:GatlingBeam"],"picked":"Guardian:StasisEngine","floor":33},{"not_picked":["Guardian:VentSteam","Guardian:TimeBomb"],"picked":"Guardian:TemporalShield+1","floor":36},{"not_picked":["Guardian:Gem_White","Guardian:Recover+1","Guardian:TemporalStrike"],"picked":"SKIP","floor":36},{"not_picked":["Guardian:Clone","Guardian:RollAttack+1"],"picked":"Guardian:SentryBeam+1","floor":37},{"not_picked":["Guardian:TemporalStrike","Guardian:WalkerClaw","Guardian:PiercingHide+1"],"picked":"SKIP","floor":37},{"not_picked":["Guardian:PrismaticBarrier","Guardian:GuardianWhirl"],"picked":"Guardian:Gem_Blue","floor":40},{"not_picked":["Guardian:Gem_Green","Guardian:CrystalBeam"],"picked":"Guardian:TemporalStrike","floor":40},{"not_picked":["Guardian:SentryBeam+1","Guardian:RollAttack"],"picked":"Guardian:Repulse+1","floor":42},{"not_picked":["Guardian:TemporalStrike","Guardian:Gem_Blue","Guardian:EvasiveProtocol"],"picked":"Guardian:Recover+1","floor":45},{"not_picked":["Guardian:RefractedBeam","Guardian:BronzeArmor+1","Guardian:WalkerClaw"],"picked":"Guardian:Gem_Yellow","floor":46},{"not_picked":["Guardian:FastForward","Guardian:PiercingHide","Guardian:MultiBeam+1","Guardian:PrimingBeam"],"picked":"SKIP","floor":46},{"not_picked":["Guardian:FastForward","Guardian:PiercingHide","Guardian:MultiBeam+1","Guardian:PrimingBeam"],"picked":"SKIP","floor":46},{"not_picked":["Guardian:Gem_Red","Guardian:RollAttack","Guardian:Gem_Cyan"],"picked":"Guardian:Harden+1","floor":49},{"not_picked":["Guardian:PrimingBeam+1","Guardian:Reroute+1","Guardian:Gem_Lightblue","Guardian:Gem_Red"],"picked":"SKIP","floor":49},{"not_picked":["Guardian:VentSteam+1","Guardian:TemporalShield","Guardian:Gem_Cyan","Guardian:Suspension+1"],"picked":"SKIP","floor":52}],"player_experience":457454,"relics_obtained":[{"floor":7,"key":"Juzu Bracelet"},{"floor":10,"key":"Oddly Smooth Stone"},{"floor":11,"key":"downfall:CloakOfManyFaces"},{"floor":13,"key":"Mummified Hand"},{"floor":23,"key":"Tiny Chest"},{"floor":31,"key":"Bag of Preparation"},{"floor":38,"key":"Unceasing Top"},{"floor":42,"key":"Strawberry"},{"floor":42,"key":"Question Card"},{"floor":44,"key":"MawBank"},{"floor":45,"key":"Ancient Tea Set"},{"floor":45,"key":"Lizard Tail"},{"floor":52,"key":"Thread and Needle"},{"floor":52,"key":"Pear"}],"event_choices":[{"damage_healed":0,"gold_gain":0,"player_choice":"Ignored","damage_taken":0,"max_hp_gain":0,"max_hp_loss":0,"event_name":"NoteForYourself","floor":48,"gold_loss":0}],"is_beta":false,"boss_relics":[{"not_picked":["Busted Crown","SlaversCollar"],"picked":"Guardian:ModeShifterPlus"},{"not_picked":["Runic Dome","Tiny House"],"picked":"Black Star"}],"items_purged_floors":[21,28,30,39,53],"is_endless":false,"potions_floor_spawned":[3,10,11,16,22,23,31,32,33,38,40,42,46,49,52],"ascension_level":1}}