{"host":"ooy9sn8qgs7oliwr","time":1610465407,"event":{"mods":["ATMod(阿瑾Mod)","Act Like it!","BaseMod","BetterRewards","Minty Spire (QoL Compilation)","Pale of the Ancients","Prisma Mod","Remilia_Scarlet Moed（蕾米莉亚・斯卡雷特）3.3.5","Replay The Spire","RumiaBox-露米娅的神秘盒子","StSLib","The Alterego","The Jungle","Yakumo Yukari mod","【遗物卡牌】REMEMod"],"gold_per_floor":[116,134,134,146,157,157,157,188,188,213,229,11,29,58,130,225,225,240,240,251,70,86,112,112,129,152,152,152,152,171,206,206,301,301,320,330,330,330,230,260,260,260,285,295,308,320,352,367,367,367,378,394,658,168,168,168,168,237,237,237],"floor_reached":61,"playtime":2411,"items_purged":["Strike_G","Hallucinations","Strike_G"],"score":1760,"play_id":"b8e72b33-ed09-42e9-a474-131e452e7b52","local_time":"20210112233007","is_ascension_mode":false,"campfire_choices":[{"data":"AT_WindFlip","floor":6.0,"key":"SMITH"},{"data":"REME_SpectralBlade","floor":24.0,"key":"SMITH"},{"data":"PrismaMod:MiyuCheapDefend2","floor":24.0,"key":"SMITH"},{"data":"ReplayTheSpireMod:Shiv Toss","floor":27.0,"key":"SMITH"},{"data":"Terror","floor":27.0,"key":"SMITH"},{"data":"Reflex","floor":32.0,"key":"SMITH"},{"data":"AT_EssenceShift","floor":32.0,"key":"SMITH"},{"data":"A Thousand Cuts","floor":41,"key":"SMITH"},{"data":"Reflex","floor":41,"key":"SMITH"},{"data":"Dagger Throw","floor":49,"key":"SMITH"},{"data":"Acrobatics","floor":49,"key":"SMITH"},{"data":"Backflip","floor":55,"key":"SMITH"},{"data":"Survivor","floor":55,"key":"SMITH"},{"data":"Slice","floor":57,"key":"SMITH"},{"data":"Neutralize","floor":57,"key":"SMITH"}],"circlet_count":0,"master_deck":["Strike_G+1","Strike_G+1","Strike_G","Defend_G","Defend_G","Defend_G","Defend_G","Defend_G","Survivor+1","Neutralize+1","PrismaMod:MiyuCheapDefend2+1","Slice+1","Backflip+1","RemiliaMod:CYMZW","AT_WindFlip+1","AT_TwilightShroud","REME_SpectralBlade+1","Acrobatics+1","Dagger Throw+1","AT_EssenceShift+1","Prepared+1","ReplayTheSpireMod:Scrap Shanks+1","Terror+1","ReplayTheSpireMod:Shiv Toss+1","Writhe","Reflex+1","A Thousand Cuts+1","Reflex+1","Choke+1"],"relics":["Ring of the Snake","AT_ATBox","REME_ComplimentaryCards","NeowsBlessing","Divine Protection","LastBattle","REME_HourglassOfDeath","AT_SunfireAegis","Replay:Arrowhead","Snecko Scales","ReplayTheSpireMod:TigerMarble","MealTicket","Anchor","Enchiridion","Matryoshka","ReplayTheSpireMod:Shallot","AT_TrinityForce","Ring of Peace","ReplayTheSpireMod:Ring of Exchange","Lantern","Oddly Smooth Stone","Regal Pillow","Replay:Rubber Ducky","paleoftheancients:Timepiece","Coffee Dripper","Letter Opener","paleoftheancients:SoulOfTheWatcher","Whetstone","ReplayTheSpireMod:Lightbulb","Orichalcum","Eternal Feather"],"acts_visited":["Exordium","TheCity","TheBeyond","TheBeyond"],"potions_floor_usage":[50,50,60],"damage_taken":[{"damage":0.0,"enemies":"Jaw Worm","floor":1.0,"turns":1.0},{"damage":0.0,"enemies":"2 Louse","floor":2.0,"turns":1.0},{"damage":0.0,"enemies":"Cultist","floor":4.0,"turns":1.0},{"damage":0.0,"enemies":"2 Fungi Beasts","floor":5.0,"turns":3.0},{"damage":2.0,"enemies":"Lagavulin","floor":8.0,"turns":8.0},{"damage":0.0,"enemies":"Looter","floor":10.0,"turns":4.0},{"damage":0.0,"enemies":"Red Slaver","floor":11.0,"turns":6.0},{"damage":0.0,"enemies":"2 Fungi Beasts","floor":13.0,"turns":2.0},{"damage":2.0,"enemies":"Gremlin Nob","floor":14.0,"turns":4.0},{"damage":0.0,"enemies":"Hexaghost","floor":16.0,"turns":8.0},{"damage":0.0,"enemies":"Chosen","floor":18.0,"turns":4.0},{"damage":0.0,"enemies":"3 Byrds","floor":20.0,"turns":3.0},{"damage":0.0,"enemies":"Cultist and Chosen","floor":22.0,"turns":3.0},{"damage":0.0,"enemies":"Replay:Snechameleon","floor":23.0,"turns":2.0},{"damage":0.0,"enemies":"Centurion and Healer","floor":25.0,"turns":3.0},{"damage":0.0,"enemies":"Chosen and Byrds","floor":30.0,"turns":2.0},{"damage":0.0,"enemies":"REME_1_Revenger","floor":31.0,"turns":4.0},{"damage":0.0,"enemies":"Champ","floor":33.0,"turns":3.0},{"damage":0.0,"enemies":"Orb Walker","floor":35.0,"turns":1.0},{"damage":0.0,"enemies":"3 Darklings","floor":36.0,"turns":3.0},{"damage":0,"enemies":"Reptomancer","floor":40,"turns":4},{"damage":0,"enemies":"Jaw Worm Horde","floor":44,"turns":3},{"damage":0,"enemies":"4 Shapes","floor":45,"turns":3},{"damage":0,"enemies":"Spire Growth","floor":46,"turns":2},{"damage":0,"enemies":"R_Hoarder","floor":47,"turns":3},{"damage":0,"enemies":"Writhing Mass","floor":48,"turns":4},{"damage":0,"enemies":"Donu and Deca","floor":50,"turns":2},{"damage":0,"enemies":"Donu and Deca","floor":51,"turns":4},{"damage":0,"enemies":"Donu and Deca","floor":52,"turns":3},{"damage":95,"enemies":"Donu and Deca","floor":56,"turns":3},{"damage":0,"enemies":"paleoftheancients:N","floor":60,"turns":4}],"seed_played":"-4521267636372149766","potions_obtained":[{"floor":1.0,"key":"LiquidMemories"},{"floor":5.0,"key":"Fire Potion"},{"floor":10.0,"key":"BlessingOfTheForge"},{"floor":14.0,"key":"Dexterity Potion"},{"floor":16.0,"key":"Toxic Potion"},{"floor":36.0,"key":"DistilledChaos"},{"floor":44,"key":"Adrenaline Potion"},{"floor":51,"key":"Adrenaline Potion"}],"is_trial":false,"path_per_floor":["M","M","?","M","M","R","?","E","T","M","M","$","M","E","R","B",null,"M","?","M","$","M","E","R","M","T","R","?","?","M","E","R","B",null,"M","M","?","?","$","E","R","?","T","M","M","M","E","M","R","B","M","M","?","$","R","M","R","T","?","B",null],"character_chosen":"THE_SILENT","items_purchased":["AT_SunfireAegis","ReplayTheSpireMod:TigerMarble","Terror","ReplayTheSpireMod:Lightbulb","Orichalcum"],"campfire_rested":0,"item_purchase_floors":[12,21,21,54,54],"current_hp_per_floor":[70,70,75,75,75,75,50,48,48,48,48,48,48,46,46,46,75,75,75,75,75,75,75,75,75,75,75,59,59,59,59,59,63,75,75,75,71,71,71,71,71,71,71,71,71,71,71,71,71,71,71,71,43,58,58,71,71,71,71,71],"gold":237,"neow_bonus":"THREE_ENEMY_KILL","is_daily":false,"chose_seed":false,"campfire_upgraded":15,"win_rate":0.0,"timestamp":1610465407,"path_taken":["M","M","?","M","M","R","?","E","T","M","M","?","?","E","R","BOSS","M","?","?","$","M","E","R","M","T","R","?","?","M","E","R","BOSS","M","M","?","?","$","E","R","?","T","?","M","M","E","M","R","BOSS","M","M","?","$","R","M","R","T","?","BOSS"],"items_purchased_type":["Relic","Relic","Card","Relic","Relic"],"build_version":"2020-12-22","purchased_purges":3,"victory":true,"max_hp_per_floor":[70,70,75,75,75,75,75,75,75,75,75,75,75,75,75,75,75,75,75,75,75,75,75,75,75,75,75,75,75,75,75,75,75,75,75,75,71,71,71,71,71,71,71,71,71,71,71,71,71,71,71,71,71,71,71,71,71,71,71,71],"card_choices":[{"not_picked":["PiercingWail","Dodge and Roll"],"picked":"Slice","floor":1.0},{"not_picked":["Prepared","Distraction"],"picked":"Backflip","floor":2.0},{"not_picked":["Backflip","Skewer"],"picked":"AT_WindFlip","floor":4.0},{"not_picked":["Slice","PiercingWail"],"picked":"AT_TwilightShroud","floor":5.0},{"not_picked":["Distraction","Slice"],"picked":"REME_SpectralBlade","floor":8.0},{"not_picked":["ReplayTheSpireMod:Shiv Toss","Deflect"],"picked":"Acrobatics","floor":10.0},{"not_picked":["Slice","PiercingWail"],"picked":"Dagger Throw","floor":11.0},{"not_picked":["Dodge and Roll","Backflip","AT_WindFlip"],"picked":"SKIP","floor":13.0},{"not_picked":["PiercingWail","Sucker Punch","Dagger Throw"],"picked":"SKIP","floor":14.0},{"not_picked":["REME_CopyPotion","Envenom"],"picked":"AT_EssenceShift","floor":16.0},{"not_picked":["Flying Knee","Dagger Spray"],"picked":"Prepared+1","floor":18.0},{"not_picked":["Toxin Wave","Flying Knee"],"picked":"ReplayTheSpireMod:Scrap Shanks+1","floor":20.0},{"not_picked":["AT_WindFlip","Dagger Throw","Deadly Poison+1"],"picked":"SKIP","floor":22.0},{"not_picked":["AT_KingSlayer","AT_WindFlip","Dagger Throw"],"picked":"SKIP","floor":23.0},{"not_picked":["Well Laid Plans","Quick Slash"],"picked":"ReplayTheSpireMod:Shiv Toss","floor":25.0},{"not_picked":["Outmaneuver","Dagger Throw+1"],"picked":"Reflex","floor":30.0},{"not_picked":["AT_WindRun","AT_FocusSwordFire","Poison Darts"],"picked":"SKIP","floor":31.0},{"not_picked":["Atom Bomb","REME_LeechingPoison"],"picked":"A Thousand Cuts","floor":33.0},{"not_picked":["Blade Dance","Poisoned Stab+1"],"picked":"Reflex","floor":35.0},{"not_picked":["Dagger Spray","Reflex+1"],"picked":"Choke+1","floor":36.0},{"not_picked":["Prepared+1","Dagger Throw+1","AT_ArcaneSupremacy"],"picked":"SKIP","floor":40},{"not_picked":["Underhanded Strike","Dash+1","AT_ShadowStep"],"picked":"SKIP","floor":44},{"not_picked":["Flying Knee","Leg Sweep","Dagger Throw+1"],"picked":"SKIP","floor":45},{"not_picked":["Prepared+1","Underhanded Strike","Flying Knee+1"],"picked":"SKIP","floor":46},{"not_picked":["Glass Knife","Caltrops","Backflip+1"],"picked":"SKIP","floor":47},{"not_picked":["Acrobatics","Dodge and Roll","Caltrops+1"],"picked":"SKIP","floor":48},{"not_picked":["Leg Sweep+1","PiercingWail","Prepared"],"picked":"SKIP","floor":51},{"not_picked":["Choke","AT_WindFlip+1","AT_ThistleTea"],"picked":"SKIP","floor":52}],"player_experience":10861,"relics_obtained":[{"floor":8.0,"key":"LastBattle"},{"floor":9.0,"key":"REME_HourglassOfDeath"},{"floor":14.0,"key":"Replay:Arrowhead"},{"floor":23.0,"key":"MealTicket"},{"floor":26.0,"key":"Anchor"},{"floor":28.0,"key":"Enchiridion"},{"floor":31.0,"key":"ReplayTheSpireMod:Shallot"},{"floor":38.0,"key":"Ring of Peace"},{"floor":38.0,"key":"ReplayTheSpireMod:Ring of Exchange"},{"floor":40,"key":"Lantern"},{"floor":43,"key":"Oddly Smooth Stone"},{"floor":43,"key":"Regal Pillow"},{"floor":47,"key":"Replay:Rubber Ducky"},{"floor":51,"key":"paleoftheancients:SoulOfTheWatcher"},{"floor":53,"key":"Whetstone"},{"floor":58,"key":"Eternal Feather"}],"event_choices":[{"damage_healed":0.0,"max_hp_gain":5.0,"max_hp_loss":0.0,"gold_gain":0.0,"event_name":"Remilia_CDSJ09","player_choice":"CYMZW","floor":3.0,"gold_loss":0.0,"damage_taken":0.0},{"damage_healed":0.0,"max_hp_gain":0.0,"max_hp_loss":0.0,"gold_gain":0.0,"event_name":"Scrap Ooze","player_choice":"Success","floor":7.0,"gold_loss":0.0,"damage_taken":25.0,"relics_obtained":["Divine Protection"]},{"damage_healed":0.0,"max_hp_gain":0.0,"max_hp_loss":0.0,"gold_gain":0.0,"event_name":"Match and Keep!","player_choice":"0 cards matched","floor":19.0,"gold_loss":0.0,"damage_taken":0.0,"cards_obtained":[]},{"damage_healed":0.0,"max_hp_gain":0.0,"max_hp_loss":0.0,"gold_gain":0.0,"event_name":"Cursed Tome","player_choice":"Obtained Book","floor":28.0,"gold_loss":0.0,"damage_taken":16.0},{"damage_healed":0.0,"max_hp_gain":0.0,"max_hp_loss":0.0,"gold_gain":0.0,"event_name":"The Mausoleum","player_choice":"Opened","floor":29.0,"gold_loss":0.0,"damage_taken":0.0,"relics_obtained":["Matryoshka"],"cards_obtained":["Writhe"]},{"damage_healed":0.0,"max_hp_gain":0.0,"max_hp_loss":4.0,"gold_gain":0.0,"event_name":"Winding Halls","player_choice":"Max HP","floor":37.0,"gold_loss":0.0,"damage_taken":0.0},{"damage_healed":0,"gold_gain":0,"player_choice":"Full Heal","damage_taken":0,"max_hp_gain":0,"max_hp_loss":0,"event_name":"Wheel of Change","floor":42,"gold_loss":0}],"is_beta":false,"boss_relics":[{"not_picked":["Kintsugi","ReplayTheSpireMod:DimensionalGlitch"],"picked":"Snecko Scales"},{"not_picked":["Runic Dome","REME_ChargedStone"],"picked":"AT_TrinityForce"}],"items_purged_floors":[12,39,54],"is_endless":false,"potions_floor_spawned":[1,5,10,14,16,20,33,36,44,46,47,48,51],"ascension_level":0}}