{"host":"Qube","time":1610493429,"event":{"mods":["AchievementEnabler","BaseMod","Colored Map","Colored Powertips","Minty Spire (QoL Compilation)","Quick Restart","Random Character Button","StSLib"],"gold_per_floor":[115,30,30,30,49,49,76,76,102,102,122,47,80,80,80,156,156,173,189,189,189],"floor_reached":20,"language":"ENG","playtime":550,"items_purged":[],"score":400,"play_id":"f13ccf7f-a384-47d7-a95e-b52210008233","local_time":"20210112151709","is_ascension_mode":true,"campfire_choices":[{"data":"Conclude","floor":6.0,"key":"SMITH"},{"data":"Eruption","floor":8,"key":"SMITH"},{"floor":10,"key":"REST"},{"data":"FlurryOfBlows","floor":15,"key":"SMITH"}],"circlet_count":0,"master_deck":["AscendersBane","Strike_P","Strike_P","Strike_P","Defend_P","Defend_P","Eruption+1","Vigilance+1","Halt","ReachHeaven","Conclude+1","DeusExMachina","FlurryOfBlows+1","CutThroughFate","DevaForm","Study+1","ClearTheMind"],"relics":["PureWater","StrikeDummy","Happy Flower","Pantograph","Cursed Key"],"acts_visited":["Exordium","TheCity"],"potions_floor_usage":[7,19,20],"damage_taken":[{"damage":0.0,"enemies":"Cultist","floor":1.0,"turns":3.0},{"damage":2.0,"enemies":"2 Louse","floor":5.0,"turns":3.0},{"damage":20,"enemies":"Gremlin Nob","floor":7,"turns":3},{"damage":0,"enemies":"Jaw Worm","floor":11,"turns":2},{"damage":0,"enemies":"3 Sentries","floor":13,"turns":2},{"damage":24,"enemies":"Hexaghost","floor":16,"turns":7},{"damage":0,"enemies":"Spheric Guardian","floor":18,"turns":2},{"damage":36,"enemies":"2 Thieves","floor":19,"turns":3},{"damage":20,"enemies":"Cultist and Chosen","floor":20,"turns":3}],"seed_played":"4704666714476641209","potions_obtained":[{"floor":5.0,"key":"PowerPotion"},{"floor":16,"key":"ColorlessPotion"},{"floor":19,"key":"Energy Potion"}],"is_trial":false,"path_per_floor":["M","$","?","$","M","R","E","R","T","R","M","?","E","?","R","B",null,"M","M","M"],"character_chosen":"WATCHER","items_purchased":["ReachHeaven"],"campfire_rested":1,"item_purchase_floors":[2],"current_hp_per_floor":[61,61,61,61,59,59,39,39,39,57,57,57,57,57,57,38,56,56,20,0,0],"gold":189,"neow_bonus":"REMOVE_TWO","is_daily":false,"chose_seed":false,"campfire_upgraded":3,"win_rate":0.0,"timestamp":1610493429,"path_taken":["M","?","?","?","M","R","E","R","T","R","M","?","E","?","R","BOSS","M","M","M"],"items_purchased_type":["Card"],"build_version":"2020-12-18","purchased_purges":0,"victory":false,"max_hp_per_floor":[62,62,62,62,62,62,62,62,62,62,62,62,62,62,62,62,62,62,62,62,62],"card_choices":[{"not_picked":["SashWhip","EmptyFist"],"picked":"Halt","floor":1.0},{"not_picked":["Nirvana","ForeignInfluence"],"picked":"Conclude","floor":5.0},{"not_picked":["Study","Crescendo"],"picked":"DeusExMachina","floor":7},{"not_picked":["CrushJoints","Adaptation"],"picked":"FlurryOfBlows","floor":11},{"not_picked":["FlyingSleeves","Evaluate"],"picked":"CutThroughFate","floor":13},{"not_picked":["Omniscience","Alpha"],"picked":"DevaForm","floor":16},{"not_picked":["WindmillStrike","Consecrate"],"picked":"Study+1","floor":18},{"not_picked":["FollowUp","Consecrate"],"picked":"ClearTheMind","floor":19}],"player_experience":878208,"relics_obtained":[{"floor":7,"key":"StrikeDummy"},{"floor":9,"key":"Happy Flower"},{"floor":13,"key":"Pantograph"}],"event_choices":[{"damage_healed":0.0,"max_hp_gain":0.0,"max_hp_loss":0.0,"gold_gain":0.0,"event_name":"Living Wall","player_choice":"Grow","floor":3.0,"gold_loss":0.0,"damage_taken":0.0,"cards_upgraded":["Vigilance"]},{"cards_removed":["Strike_P"],"damage_healed":0,"gold_gain":0,"player_choice":"Card Removal","damage_taken":0,"max_hp_gain":0,"max_hp_loss":0,"event_name":"The Cleric","floor":12,"gold_loss":75},{"damage_healed":0,"gold_gain":0,"player_choice":"Ignored","damage_taken":0,"max_hp_gain":0,"max_hp_loss":0,"event_name":"Liars Game","floor":14,"gold_loss":0}],"is_beta":true,"boss_relics":[{"not_picked":["Runic Dome","Coffee Dripper"],"picked":"Cursed Key"}],"items_purged_floors":[],"is_endless":false,"potions_floor_spawned":[5,16,19],"killed_by":"Cultist and Chosen","ascension_level":19}}