{"host":"g8a0qo0vjtg6u5wv","time":1610458256,"event":{"mods":["BaseMod","Colored Map","Custom Start","KOR Keyword Fix","Minty Spire (QoL Compilation)","StSLib","SuperFastMode"],"gold_per_floor":[115,290,290,307,317,317,347,55,78,0,20,49,65,78,78,173,173,193,212,231,231,131,131,141,176,176,176,188,207,207,82,82,182,182,193,209,229,241,91,119,119,149,149,149,161,161,178,223,223,223,223],"floor_reached":50,"playtime":2059,"items_purged":["Doubt","Strike_P","Strike_P","Evaluate"],"score":825,"play_id":"9c07eb4d-c36c-49db-9828-90292a5e4570","local_time":"20210112223056","is_ascension_mode":true,"campfire_choices":[{"data":"Eruption","floor":6.0,"key":"SMITH"},{"floor":15,"key":"DIG"},{"data":"Enlightenment","floor":23,"key":"SMITH"},{"floor":27,"key":"DIG"},{"floor":30,"key":"REST"},{"floor":32,"key":"DIG"},{"floor":41,"key":"DIG"},{"floor":44,"key":"DIG"},{"data":"Omniscience","floor":46,"key":"SMITH"},{"floor":49,"key":"REST"}],"circlet_count":0,"master_deck":["Eruption+1","Vigilance","Scrawl","Protect","Pray","EmptyBody","ClearTheMind","FlurryOfBlows","MentalFortress","Worship","EmptyFist","Crescendo","InnerPeace","Judgement","Vault","Enlightenment+1","Protect+1","Adaptation","PathToVictory","EmptyFist","Omniscience+1","PathToVictory","Protect","Prostrate+1","EmptyBody+1"],"relics":["PureWater","Centennial Puzzle","Medical Kit","Damaru","Shovel","Kunai","Busted Crown","Dead Branch","Happy Flower","HornCleat","Mercury Hourglass","Pandora\u0027s Box","Potion Belt","Lantern","Strawberry","Molten Egg 2","Turnip","GoldenEye"],"acts_visited":["Exordium","TheCity","TheBeyond"],"potions_floor_usage":[16,25,38,42,50,50,50],"damage_taken":[{"damage":2.0,"enemies":"Jaw Worm","floor":1.0,"turns":5.0},{"damage":0.0,"enemies":"2 Louse","floor":4.0,"turns":4.0},{"damage":0.0,"enemies":"Cultist","floor":5.0,"turns":4.0},{"damage":44.0,"enemies":"Gremlin Nob","floor":7.0,"turns":5.0},{"damage":13.0,"enemies":"Exordium Thugs","floor":11.0,"turns":7.0},{"damage":0.0,"enemies":"Lagavulin","floor":12.0,"turns":3.0},{"damage":0,"enemies":"Gremlin Gang","floor":13,"turns":5},{"damage":6,"enemies":"2 Fungi Beasts","floor":14,"turns":3},{"damage":4,"enemies":"Slime Boss","floor":16,"turns":13},{"damage":0,"enemies":"Spheric Guardian","floor":18,"turns":1},{"damage":8,"enemies":"2 Thieves","floor":19,"turns":4},{"damage":1,"enemies":"Snake Plant","floor":20,"turns":4},{"damage":3,"enemies":"Sentry and Sphere","floor":24,"turns":5},{"damage":25,"enemies":"Book of Stabbing","floor":25,"turns":9},{"damage":0,"enemies":"Snecko","floor":28,"turns":6},{"damage":2,"enemies":"Centurion and Healer","floor":29,"turns":3},{"damage":0,"enemies":"Collector","floor":33,"turns":8},{"damage":0,"enemies":"Orb Walker","floor":35,"turns":4},{"damage":0,"enemies":"3 Shapes","floor":36,"turns":5},{"damage":2,"enemies":"Jaw Worm Horde","floor":37,"turns":4},{"damage":0,"enemies":"Spire Growth","floor":38,"turns":5},{"damage":27,"enemies":"Giant Head","floor":40,"turns":9},{"damage":9,"enemies":"Reptomancer","floor":42,"turns":4},{"damage":0,"enemies":"Maw","floor":45,"turns":8},{"damage":0,"enemies":"3 Darklings","floor":47,"turns":4},{"damage":20,"enemies":"2 Orb Walkers","floor":48,"turns":4},{"damage":42,"enemies":"Time Eater","floor":50,"turns":7}],"seed_played":"4212375242017449021","potions_obtained":[{"floor":4.0,"key":"SteroidPotion"},{"floor":5.0,"key":"ColorlessPotion"},{"floor":12.0,"key":"FairyPotion"},{"floor":14,"key":"Block Potion"},{"floor":20,"key":"Strength Potion"},{"floor":24,"key":"Block Potion"},{"floor":29,"key":"EssenceOfSteel"},{"floor":35,"key":"Strength Potion"},{"floor":40,"key":"PowerPotion"},{"floor":48,"key":"Fire Potion"}],"is_trial":false,"path_per_floor":["M","?","?","M","M","R","E","$","T","$","M","E","M","M","R","B",null,"M","M","M","?","$","R","M","E","T","R","M","M","R","$","R","B",null,"M","M","M","M","$","E","R","E","T","R","M","R","M","?","R","B"],"character_chosen":"WATCHER","items_purchased":["MentalFortress","Medical Kit","Worship"],"campfire_rested":2,"item_purchase_floors":[8,8,10],"current_hp_per_floor":[63,63,63,63,63,63,19,19,19,19,6,6,6,21,21,17,58,58,50,49,49,49,49,46,21,21,21,21,19,40,40,40,40,64,64,64,62,62,62,35,35,33,33,33,33,33,33,13,36,0,0],"gold":223,"neow_bonus":"ONE_RANDOM_RARE_CARD","is_daily":false,"chose_seed":false,"campfire_upgraded":3,"win_rate":0.0,"timestamp":1610458256,"path_taken":["M","?","?","M","M","R","E","?","T","?","M","E","?","M","R","BOSS","M","M","M","?","$","R","M","E","T","R","M","M","R","$","R","BOSS","M","M","?","?","$","E","R","E","T","R","M","R","M","?","R","BOSS"],"items_purchased_type":["Card","Relic","Card"],"build_version":"2020-12-22","purchased_purges":4,"victory":false,"max_hp_per_floor":[72,72,72,72,72,72,72,72,72,72,72,72,72,72,72,72,72,72,72,72,72,72,72,72,72,72,72,72,72,72,72,72,72,72,72,72,72,72,72,72,72,79,79,79,79,79,79,79,79,79,79],"card_choices":[{"not_picked":["ClearTheMind","Weave"],"picked":"Protect","floor":1.0},{"not_picked":["CrushJoints","TalkToTheHand"],"picked":"EmptyBody","floor":4.0},{"not_picked":["WindmillStrike","Consecrate"],"picked":"ClearTheMind","floor":5.0},{"not_picked":["FlyingSleeves","Indignation"],"picked":"FlurryOfBlows","floor":7.0},{"not_picked":["LikeWater","Weave"],"picked":"EmptyFist","floor":11.0},{"not_picked":["SashWhip","PathToVictory"],"picked":"Crescendo","floor":12.0},{"not_picked":["PathToVictory","Collect","Blasphemy"],"picked":"SKIP","floor":13},{"not_picked":["SignatureMove","Halt"],"picked":"InnerPeace","floor":14},{"not_picked":["Blasphemy","Wish"],"picked":"Judgement","floor":16},{"not_picked":["BowlingBash"],"picked":"SKIP","floor":18},{"not_picked":["Evaluate"],"picked":"SKIP","floor":19},{"not_picked":["CutThroughFate+1"],"picked":"SKIP","floor":20},{"not_picked":[],"picked":"Protect+1","floor":24},{"not_picked":[],"picked":"Adaptation","floor":25},{"not_picked":[],"picked":"Evaluate","floor":28},{"not_picked":["Consecrate"],"picked":"SKIP","floor":29},{"not_picked":["FollowUp"],"picked":"SKIP","floor":35},{"not_picked":[],"picked":"Prostrate+1","floor":36},{"not_picked":["ClearTheMind"],"picked":"SKIP","floor":37},{"not_picked":["Pray"],"picked":"SKIP","floor":38},{"not_picked":["Collect"],"picked":"SKIP","floor":40},{"not_picked":["Evaluate"],"picked":"SKIP","floor":42},{"not_picked":["Protect"],"picked":"SKIP","floor":45},{"not_picked":["Scrawl"],"picked":"SKIP","floor":47},{"not_picked":[],"picked":"EmptyBody+1","floor":48}],"player_experience":566186,"relics_obtained":[{"floor":7.0,"key":"Centennial Puzzle"},{"floor":9.0,"key":"Damaru"},{"floor":12.0,"key":"Shovel"},{"floor":15,"key":"Kunai"},{"floor":25,"key":"Dead Branch"},{"floor":26,"key":"Happy Flower"},{"floor":27,"key":"HornCleat"},{"floor":32,"key":"Mercury Hourglass"},{"floor":40,"key":"Potion Belt"},{"floor":41,"key":"Lantern"},{"floor":42,"key":"Strawberry"},{"floor":43,"key":"Molten Egg 2"},{"floor":44,"key":"Turnip"},{"floor":48,"key":"GoldenEye"}],"event_choices":[{"damage_healed":0.0,"max_hp_gain":0.0,"max_hp_loss":0.0,"gold_gain":175.0,"event_name":"Liars Game","player_choice":"AGREE","floor":2.0,"gold_loss":0.0,"damage_taken":0.0,"cards_obtained":["Doubt"]},{"damage_healed":0.0,"max_hp_gain":0.0,"max_hp_loss":0.0,"gold_gain":0.0,"cards_transformed":["Defend_P"],"event_name":"Living Wall","player_choice":"Change","floor":3.0,"gold_loss":0.0,"damage_taken":0.0,"cards_obtained":["Pray"]},{"damage_healed":0,"gold_gain":0,"player_choice":"2 cards matched","damage_taken":0,"max_hp_gain":0,"max_hp_loss":0,"event_name":"Match and Keep!","floor":21,"gold_loss":0,"cards_obtained":["Vault","Enlightenment"]},{"damage_healed":0,"gold_gain":0,"player_choice":"Fight","damage_taken":0,"max_hp_gain":0,"max_hp_loss":0,"event_name":"Mysterious Sphere","floor":48,"gold_loss":0}],"is_beta":false,"boss_relics":[{"not_picked":["Calling Bell","Cursed Key"],"picked":"Busted Crown"},{"not_picked":["SlaversCollar","Velvet Choker"],"picked":"Pandora\u0027s Box"}],"items_purged_floors":[8,22,31,39],"is_endless":false,"potions_floor_spawned":[4,5,12,14,20,24,29,35,40,48],"killed_by":"Time Eater","ascension_level":7}}