{"host":"z9mq1tf06lkrncmk","time":1610414596,"event":{"mods":["BaseMod","Downfall","Minty Spire (QoL Compilation)","StSLib"],"gold_per_floor":[99,116,131,150,160,78,78,78,90,104,124,124,135,135,148,148,148,148],"floor_reached":16,"playtime":728,"items_purged":[],"score":98,"play_id":"5b0acdbb-cc47-4a02-b422-22a35b03473a","local_time":"20210111202316","is_ascension_mode":false,"campfire_choices":[{"data":"hexamod:Float","floor":1,"key":"SMITH"},{"data":"hexamod:GhostLash","floor":8,"key":"SMITH"},{"data":"hexamod:GhostLash","floor":12,"key":"SMITH"}],"circlet_count":0,"master_deck":["hexamod:Strike","hexamod:Strike","hexamod:Strike","hexamod:Defend","hexamod:Defend","hexamod:Defend","hexamod:Defend","hexamod:Sear","hexamod:Float+1","hexamod:FlamesFromBeyond","hexamod:GhostLash","hexamod:GhostLash+1","hexamod:GhostLash+1","hexamod:NightmareStrike","hexamod:VolcanoVisage","hexamod:FirstSeal","hexamod:GhostShield"],"relics":["hexamod:SpiritBrand","Shovel"],"acts_visited":["Exordium"],"potions_floor_usage":[5,16,16],"damage_taken":[{"damage":0,"enemies":"Cultist","floor":2,"turns":4},{"damage":0,"enemies":"Small Slimes","floor":3,"turns":3},{"damage":0,"enemies":"2 Louse","floor":4,"turns":2},{"damage":0,"enemies":"Gremlin Gang","floor":5,"turns":4},{"damage":0,"enemies":"downfall:FleeingMerchant","floor":6,"turns":4},{"damage":0,"enemies":"Large Slime","floor":9,"turns":4},{"damage":13,"enemies":"Blue Slaver","floor":10,"turns":3},{"damage":2,"enemies":"Gremlin Gang","floor":11,"turns":3},{"damage":3,"enemies":"Red Slaver","floor":13,"turns":3},{"damage":7,"enemies":"Blue Slaver","floor":15,"turns":3},{"damage":61,"enemies":"downfall:Defect","floor":16,"turns":6}],"seed_played":"6619684430009102500","potions_obtained":[{"floor":0,"key":"Block Potion"},{"floor":0,"key":"CultistPotion"},{"floor":0,"key":"Fire Potion"},{"floor":5,"key":"BlessingOfTheForge"}],"is_trial":false,"path_per_floor":["R","M","M","M","M","$","T","R","M","M","M","R","M","?","M","B"],"character_chosen":"THE_SPIRIT","items_purchased":["hexamod:VolcanoVisage"],"campfire_rested":0,"item_purchase_floors":[6],"current_hp_per_floor":[70,70,70,70,70,70,70,70,70,57,55,55,59,59,59,0,0,0],"gold":148,"neow_bonus":"THREE_SMALL_POTIONS","is_daily":false,"chose_seed":false,"campfire_upgraded":3,"win_rate":0.0,"timestamp":1610414596,"path_taken":["R","M","?","M","?","$","T","R","M","?","M","R","M","?","M","BOSS"],"items_purchased_type":["Card"],"build_version":"2020-12-22","purchased_purges":0,"victory":false,"max_hp_per_floor":[70,70,70,70,70,70,70,70,70,70,70,70,70,70,70,70,70,70],"card_choices":[{"not_picked":["hexamod:PhantomFireball","hexamod:GhostOfSpirePresent"],"picked":"hexamod:FlamesFromBeyond","floor":2},{"not_picked":["hexamod:Again","hexamod:FlamesFromBeyond"],"picked":"hexamod:GhostLash","floor":3},{"not_picked":["hexamod:ShieldOfDarkness","hexamod:ThermalTransfer"],"picked":"hexamod:GhostLash","floor":4},{"not_picked":["hexamod:Incineration","hexamod:BurningTouch"],"picked":"hexamod:GhostLash","floor":5},{"not_picked":["hexamod:GhostShield","hexamod:GhostflameInferno"],"picked":"hexamod:NightmareStrike","floor":6},{"not_picked":["hexamod:NecessarySacrifice","hexamod:BacktrackSmack","hexamod:Incineration"],"picked":"SKIP","floor":9},{"not_picked":["hexamod:RetreatToShadows","hexamod:Firestarter","hexamod:SpectralAdrenaline"],"picked":"SKIP","floor":10},{"not_picked":["hexamod:ShieldOfDarkness","hexamod:NightmareStrike"],"picked":"hexamod:FirstSeal","floor":11},{"not_picked":["hexamod:AdvancingGuard","hexamod:ExtraCrispy"],"picked":"hexamod:GhostShield","floor":13},{"not_picked":["hexamod:ShieldOfDarkness","hexamod:TimeWarp","hexamod:RetreatToShadows"],"picked":"SKIP","floor":15}],"player_experience":336400,"relics_obtained":[{"floor":7,"key":"Shovel"}],"event_choices":[{"cards_removed":["hexamod:Strike"],"damage_healed":0,"gold_gain":0,"player_choice":"Offered Basic","damage_taken":0,"max_hp_gain":0,"max_hp_loss":0,"event_name":"Bonfire Elementals","floor":14,"gold_loss":0}],"is_beta":false,"boss_relics":[],"items_purged_floors":[],"is_endless":false,"potions_floor_spawned":[5,11,15],"killed_by":"downfall:Defect","ascension_level":0}}