{"host":"l60rmjjsfi0fipmi","time":1610416250,"event":{"mods":["BaseMod","Colored Map","DeckTracker","Highlight Path","Minty Spire (QoL Compilation)"],"gold_per_floor":[113,113,123,136,86,86,38,67,121,47,57,72,72,82,82,179,229,248,248,238,258,258,258],"floor_reached":22,"playtime":1321,"items_purged":[],"score":216,"play_id":"505bcbf1-712f-4a48-9adb-cc273b371446","local_time":"20210111205050","is_ascension_mode":true,"campfire_choices":[{"data":"Vigilance","floor":6,"key":"SMITH"},{"floor":15,"key":"REST"}],"circlet_count":0,"master_deck":["Strike_P","Strike_P","Strike_P","Strike_P","Defend_P","Defend_P","Defend_P","Eruption+1","Vigilance+1","Halt","FearNoEvil","PathToVictory","Evaluate","TalkToTheHand","Wireheading","ClearTheMind","Consecrate","WheelKick+1","Establishment","ReachHeaven","SandsOfTime","PanicButton","EmptyFist","WaveOfTheHand","Vengeance+1"],"relics":["PureWater","Anchor","Strawberry","Ancient Tea Set","Tiny House"],"acts_visited":["Exordium","TheCity"],"potions_floor_usage":[20,21,21],"damage_taken":[{"damage":0,"enemies":"2 Louse","floor":1,"turns":4},{"damage":0,"enemies":"Jaw Worm","floor":3,"turns":3},{"damage":0,"enemies":"Cultist","floor":4,"turns":3},{"damage":32,"enemies":"Lagavulin","floor":8,"turns":4},{"damage":4,"enemies":"Exordium Wildlife","floor":11,"turns":4},{"damage":0,"enemies":"2 Fungi Beasts","floor":12,"turns":2},{"damage":1,"enemies":"Blue Slaver","floor":14,"turns":4},{"damage":14,"enemies":"The Guardian","floor":16,"turns":11},{"damage":56,"enemies":"3 Byrds","floor":18,"turns":7},{"damage":5,"enemies":"2 Thieves","floor":20,"turns":4},{"damage":9,"enemies":"Shelled Parasite and Fungi","floor":21,"turns":5},{"damage":30,"enemies":"Cultist and Chosen","floor":22,"turns":4}],"seed_played":"1473365688550350780","potions_obtained":[{"floor":11,"key":"Energy Potion"},{"floor":12,"key":"SmokeBomb"},{"floor":14,"key":"Swift Potion"},{"floor":16,"key":"SkillPotion"},{"floor":17,"key":"Regen Potion"}],"is_trial":false,"path_per_floor":["M","?","M","M","?","R","$","E","T","$","M","M","$","M","R","B",null,"M","?","M","M","M"],"character_chosen":"WATCHER","items_purchased":["Evaluate","Wireheading"],"campfire_rested":1,"item_purchase_floors":[7,10],"current_hp_per_floor":[72,72,72,72,72,72,72,47,47,47,43,43,43,42,65,51,84,28,28,35,26,0,0],"gold":258,"neow_bonus":"RANDOM_COMMON_RELIC","is_daily":false,"chose_seed":false,"campfire_upgraded":1,"win_rate":0.0,"timestamp":1610416250,"path_taken":["M","?","M","M","?","R","$","E","T","$","M","M","?","M","R","BOSS","M","?","?","M","M"],"items_purchased_type":["Card","Card"],"build_version":"2020-12-22","purchased_purges":0,"victory":false,"max_hp_per_floor":[72,72,72,72,72,72,72,79,79,79,79,79,79,79,79,79,84,84,84,84,84,84,84],"card_choices":[{"not_picked":["CutThroughFate","EmptyBody"],"picked":"Halt","floor":1},{"not_picked":["PathToVictory","JustLucky"],"picked":"FearNoEvil","floor":3},{"not_picked":["BowlingBash","EmptyBody"],"picked":"PathToVictory","floor":4},{"not_picked":["Swivel","Weave"],"picked":"TalkToTheHand","floor":8},{"not_picked":["JustLucky","Scrawl"],"picked":"ClearTheMind","floor":11},{"not_picked":["Crescendo","Study"],"picked":"Consecrate","floor":12},{"not_picked":["EmptyMind","Halt"],"picked":"WheelKick","floor":14},{"not_picked":["Judgement","SpiritShield"],"picked":"Establishment","floor":16},{"not_picked":["Swivel","PathToVictory"],"picked":"ReachHeaven","floor":17},{"not_picked":["ClearTheMind","ReachHeaven"],"picked":"SandsOfTime","floor":18},{"not_picked":["EmptyBody+1","EmptyFist"],"picked":"Vengeance+1","floor":20},{"not_picked":["ClearTheMind","EmptyFist","Evaluate"],"picked":"SKIP","floor":21}],"player_experience":347967,"relics_obtained":[{"floor":8,"key":"Strawberry"},{"floor":9,"key":"Ancient Tea Set"}],"event_choices":[{"damage_healed":0,"gold_gain":0,"player_choice":"Grow","damage_taken":0,"max_hp_gain":0,"max_hp_loss":0,"event_name":"Living Wall","floor":2,"gold_loss":0,"cards_upgraded":["Eruption"]},{"cards_removed":["Defend_P"],"damage_healed":0,"gold_gain":0,"player_choice":"Card Removal","damage_taken":0,"max_hp_gain":0,"max_hp_loss":0,"event_name":"The Cleric","floor":5,"gold_loss":50},{"damage_healed":0,"gold_gain":0,"player_choice":"3 cards matched","damage_taken":0,"max_hp_gain":0,"max_hp_loss":0,"event_name":"Match and Keep!","floor":19,"gold_loss":0,"cards_obtained":["PanicButton","EmptyFist","WaveOfTheHand"]}],"is_beta":false,"boss_relics":[{"not_picked":["Busted Crown","Runic Dome"],"picked":"Tiny House"}],"items_purged_floors":[],"is_endless":false,"potions_floor_spawned":[11,12,14,16],"killed_by":"Cultist and Chosen","ascension_level":3}}