{"host":"newqdrzxfhh2im9e","time":1610444273,"event":{"mods":["AchievementEnabler","BaseMod","BetterRewards","Block Reminder","Colored Map","Jorbs\u0027s Wanderer Trilogy","Minty Spire (QoL Compilation)","Rare Cards Sparkle","Shop Mod","StSLib"],"gold_per_floor":[111,121,140,105,75,101,101,116,139,158,187,187,33,52,52,154,154,172,21,21,21,21,21],"floor_reached":22,"playtime":701,"items_purged":[],"score":194,"play_id":"e52b1376-2a72-4bd4-bab7-3bfb1d3a0f7a","local_time":"20210112013753","is_ascension_mode":false,"campfire_choices":[{"data":"DevaForm","floor":7,"key":"SMITH"},{"floor":12,"key":"REST"},{"floor":15,"key":"REST"}],"circlet_count":0,"master_deck":["Strike_P","Strike_P","Strike_P","Strike_P","Defend_P","Defend_P","Defend_P","Defend_P","Eruption","Vigilance","MentalFortress","Collect","Consecrate","DevaForm+1","Conclude","BattleHymn","Indignation","Pray","ForeignInfluence","Ragnarok","CarveReality","Study","LikeWater","Writhe"],"relics":["PureWater","Ginger","Dream Catcher","Boot","Lantern","Membership Card","Busted Crown","Anchor","Smiling Mask"],"acts_visited":["Exordium","TheCity"],"potions_floor_usage":[6,6,6,8,18,18],"damage_taken":[{"damage":11,"enemies":"Jaw Worm","floor":1,"turns":7},{"damage":0,"enemies":"2 Louse","floor":2,"turns":2},{"damage":6,"enemies":"Cultist","floor":3,"turns":5},{"damage":9,"enemies":"3 Sentries","floor":6,"turns":4},{"damage":0,"enemies":"3 Louse","floor":8,"turns":3},{"damage":17,"enemies":"Looter","floor":10,"turns":4},{"damage":14,"enemies":"Lagavulin","floor":11,"turns":6},{"damage":2,"enemies":"2 Fungi Beasts","floor":14,"turns":2},{"damage":13,"enemies":"Slime Boss","floor":16,"turns":7},{"damage":17,"enemies":"2 Thieves","floor":18,"turns":4},{"damage":51,"enemies":"3 Byrds","floor":22,"turns":2}],"seed_played":"-2996896521403999868","potions_obtained":[{"floor":1,"key":"EssenceOfSteel"},{"floor":5,"key":"ColorlessPotion"},{"floor":5,"key":"ColorlessPotion"},{"floor":6,"key":"Swift Potion"},{"floor":10,"key":"BottledMiracle"},{"floor":16,"key":"BlessingOfTheForge"},{"floor":18,"key":"Ambrosia"}],"is_trial":false,"path_per_floor":["M","M","M","?","?","E","R","M","T","M","E","R","$","M","R","B",null,"M","$","?","?","M"],"character_chosen":"WATCHER","items_purchased":["Membership Card","Anchor","CarveReality","Study"],"campfire_rested":2,"item_purchase_floors":[13,19,19,19],"current_hp_per_floor":[54,54,48,64,64,55,55,55,55,38,24,43,43,41,60,47,65,48,48,48,48,0,0],"gold":21,"neow_bonus":"ONE_RARE_RELIC","is_daily":false,"chose_seed":false,"campfire_upgraded":1,"win_rate":0.0,"timestamp":1610444273,"path_taken":["M","M","M","?","?","E","R","M","T","M","E","R","$","?","R","BOSS","M","$","?","?","M"],"items_purchased_type":["Relic","Relic","Card","Card"],"build_version":"2020-12-22","purchased_purges":0,"victory":false,"max_hp_per_floor":[65,65,65,65,65,65,65,65,65,65,65,65,65,65,65,65,65,65,65,65,65,65,65],"card_choices":[{"not_picked":["Weave","Evaluate"],"picked":"MentalFortress","floor":1},{"not_picked":["Fasting2","BowlingBash"],"picked":"Collect","floor":2},{"not_picked":["FlyingSleeves","EmptyBody"],"picked":"Consecrate","floor":3},{"not_picked":["Alpha","Evaluate"],"picked":"DevaForm","floor":6},{"not_picked":["Evaluate","Protect"],"picked":"Conclude","floor":8},{"not_picked":["CutThroughFate","Evaluate","Halt"],"picked":"SKIP","floor":10},{"not_picked":["EmptyMind","EmptyBody"],"picked":"BattleHymn","floor":11},{"not_picked":["ClearTheMind","Fasting2"],"picked":"Indignation","floor":12},{"not_picked":["ThirdEye","ForeignInfluence"],"picked":"Pray","floor":14},{"not_picked":["EmptyBody","Collect"],"picked":"ForeignInfluence","floor":15},{"not_picked":["MasterReality","Alpha"],"picked":"Ragnarok","floor":16},{"not_picked":["FollowUp"],"picked":"SKIP","floor":18}],"player_experience":724854,"relics_obtained":[{"floor":6,"key":"Dream Catcher"},{"floor":9,"key":"Boot"},{"floor":11,"key":"Lantern"}],"event_choices":[{"damage_healed":16,"gold_gain":0,"player_choice":"Healed","damage_taken":0,"max_hp_gain":0,"max_hp_loss":0,"event_name":"The Cleric","floor":4,"gold_loss":35},{"damage_healed":0,"gold_gain":0,"player_choice":"Bought 2 Potions","damage_taken":0,"max_hp_gain":0,"max_hp_loss":0,"event_name":"The Woman in Blue","floor":5,"gold_loss":0},{"damage_healed":0,"gold_gain":0,"player_choice":"Read","damage_taken":0,"max_hp_gain":0,"max_hp_loss":0,"event_name":"The Library","floor":20,"gold_loss":0,"cards_obtained":["LikeWater"]},{"damage_healed":0,"gold_gain":0,"player_choice":"Opened","damage_taken":0,"relics_obtained":["Smiling Mask"],"max_hp_gain":0,"max_hp_loss":0,"event_name":"The Mausoleum","floor":21,"gold_loss":0,"cards_obtained":["Writhe"]}],"is_beta":false,"boss_relics":[{"not_picked":["Ectoplasm","HolyWater"],"picked":"Busted Crown"}],"items_purged_floors":[],"is_endless":false,"potions_floor_spawned":[1,6,10,16,18],"killed_by":"3 Byrds","ascension_level":0}}