{"host":"w3q5ijqu8eoknil3","time":1610448660,"event":{"mods":["AchievementEnabler","BaseMod","Block Reminder","Colored Map","Colored Powertips","Curses Come First","Dark Map","Minty Spire (QoL Compilation)","Quick Restart","Relic Stats","StSLib","ojb\u0027s Better Paths Mod","ojb\u0027s Info Mod","slay the spire mod where everything is the same but ironclad has a cowboy hat"],"gold_per_floor":[111,111,111,186,151,180,190,209,232,246,246,257,290,307,307,307,307],"floor_reached":16,"playtime":383,"items_purged":[],"score":260,"play_id":"30c21b73-57ba-4554-8d11-55af8b72533f","local_time":"20210112105100","is_ascension_mode":true,"campfire_choices":[{"data":"Bouncing Flask","floor":11,"key":"SMITH"},{"data":"Envenom","floor":15,"key":"SMITH"}],"circlet_count":0,"master_deck":["AscendersBane","Strike_G","Strike_G","Strike_G","Strike_G","Defend_G","Defend_G","Defend_G","Defend_G","Defend_G","Survivor","Neutralize","Blade Dance","Backstab","Bouncing Flask+1","Sucker Punch","Acrobatics","Adrenaline","Envenom+1","Leg Sweep"],"relics":["Ring of the Snake","NeowsBlessing","Nunchaku","Bronze Scales","Tiny Chest"],"acts_visited":["Exordium"],"potions_floor_usage":[13],"damage_taken":[{"damage":0,"enemies":"Cultist","floor":1,"turns":1},{"damage":0,"enemies":"3 Sentries","floor":6,"turns":2},{"damage":0,"enemies":"Small Slimes","floor":7,"turns":1},{"damage":0,"enemies":"2 Louse","floor":8,"turns":1},{"damage":0,"enemies":"Looter","floor":10,"turns":2},{"damage":6,"enemies":"2 Fungi Beasts","floor":12,"turns":2},{"damage":8,"enemies":"Gremlin Nob","floor":13,"turns":3},{"damage":4,"enemies":"Exordium Wildlife","floor":14,"turns":5},{"damage":41,"enemies":"Slime Boss","floor":16,"turns":10}],"seed_played":"-2684180369181261146","potions_obtained":[{"floor":6,"key":"Ancient Potion"},{"floor":7,"key":"ColorlessPotion"},{"floor":8,"key":"Fire Potion"}],"is_trial":false,"path_per_floor":["M","?","?","?","?","E","M","M","T","M","R","M","E","M","R","B"],"character_chosen":"THE_SILENT","items_purchased":[],"campfire_rested":0,"item_purchase_floors":[],"current_hp_per_floor":[59,59,52,41,57,57,57,57,57,57,57,51,43,39,39,0,0],"gold":307,"neow_bonus":"THREE_ENEMY_KILL","is_daily":false,"chose_seed":false,"campfire_upgraded":2,"win_rate":0.0,"timestamp":1610448660,"path_taken":["M","?","?","?","?","E","M","M","T","M","R","M","E","M","R","BOSS"],"items_purchased_type":[],"build_version":"2020-12-22","purchased_purges":0,"victory":false,"max_hp_per_floor":[66,66,66,66,66,66,66,66,66,66,66,66,66,66,66,66,66],"relic_stats":{"Nunchaku":[6],"counters":[9,27],"Bronze Scales":[31],"Tiny Chest":0,"obtain_stats":[{"Nunchaku":6,"NeowsBlessing":0,"Bronze Scales":9,"Tiny Chest":13,"Ring of the Snake":0},{"Nunchaku":2,"NeowsBlessing":0,"Bronze Scales":4,"Tiny Chest":7,"Ring of the Snake":0},{"Nunchaku":3,"NeowsBlessing":0,"Bronze Scales":5,"Tiny Chest":12,"Ring of the Snake":0}],"Ring of the Snake":[18]},"card_choices":[{"not_picked":["Flying Knee","Blur"],"picked":"Blade Dance","floor":1},{"not_picked":["Outmaneuver","Dodge and Roll"],"picked":"Backstab","floor":6},{"not_picked":["Deadly Poison","Concentrate"],"picked":"Bouncing Flask","floor":7},{"not_picked":["Quick Slash","Endless Agony"],"picked":"Sucker Punch","floor":8},{"not_picked":["Dodge and Roll","Sucker Punch"],"picked":"Acrobatics","floor":10},{"not_picked":["Outmaneuver","Prepared"],"picked":"Adrenaline","floor":12},{"not_picked":["PiercingWail","Accuracy"],"picked":"Envenom","floor":13},{"not_picked":["Deflect","Expertise"],"picked":"Leg Sweep","floor":14}],"player_experience":970925,"relics_obtained":[{"floor":6,"key":"Nunchaku"},{"floor":9,"key":"Bronze Scales"},{"floor":13,"key":"Tiny Chest"}],"event_choices":[{"damage_healed":0,"gold_gain":0,"player_choice":"Ignored","damage_taken":0,"max_hp_gain":0,"max_hp_loss":0,"event_name":"Shining Light","floor":2,"gold_loss":0},{"cards_removed":["Strike_G"],"damage_healed":0,"gold_gain":0,"player_choice":"Card Removal","damage_taken":7,"max_hp_gain":0,"max_hp_loss":0,"event_name":"Golden Wing","floor":3,"gold_loss":0},{"damage_healed":0,"gold_gain":75,"player_choice":"Gather Gold","damage_taken":11,"max_hp_gain":0,"max_hp_loss":0,"event_name":"World of Goop","floor":4,"gold_loss":0},{"damage_healed":16,"gold_gain":0,"player_choice":"Healed","damage_taken":0,"max_hp_gain":0,"max_hp_loss":0,"event_name":"The Cleric","floor":5,"gold_loss":35}],"is_beta":false,"boss_relics":[],"items_purged_floors":[],"is_endless":false,"potions_floor_spawned":[6,7,8],"killed_by":"Slime Boss","ascension_level":18}}