{"host":"uflv0e3ja7hvnij7","time":1610487024,"event":{"mods":["BaseMod","Better Altar","Better Match","Better Note","Better Sensory Stone","Better Skull","Better Third Choice","Marisa????????","Minty Spire (QoL Compilation)","Permanent Neow","Replay The Spire","StSLib"],"gold_per_floor":[110,121,121,132,132,132,150,183,236,271,285,310,310,324,324,428,428],"floor_reached":16,"language":"ENG","playtime":929,"items_purged":[],"score":227,"play_id":"04f73bdd-eefd-462d-8613-1ca09217166f","local_time":"20210112163024","is_ascension_mode":true,"campfire_choices":[{"data":"Whirlwind","floor":6,"key":"SMITH"},{"data":"Defend_R","floor":13,"key":"SMITH"},{"data":"Armaments","floor":15,"key":"SMITH"}],"circlet_count":0,"master_deck":["Strike_R","Strike_R+1","Strike_R","Strike_R","Strike_R+1","Defend_R+1","Defend_R","Defend_R","Defend_R","Bash","Armaments+1","Evolve","Whirlwind+1","Demonic Infusion","Armaments+1"],"relics":["Burning Blood","FossilizedHelix","Replay:Accelerometer","Simple Rune","Boot","Odd Mushroom"],"acts_visited":["Exordium"],"potions_floor_usage":[8,10,12,16],"damage_taken":[{"damage":0,"enemies":"Small Slimes","floor":1,"turns":5},{"damage":2,"enemies":"Jaw Worm","floor":2,"turns":3},{"damage":0,"enemies":"Cultist","floor":4,"turns":4},{"damage":0,"enemies":"Lots of Slimes","floor":7,"turns":1},{"damage":10,"enemies":"Lagavulin","floor":8,"turns":7},{"damage":31,"enemies":"Gremlin Nob","floor":10,"turns":4},{"damage":10,"enemies":"Large Slime","floor":11,"turns":6},{"damage":6,"enemies":"The Mushroom Lair","floor":12,"turns":3},{"damage":0,"enemies":"Exordium Wildlife","floor":14,"turns":6},{"damage":14,"enemies":"Hexaghost","floor":16,"turns":13}],"seed_played":"-7034287839486754507","potions_obtained":[{"floor":7,"key":"Strength Potion"},{"floor":8,"key":"PowerPotion"},{"floor":11,"key":"Strength Potion"},{"floor":14,"key":"Dexterity Potion"}],"is_trial":false,"path_per_floor":["M","M","$","M","?","R","M","E","T","E","M","?","R","M","R","B"],"character_chosen":"IRONCLAD","items_purchased":[],"campfire_rested":0,"item_purchase_floors":[],"current_hp_per_floor":[57,61,61,67,67,67,73,69,69,44,40,40,40,46,46,38,38],"gold":428,"neow_bonus":"ONE_RARE_RELIC","is_daily":false,"chose_seed":false,"campfire_upgraded":3,"win_rate":0.0,"timestamp":1610487024,"path_taken":["M","M","$","M","?","R","M","E","T","E","M","?","R","M","R","BOSS"],"items_purchased_type":[],"build_version":"2020-12-22","purchased_purges":0,"victory":false,"max_hp_per_floor":[80,80,80,80,80,80,80,80,80,80,80,80,80,80,80,80,80],"card_choices":[{"not_picked":["Spot Weakness","Body Slam"],"picked":"Armaments","floor":1},{"not_picked":["Clash","Heavy Blade"],"picked":"Evolve","floor":2},{"not_picked":["Dropkick","ReplayTheSpireMod:Limb From Limb"],"picked":"Whirlwind","floor":4},{"not_picked":["Clothesline","ReplayReversal","Evolve"],"picked":"SKIP","floor":7},{"not_picked":["Iron Wave","Rupture"],"picked":"Demonic Infusion","floor":8},{"not_picked":["Power Through","Sever Soul","Havoc"],"picked":"SKIP","floor":10},{"not_picked":["Thunderclap","Wild Strike"],"picked":"Armaments","floor":11},{"not_picked":["Rage","Fire Breathing","Flex"],"picked":"SKIP","floor":14}],"player_experience":558613,"relics_obtained":[{"floor":8,"key":"Replay:Accelerometer"},{"floor":9,"key":"Simple Rune"},{"floor":10,"key":"Boot"},{"floor":12,"key":"Odd Mushroom"}],"event_choices":[{"damage_healed":0,"gold_gain":0,"player_choice":"Grow","damage_taken":0,"max_hp_gain":0,"max_hp_loss":0,"event_name":"Living Wall","floor":5,"gold_loss":0,"cards_upgraded":["Armaments"]},{"damage_healed":0,"gold_gain":0,"player_choice":"Fought Mushrooms","damage_taken":0,"max_hp_gain":0,"max_hp_loss":0,"event_name":"Mushrooms","floor":12,"gold_loss":0}],"is_beta":false,"boss_relics":[],"items_purged_floors":[],"is_endless":false,"potions_floor_spawned":[7,8,11,14],"killed_by":"Hexaghost","ascension_level":8}}