{"host":"jmdwsiegw2vwqzt1","time":1610422239,"event":{"mods":["2.2 Compatiblity","AchievementEnabler","BaseMod","Better Third Choice","Better Vampires","Colored Powertips","Custom Start","Dio Mod","Downfall","Hermit","Highlight Path","Jorbs\u0027s Wanderer Trilogy","Marisa????????","Minty Spire (QoL Compilation)","Permanent Neow","Quick Restart","Rare Cards Sparkle","Relic Stats","Spicy Shops","StSLib","SuperFastMode","The Bug Knight","The Cursed","The Disciple","The Hierophant","The Necromancer","The Servant 0.9.4","slay the spire mod where everything is the same but ironclad has a cowboy hat"],"gold_per_floor":[99,111,111,111,124,13,36,56,70,70,82,108,33,44,55,156,156,156,176,176,186,19,29,29,43,43,43,43],"floor_reached":26,"playtime":876,"items_purged":[],"score":212,"play_id":"9a3d48fa-4e0a-4f5e-be06-17f6a1911327","local_time":"20210111223039","is_ascension_mode":false,"campfire_choices":[{"floor":1,"key":"RECALL"},{"data":"Guardian:Orbwalk","floor":10,"key":"SMITH"},{"floor":13,"key":"REST"},{"floor":18,"key":"REST"}],"circlet_count":0,"master_deck":["Guardian:Strike_Guardian","Guardian:Strike_Guardian","Guardian:Strike_Guardian","Guardian:Strike_Guardian","Guardian:Defend_Guardian","Guardian:Defend_Guardian","Guardian:Defend_Guardian","Guardian:CurlUp","Guardian:TwinSlam","Guardian:StasisStrike+1","Guardian:Orbwalk+1","Guardian:ChargeUp","Guardian:Suspension","Guardian:RevengeProtocol","Guardian:FuturePlans","Guardian:ChargeUp","Guardian:TemporalStrike","Guardian:RevengeProtocol+1","Guardian:GuardianWhirl","Guardian:TemporalShield","Guardian:WalkerClaw","Guardian:ChargeCore"],"relics":["Guardian:ModeShifter","Bronze Scales","Orichalcum","downfall:HeartBlessingRed","Fusion Hammer","Guardian:BottledStasis"],"acts_visited":["Exordium","TheCity"],"potions_floor_usage":[12,16],"damage_taken":[{"damage":5,"enemies":"Jaw Worm","floor":2,"turns":4},{"damage":0,"enemies":"Cultist","floor":5,"turns":2},{"damage":10,"enemies":"downfall:FleeingMerchant","floor":6,"turns":4},{"damage":4,"enemies":"Small Slimes","floor":8,"turns":3},{"damage":7,"enemies":"2 Fungi Beasts","floor":9,"turns":4},{"damage":7,"enemies":"Large Slime","floor":11,"turns":5},{"damage":14,"enemies":"HollowMod:MossKnight","floor":12,"turns":3},{"damage":5,"enemies":"Gremlin Gang","floor":14,"turns":4},{"damage":1,"enemies":"2 Fungi Beasts","floor":15,"turns":3},{"damage":10,"enemies":"downfall:Watcher","floor":16,"turns":5},{"damage":15,"enemies":"Chosen","floor":19,"turns":5},{"damage":18,"enemies":"Shelled Parasite and Fungi","floor":21,"turns":5},{"damage":2,"enemies":"downfall:FleeingMerchant","floor":22,"turns":4},{"damage":14,"enemies":"3 Cultists","floor":23,"turns":5},{"damage":15,"enemies":"Sentry and Sphere","floor":25,"turns":4},{"damage":12,"enemies":"Shelled Parasite and Fungi","floor":26,"turns":1}],"seed_played":"-945432394009319547","potions_obtained":[{"floor":2,"key":"Strength Potion"},{"floor":5,"key":"champ:CounterPotion"},{"floor":9,"key":"PowerPotion"},{"floor":12,"key":"SpeedPotion"},{"floor":15,"key":"Fire Potion"},{"floor":19,"key":"ColorlessPotion"}],"is_trial":false,"path_per_floor":["R","M","?","?","M","$","T","M","M","R","M","E","R","M","M","B",null,"R","M","?","M","$","M","T","M","M"],"character_chosen":"GUARDIAN","items_purchased":["Guardian:RevengeProtocol","Guardian:BottledStasis"],"campfire_rested":2,"item_purchase_floors":[6,22],"current_hp_per_floor":[80,75,75,75,75,65,65,61,54,54,47,33,57,52,51,41,80,80,65,57,39,37,23,23,8,0,0,0],"gold":43,"neow_bonus":"ONE_RANDOM_RARE_CARD","is_daily":false,"chose_seed":false,"campfire_upgraded":1,"win_rate":0.0,"timestamp":1610422239,"path_taken":["R","M","?","?","M","$","T","M","?","R","M","E","R","M","M","BOSS","R","M","?","?","$","M","T","?","M"],"items_purchased_type":["Card","Relic"],"build_version":"2020-12-22","purchased_purges":0,"victory":false,"max_hp_per_floor":[80,80,80,80,80,80,80,80,80,80,80,80,80,80,80,80,80,80,80,80,80,80,80,80,80,80,80,80],"relic_stats":{"counters":[16,61],"Bronze Scales":[137],"Orichalcum":[12],"obtain_stats":[{"Guardian:BottledStasis":22,"downfall:HeartBlessingRed":13,"Bronze Scales":7,"Guardian:ModeShifter":0,"Fusion Hammer":17,"Orichalcum":12},{"Guardian:BottledStasis":13,"downfall:HeartBlessingRed":7,"Bronze Scales":3,"Guardian:ModeShifter":0,"Fusion Hammer":10,"Orichalcum":7},{"Guardian:BottledStasis":51,"downfall:HeartBlessingRed":25,"Bronze Scales":10,"Guardian:ModeShifter":0,"Fusion Hammer":37,"Orichalcum":25}]},"card_choices":[{"not_picked":["Guardian:Gem_Fragmented","Guardian:Planning"],"picked":"Guardian:Orbwalk","floor":2},{"not_picked":["Guardian:GuardianWhirl","Guardian:Planning"],"picked":"Guardian:ChargeUp","floor":5},{"not_picked":["Guardian:RollAttack","Guardian:Emergency"],"picked":"Guardian:Suspension","floor":6},{"not_picked":["Guardian:WalkerClaw","Guardian:DecasProtection"],"picked":"Guardian:FuturePlans","floor":8},{"not_picked":["Guardian:Planning","Guardian:PrismaticBarrier"],"picked":"Guardian:ChargeUp","floor":9},{"not_picked":["Guardian:TimeBomb","Guardian:MultiBeam","Guardian:Planning"],"picked":"SKIP","floor":11},{"not_picked":["Guardian:Reroute","Guardian:CrystalBeam","Guardian:BaubleBeam"],"picked":"SKIP","floor":12},{"not_picked":["Guardian:Gem_White","Guardian:PrimingBeam"],"picked":"Guardian:TemporalStrike","floor":14},{"not_picked":["Guardian:RollAttack","Guardian:Emergency","Guardian:TimeBomb"],"picked":"SKIP","floor":15},{"not_picked":["Guardian:Gem_Orange","Guardian:StasisStrike"],"picked":"Guardian:RevengeProtocol","floor":16},{"not_picked":["Guardian:WalkerClaw+1","Guardian:TemporalShield"],"picked":"Guardian:GuardianWhirl","floor":19},{"not_picked":["Guardian:Recover","Guardian:Repulse+1"],"picked":"Guardian:TemporalShield","floor":21},{"not_picked":["Guardian:TemporalShield","Guardian:Clone","Guardian:VentSteam"],"picked":"SKIP","floor":22},{"not_picked":["Guardian:Reroute","Guardian:GatlingBeam"],"picked":"Guardian:WalkerClaw","floor":23},{"not_picked":["Guardian:PrimingBeam+1","Guardian:Gem_Cyan"],"picked":"Guardian:ChargeCore","floor":25}],"player_experience":320982,"relics_obtained":[{"floor":7,"key":"Bronze Scales"},{"floor":12,"key":"Orichalcum"}],"event_choices":[],"is_beta":false,"boss_relics":[{"not_picked":["Astrolabe","Busted Crown"],"picked":"Fusion Hammer"}],"items_purged_floors":[],"is_endless":false,"potions_floor_spawned":[2,5,9,12,15,19,23],"killed_by":"Shelled Parasite and Fungi","ascension_level":0}}