{"host":"4xbawe663uhw4m9s","time":1610488919,"event":{"mods":["Act Like it!","Bard","BaseMod","Beaked The Cultist","Better Third Choice","BetterRewards","CCEM","Conspire","Downfall","GifTheSpireLib","Halation","Hallownest","Hermit","Hubris","Hunter ??","Infinite Spire","Jedi Mod","Jorbs\u0027s Wanderer Trilogy","Mad Scientist","Marisa????????","Mimic Mod","Minty Spire (QoL Compilation)","Permanent Neow","Replay The Spire","Shade Mod","Shop Mod","Spicy Shops","StSLib","Stuff the Spire","The Administrix","The Animator","The Bug Knight","The Construct","The Cursed","The Disciple","The Gatherer","The Hierophant","The Jungle","The Mystic","The Problem Sleuth","The Runesmith","The Servant 0.9.4","The Spell Scribe","The Witch"],"gold_per_floor":[113,31,31,48,64,77,77,102,138,153,153,183,183,112,112,210,210,231,253,253,253,255,255],"floor_reached":22,"playtime":1545,"items_purged":[],"score":194,"play_id":"5901b4e6-3fae-49cc-a43f-da37930b66bf","local_time":"20210112230159","is_ascension_mode":false,"campfire_choices":[{"data":"Runesmith:CraftPrismatica","floor":7,"key":"SMITH"},{"floor":13,"key":"REST"},{"floor":15,"key":"REST"}],"circlet_count":0,"master_deck":["Runesmith:Strike_RS","Runesmith:Strike_RS","Runesmith:Defend_RS","Runesmith:Defend_RS","Runesmith:CraftFirestone","Runesmith:Fortify","Runesmith:CraftPrismatica+1","Runesmith:EarthShield","Runesmith:CraftIncendium","Runesmith:BackupBattery","Runesmith:Repurpose","Runesmith:PoweredAnvil","Runesmith:Permafrost","Runesmith:LithiumIon","Runesmith:PerfectChisel","Runesmith:StaticCage"],"relics":["Runesmith:BrokenRuby","Hallownest:DreamNailRelic","StuffTheSpire:Wildfire","Replay:Bandana","HollowMod:PaleOreRelic","Empty Cage"],"acts_visited":["Hallownest:Greenpath","Hallownest:Greenpath"],"potions_floor_usage":[12,22],"damage_taken":[{"damage":2,"enemies":"2_ Uuma","floor":1,"turns":7},{"damage":2,"enemies":"Hallownest:2_Baldur","floor":4,"turns":3},{"damage":0,"enemies":"Hallownest:monsterHuskWarrior","floor":5,"turns":7},{"damage":5,"enemies":"Hallownest:monsterFoolEater","floor":6,"turns":7},{"damage":23,"enemies":"Hallownest:eliteCrystalGuardian","floor":8,"turns":6},{"damage":5,"enemies":"Hallownest:1_Baldur_1_Crawlid_1_Warrior","floor":9,"turns":6},{"damage":16,"enemies":"Hallownest:1_Baldur_1_Crawlid_1_Warrior","floor":10,"turns":8},{"damage":10,"enemies":"Hallownest:eliteVengeflyKing","floor":12,"turns":5},{"damage":33,"enemies":"Hallownest:BossHornet","floor":16,"turns":11},{"damage":14,"enemies":"theJungle:5_Spyders","floor":18,"turns":12},{"damage":21,"enemies":"theJungle:Flameango_and_Byrd","floor":19,"turns":7},{"damage":42,"enemies":"theJungle:2_Flameangoes","floor":22,"turns":6}],"seed_played":"-853833569978801559","potions_obtained":[{"floor":1,"key":"AttackPotion"},{"floor":5,"key":"Swift Potion"},{"floor":12,"key":"FearPotion"},{"floor":18,"key":"BlessingOfTheForge"}],"is_trial":false,"path_per_floor":["M","$","?","M","M","M","R","E","MIM","M","?","E","R","$","R","B",null,"M","M","?","?","M"],"character_chosen":"RUNESMITH_CLASS","items_purchased":["Runesmith:CraftIncendium","Runesmith:BackupBattery","Runesmith:LithiumIon"],"campfire_rested":2,"item_purchase_floors":[2,2,14],"current_hp_per_floor":[68,68,68,66,66,61,61,38,33,17,17,7,28,28,49,16,70,56,35,35,35,0,0],"gold":255,"neow_bonus":"TRANSFORM_CARD","is_daily":false,"chose_seed":false,"campfire_upgraded":1,"win_rate":0.0,"timestamp":1610488919,"path_taken":["M","$","?","?","M","M","R","E","MIM","?","?","E","R","$","R","BOSS","M","?","?","?","?"],"items_purchased_type":["Card","Card","Card"],"build_version":"2020-12-22","purchased_purges":0,"victory":false,"max_hp_per_floor":[70,70,70,70,70,70,70,70,70,70,70,70,70,70,70,70,70,70,70,70,70,70,70],"card_choices":[{"not_picked":["Runesmith:Overpower","Runesmith:ChiselStab"],"picked":"Runesmith:EarthShield","floor":1},{"not_picked":["Runesmith:CraftReservo","Runesmith:RunicBlueprint"],"picked":"Runesmith:Repurpose","floor":4},{"not_picked":["Runesmith:Accelerate","Runesmith:Overpower","Runesmith:FrozenChisel"],"picked":"SKIP","floor":5},{"not_picked":["Runesmith:Overpower","Runesmith:RunicBlueprint"],"picked":"Runesmith:PoweredAnvil","floor":6},{"not_picked":["Runesmith:NegativeSpace","Runesmith:HeatExchange","Runesmith:RuneHurl"],"picked":"SKIP","floor":8},{"not_picked":["Runesmith:UnstableHammer","Runesmith:Grindstone"],"picked":"Runesmith:Permafrost","floor":10},{"not_picked":["Runesmith:Firewall","Runesmith:CraftIncendium","Runesmith:HammerThrow"],"picked":"SKIP","floor":12},{"not_picked":["Runesmith:HeatExchange","Runesmith:Retool+1"],"picked":"Runesmith:PerfectChisel","floor":18},{"not_picked":["Runesmith:HeatExchange","Runesmith:NegativeSpace","Runesmith:HammerThrow+1"],"picked":"SKIP","floor":19}],"player_experience":8199,"relics_obtained":[{"floor":8,"key":"StuffTheSpire:Wildfire"},{"floor":9,"key":"Replay:Bandana"},{"floor":12,"key":"HollowMod:PaleOreRelic"}],"event_choices":[{"damage_healed":0,"gold_gain":0,"player_choice":"Leave","damage_taken":0,"max_hp_gain":0,"max_hp_loss":0,"event_name":"conspire:Investor","floor":11,"gold_loss":0},{"damage_healed":0,"gold_gain":0,"cards_transformed":["Runesmith:Defend_RS"],"player_choice":"Transformed","damage_taken":0,"max_hp_gain":0,"max_hp_loss":0,"event_name":"Transmorgrifier","floor":21,"gold_loss":0,"cards_obtained":["Runesmith:StaticCage"]}],"is_beta":false,"boss_relics":[{"not_picked":["StuffTheSpire:RunicConfusion","construct:ClawGrip"],"picked":"Empty Cage"}],"items_purged_floors":[],"is_endless":false,"potions_floor_spawned":[1,5,12,18],"killed_by":"theJungle:2_Flameangoes","ascension_level":0}}