{"host":"2lvuisjyit3p3u01","time":1610475499,"event":{"mods":["Act Like it!","BaseMod","Bestiary","Better Synergies","CapriCore","Colored Map","Colored Powertips","Duelist Mod","GifTheSpireLib","Minty Spire (QoL Compilation)","Quick Restart","Replay The Spire","StSLib"],"gold_per_floor":[143,195,96,35,53,53,88,108,108,108,190,217,36,36,36,173,173,191,42,42,67,67,103,118,118,118,161,161,161,201,216,216,342,342,363,14,38,371,388,422,434,434,434,448,448,465,485,13,13,13,13],"floor_reached":50,"playtime":2173,"items_purged":["theDuelist:CastleWalls","theDuelist:CastleWalls","theDuelist:PsiCurse","Looming Evil"],"score":1143,"play_id":"cdd2a062-47f6-41d6-9bd3-957d791f51f3","local_time":"20210112201818","is_ascension_mode":true,"campfire_choices":[{"data":"theDuelist:Mountain","floor":6.0,"key":"SMITH"},{"data":"theDuelist:GravityLash","floor":10.0,"key":"SMITH"},{"data":"theDuelist:WaterDragon","floor":15.0,"key":"SMITH"},{"data":"theDuelist:CyberDragonSieger","floor":25.0,"key":"SMITH"},{"floor":28.0,"key":"REST"},{"data":"theDuelist:DragonMastery","floor":32.0,"key":"SMITH"},{"data":"theDuelist:ForbiddenLance+1","floor":42,"key":"SMITH"},{"data":"theDuelist:ForbiddenLance+2","floor":49,"key":"SMITH"}],"circlet_count":0,"master_deck":["theDuelist:LesserDragon+1","theDuelist:LesserDragon+1","theDuelist:YamataDragon+1","theDuelist:TwinHeadedFire+1","theDuelist:AncientDragon+1","theDuelist:BabyDragon+1","theDuelist:CaveDragon","theDuelist:CaveDragon","theDuelist:Mountain+1","theDuelist:GravityLash+1","theDuelist:WaterDragon+1","theDuelist:DeltaMagnet","theDuelist:ForbiddenLance+3","theDuelist:CyberDragonSieger+1","theDuelist:DragonMastery+1","theDuelist:ArmageddonDragonEmp","theDuelist:FireDarts","theDuelist:AncientDragon","theDuelist:Freezadon","theDuelist:ArmageddonDragonEmp","theDuelist:MetalDragon+1","theDuelist:TwinBarrelDragon","Doubt","theDuelist:TyrantWing+1"],"relics":["theDuelist:MillenniumPuzzle","theDuelist:CardPoolRelic","theDuelist:CardPoolBasicRelic","theDuelist:BoosterPackPoolRelic","theDuelist:CardPoolAddRelic","theDuelist:CardPoolMinusRelic","theDuelist:CardPoolSaveRelic","theDuelist:CardPoolOptionsRelic","theDuelist:NamelessPowerRelicA","Gremlin Horn","theDuelist:GoldenScale","ReplayTheSpireMod:Shallot","Counterbalance","Cursed Key","theDuelist:MillenniumStone","Smiling Mask","Cables","Bottled Flame","Replay:Grab Bag","Coffee Dripper","Runic Dome","Pandora\u0027s Box","Replay:Baseball","Sling","Du-Vu Doll","BranchBurnRelic","theDuelist:DragonRelicC","Ring of Fangs","Iron Hammer"],"acts_visited":["Exordium","TheCity","TheBeyond"],"potions_floor_usage":[41,47,50,50,50],"damage_taken":[{"damage":0.0,"enemies":"Jaw Worm","floor":1.0,"turns":1.0},{"damage":0.0,"enemies":"Cultist","floor":5.0,"turns":2.0},{"damage":13.0,"enemies":"3 Sentries","floor":7.0,"turns":5.0},{"damage":0.0,"enemies":"2 Louse","floor":8.0,"turns":2.0},{"damage":0.0,"enemies":"Gremlin Nob","floor":12.0,"turns":2.0},{"damage":8.0,"enemies":"Hexaghost","floor":16.0,"turns":7.0},{"damage":0.0,"enemies":"Chosen","floor":18.0,"turns":2.0},{"damage":0.0,"enemies":"Spheric Guardian","floor":21.0,"turns":2.0},{"damage":0.0,"enemies":"Replay:Snechameleon","floor":23.0,"turns":3.0},{"damage":20.0,"enemies":"Snake Plant","floor":24.0,"turns":3.0},{"damage":20.0,"enemies":"Gremlin Leader","floor":27.0,"turns":4.0},{"damage":3.0,"enemies":"theDuelist:KaibaA2","floor":30.0,"turns":2.0},{"damage":0.0,"enemies":"Shelled Parasite and Fungi","floor":31.0,"turns":2.0},{"damage":13.0,"enemies":"Pondfish","floor":33.0,"turns":5.0},{"damage":17.0,"enemies":"3 Darklings","floor":35.0,"turns":3.0},{"damage":2.0,"enemies":"3 Shapes","floor":37.0,"turns":2.0},{"damage":6.0,"enemies":"Maw","floor":39.0,"turns":3.0},{"damage":6.0,"enemies":"Reptomancer","floor":40.0,"turns":3.0},{"damage":4,"enemies":"4 Shapes","floor":41,"turns":2},{"damage":0,"enemies":"Writhing Mass","floor":44,"turns":1},{"damage":0,"enemies":"Transient","floor":46,"turns":5},{"damage":15,"enemies":"3 Darklings","floor":47,"turns":4},{"damage":26,"enemies":"Time Eater","floor":50,"turns":1}],"seed_played":"6457006641262644934","potions_obtained":[{"floor":1.0,"key":"Energy Potion"},{"floor":7.0,"key":"EntropicBrew"},{"floor":18.0,"key":"theDuelist:VoidBottle"},{"floor":31.0,"key":"Reflective Coating"},{"floor":33.0,"key":"Adrenaline Potion"},{"floor":35.0,"key":"Reflective Coating"},{"floor":37.0,"key":"theDuelist:MayhemPotion"},{"floor":44,"key":"theDuelist:BurningPotionB"}],"is_trial":false,"path_per_floor":["M","?","$","?","M","R","E","M","T","R","T","E","$","?","R","B",null,"M","$","?","M","?","E","M","R","T","E","R","?","E","M","R","B",null,"M","$","M","?","M","E","M","R","T","M","?","M","M","$","R","B"],"character_chosen":"THE_DUELIST","items_purchased":["theDuelist:TwinHeadedFire","theDuelist:AncientDragon","theDuelist:MillenniumStone","Replay:Baseball","Sling","Iron Hammer","DistilledChaos","FearPotion","theDuelist:TokenPotionB"],"campfire_rested":1,"item_purchase_floors":[3,13,19,36,36,48,48,48,48],"current_hp_per_floor":[72,72,72,72,72,72,59,59,59,59,59,59,59,59,59,51,68,68,59,59,59,59,59,39,39,39,19,36,55,52,52,52,39,54,37,37,35,35,29,23,19,19,19,19,19,19,4,4,4,0,0],"gold":13,"neow_bonus":"UPGRADE_CARD","is_daily":false,"chose_seed":false,"campfire_upgraded":7,"win_rate":0.0,"timestamp":1610475498,"path_taken":["M","?","$","?","?","R","E","M","T","R","?","E","$","?","R","BOSS","M","$","?","M","?","E","?","R","T","E","R","?","E","M","R","BOSS","M","$","M","?","M","E","M","R","T","M","?","M","M","$","R","BOSS"],"items_purchased_type":["Card","Card","Relic","Relic","Relic","Relic","Potion","Potion","Potion"],"build_version":"2020-12-22","purchased_purges":4,"victory":false,"max_hp_per_floor":[80,80,80,80,80,80,80,80,80,80,80,80,80,74,74,74,74,74,59,59,59,59,59,59,59,59,59,59,59,59,59,59,59,59,59,59,59,59,59,59,59,59,59,59,59,59,59,59,59,59,59],"card_choices":[{"not_picked":["theDuelist:WhiteHornDragon","theDuelist:JurassicImpact","theDuelist:ArtifactSanctum","theDuelist:GalaxySoldier"],"picked":"theDuelist:Mountain","floor":1.0},{"not_picked":["theDuelist:Hydrogeddon","theDuelist:CyberDragonVier","theDuelist:AquaDolphin","theDuelist:CaveDragon","theDuelist:HymnOfLight"],"picked":"SKIP","floor":5.0},{"not_picked":["theDuelist:Mountain","theDuelist:Sparks"],"picked":"SKIP","floor":7.0},{"not_picked":["theDuelist:TailSwipe","theDuelist:StampingDestruction","theDuelist:VeilDarkness","theDuelist:EyeTimaeus"],"picked":"theDuelist:GravityLash","floor":8.0},{"not_picked":["theDuelist:SurvivalFittest","theDuelist:StardustDragon","theDuelist:DragonMastery","theDuelist:BusterBladerDDS"],"picked":"theDuelist:WaterDragon","floor":12.0},{"not_picked":["theDuelist:Sabersaurus","theDuelist:RedEyesZombie","theDuelist:TornadoDragon+1","theDuelist:CyberDragonCore","theDuelist:FireDarts"],"picked":"SKIP","floor":18.0},{"not_picked":["theDuelist:BattleguardKing","theDuelist:BigFire","theDuelist:Raigeki","theDuelist:RainbowOverdragon"],"picked":"theDuelist:ForbiddenLance","floor":21.0},{"not_picked":["theDuelist:WhiteHornDragon","theDuelist:TyrantWing","theDuelist:ArtifactSanctum","theDuelist:WhiteHowling"],"picked":"theDuelist:CyberDragonSieger","floor":23.0},{"not_picked":["theDuelist:TwinHeadedFire","theDuelist:AncientPixieDragon+1","theDuelist:BabyDragon+1","theDuelist:MoltenDestruction","theDuelist:Anthrosaurus"],"picked":"SKIP","floor":24.0},{"not_picked":["theDuelist:SurvivalFittest","theDuelist:Scapegoat","theDuelist:OceanDragonLord","theDuelist:Lancephorhynchus"],"picked":"theDuelist:DragonMastery","floor":27.0},{"not_picked":["theDuelist:DreadnoughtDreadnoid","theDuelist:DarkDriceratops","theDuelist:BlackBrutdrago","theDuelist:VeilDarkness+1","theDuelist:BlackTyranno"],"picked":"SKIP","floor":30.0},{"not_picked":["theDuelist:ViceDragon","theDuelist:TwinHeadedFire","theDuelist:CurseDragon","theDuelist:BlackStego","theDuelist:MaskedDragon"],"picked":"SKIP","floor":31.0},{"not_picked":["theDuelist:VoidOgreDragon","theDuelist:QueenDragunDjinn","theDuelist:LostWorld","theDuelist:BerserkScales"],"picked":"theDuelist:ArmageddonDragonEmp","floor":33.0},{"not_picked":["theDuelist:Kabazauls","theDuelist:BlackBrutdrago","theDuelist:DefenseZone","theDuelist:VolcanicEruption+1"],"picked":"theDuelist:Freezadon","floor":35.0},{"not_picked":["theDuelist:Lancephorhynchus+1","theDuelist:CyberDragonInfinity","theDuelist:ArmageddonDragonEmp"],"picked":"SKIP","floor":37.0},{"not_picked":["theDuelist:Lancephorhynchus+1","theDuelist:CyberDragonInfinity"],"picked":"theDuelist:ArmageddonDragonEmp","floor":37.0},{"not_picked":["theDuelist:SauropodBrachion+1","theDuelist:Frostosaurus+1","theDuelist:BerserkerSoul+1","theDuelist:ArtifactIgnition+1","theDuelist:BackgroundDragon+1"],"picked":"SKIP","floor":39.0},{"not_picked":["theDuelist:Hydrogeddon","theDuelist:FrostflameDragon","theDuelist:AncientGearGadjiltron","theDuelist:RedEyesZombie","theDuelist:ArtifactIgnition"],"picked":"SKIP","floor":40.0},{"not_picked":["theDuelist:ThunderDragon+1","theDuelist:FiendSkull+1"],"picked":"theDuelist:MetalDragon+1","floor":41},{"not_picked":["theDuelist:LesserDragon+1","theDuelist:SnowDragon+1","theDuelist:CyberDragonNachster+1","theDuelist:MadFlameKaiju"],"picked":"theDuelist:TwinBarrelDragon","floor":44},{"not_picked":["theDuelist:RainbowOverdragon","theDuelist:StrayLambs+1","theDuelist:LabyrinthWall","theDuelist:Terraforming+1","theDuelist:PreventRat+1"],"picked":"SKIP","floor":46},{"not_picked":["theDuelist:TotemDragon+1","theDuelist:CyberLaserDragon+1","theDuelist:GalaxySoldier+1","theDuelist:Berserking+1"],"picked":"theDuelist:TyrantWing+1","floor":47}],"player_experience":296294,"relics_obtained":[{"floor":7.0,"key":"Gremlin Horn"},{"floor":9.0,"key":"theDuelist:GoldenScale"},{"floor":11.0,"key":"ReplayTheSpireMod:Shallot"},{"floor":12.0,"key":"Counterbalance"},{"floor":23.0,"key":"Smiling Mask"},{"floor":26.0,"key":"Cables"},{"floor":27.0,"key":"Bottled Flame"},{"floor":30.0,"key":"Dead Branch"},{"floor":40.0,"key":"Du-Vu Doll"},{"floor":43,"key":"theDuelist:DragonRelicC"},{"floor":45,"key":"Ring of Fangs"}],"event_choices":[{"damage_healed":0.0,"max_hp_gain":0.0,"max_hp_loss":0.0,"gold_gain":52.0,"event_name":"Golden Wing","player_choice":"Gained Gold","floor":2.0,"gold_loss":0.0,"damage_taken":0.0},{"power_reward":2.0,"total_magic_score":32.0,"gold_gain":0.0,"duelist":true,"damage_taken":0.0,"relics_obtained":["theDuelist:NamelessPowerRelicA"],"points":2.0,"max_hp_gain":0.0,"max_hp_loss":0.0,"spent_points":{"magic":0.0,"greed":0.0,"war":0.0,"power":2.0,"hunger":0.0},"event_name":"Nameless Tomb","floor":4.0,"gold_loss":61.0,"cards_obtained":[]},{"damage_healed":0.0,"max_hp_gain":0.0,"max_hp_loss":6.0,"gold_gain":0.0,"event_name":"Golden Idol","player_choice":"Lose Max HP","floor":14.0,"gold_loss":0.0,"damage_taken":0.0,"relics_obtained":["Golden Idol"]},{"damage_healed":0.0,"max_hp_gain":0.0,"max_hp_loss":0.0,"gold_gain":0.0,"event_name":"Egyptian Village","player_choice":"Delta Electro","duelist":true,"floor":20.0,"gold_loss":0.0,"damage_taken":0.0,"cards_obtained":["Delta Electromagnet Warrior"]},{"damage_healed":0.0,"max_hp_gain":0.0,"max_hp_loss":0.0,"gold_gain":0.0,"event_name":"Upgrade Shrine","player_choice":"Upgraded","floor":22.0,"gold_loss":0.0,"damage_taken":0.0,"cards_upgraded":["theDuelist:ForbiddenLance"]},{"damage_healed":19.0,"max_hp_gain":0.0,"max_hp_loss":0.0,"gold_gain":0.0,"event_name":"The Library","player_choice":"Heal","floor":29.0,"gold_loss":0.0,"damage_taken":0.0},{"damage_healed":0.0,"max_hp_gain":0.0,"max_hp_loss":0.0,"gold_gain":333.0,"event_name":"The Moai Head","player_choice":"Gave Idol","floor":38.0,"relics_lost":["Golden Idol"],"gold_loss":0.0,"damage_taken":0.0}],"is_beta":false,"boss_relics":[{"not_picked":["Honey Jar","Runic Cube"],"picked":"Cursed Key"},{"not_picked":["Empty Cage","Kintsugi"],"picked":"Replay:Grab Bag"},{"not_picked":["theDuelist:ElectricKey","Replay:Wanted Poster"],"picked":"Coffee Dripper"},{"not_picked":["theDuelist:HauntedRelic","Painkiller Herb"],"picked":"Runic Dome"},{"not_picked":["Replay:Drink Me","SacredBark"],"picked":"Pandora\u0027s Box"}],"items_purged_floors":[3,13,36,48],"is_endless":false,"potions_floor_spawned":[1,7,18,31,33,35,37,44],"killed_by":"Time Eater","ascension_level":8}}