{"host":"2zw05eexjythz74b","time":1610420241,"event":{"mods":["AchievementEnabler","BaseMod","Better Altar","Colored Map","Minty Spire (QoL Compilation)","StSLib","everything is the same but u backflip on backflip"],"gold_per_floor":[119,135,145,159,159,159,199,214,291,291,315,315,336,357,357,488,488,488,512,273,273,273,273,273,273],"floor_reached":24,"playtime":894,"items_purged":["Flex"],"score":220,"play_id":"0e1cf481-5abb-4284-892b-9e0c7989c965","local_time":"20210111205721","is_ascension_mode":true,"campfire_choices":[{"data":"Fiend Fire","floor":6,"key":"SMITH"},{"data":"Fire Breathing","floor":12,"key":"SMITH"},{"data":"Flex","floor":15,"key":"SMITH"},{"data":"Transmutation","floor":23,"key":"SMITH"}],"circlet_count":0,"master_deck":["Strike_R+1","Strike_R+1","Strike_R+1","Strike_R+1","Strike_R+1","Defend_R+1","Defend_R+1","Defend_R+1","Defend_R+1","Fiend Fire+1","Wild Strike","Sentinel","Reckless Charge","Whirlwind","Injury","Searing Blow","Flex","Fire Breathing+1","Flex+1","Demon Form","Thunderclap","Transmutation+1","Pain"],"relics":["Burning Blood","Golden Idol","Boot","Meat on the Bone","Black Star","WarpedTongs"],"acts_visited":["Exordium","TheCity"],"potions_floor_usage":[13,16,18,24],"damage_taken":[{"damage":6,"enemies":"Cultist","floor":1,"turns":4},{"damage":0,"enemies":"Small Slimes","floor":2,"turns":3},{"damage":2,"enemies":"Jaw Worm","floor":3,"turns":3},{"damage":21,"enemies":"Gremlin Gang","floor":4,"turns":5},{"damage":31,"enemies":"Gremlin Nob","floor":7,"turns":5},{"damage":8,"enemies":"3 Louse","floor":8,"turns":2},{"damage":0,"enemies":"Lots of Slimes","floor":11,"turns":1},{"damage":0,"enemies":"Large Slime","floor":13,"turns":3},{"damage":16,"enemies":"3 Louse","floor":14,"turns":2},{"damage":44,"enemies":"Hexaghost","floor":16,"turns":8},{"damage":0,"enemies":"2 Thieves","floor":18,"turns":1},{"damage":47,"enemies":"Shell Parasite","floor":19,"turns":4},{"damage":51,"enemies":"Gremlin Leader","floor":24,"turns":4}],"seed_played":"2226571913215269378","potions_obtained":[{"floor":7,"key":"AttackPotion"},{"floor":8,"key":"SmokeBomb"},{"floor":13,"key":"SpeedPotion"},{"floor":14,"key":"Block Potion"}],"is_trial":false,"path_per_floor":["M","M","M","M","?","R","E","M","T","?","M","R","M","M","R","B",null,"M","M","$","?","?","R","E"],"character_chosen":"IRONCLAD","items_purchased":["Transmutation"],"campfire_rested":0,"item_purchase_floors":[20],"current_hp_per_floor":[80,80,80,65,65,65,40,38,38,38,56,56,62,52,52,26,80,80,51,51,51,51,51,0,0],"gold":273,"neow_bonus":"TRANSFORM_CARD","is_daily":false,"chose_seed":false,"campfire_upgraded":4,"win_rate":0.0,"timestamp":1610420241,"path_taken":["M","?","M","M","?","R","E","M","T","?","M","R","M","?","R","BOSS","M","M","$","?","?","R","E"],"items_purchased_type":["Card"],"build_version":"2020-12-22","purchased_purges":1,"victory":false,"max_hp_per_floor":[80,80,80,80,80,80,80,80,80,80,80,80,80,80,80,80,80,80,80,80,80,80,80,80,80],"card_choices":[{"not_picked":["Warcry","Second Wind"],"picked":"Wild Strike","floor":1},{"not_picked":["Twin Strike","Battle Trance"],"picked":"Sentinel","floor":2},{"not_picked":["Seeing Red","Sword Boomerang"],"picked":"Reckless Charge","floor":3},{"not_picked":["Sword Boomerang","Searing Blow"],"picked":"Whirlwind","floor":4},{"not_picked":["Wild Strike","Warcry"],"picked":"Searing Blow","floor":7},{"not_picked":["Iron Wave","Clothesline"],"picked":"Flex","floor":8},{"not_picked":["True Grit","Brutality"],"picked":"Fire Breathing","floor":11},{"not_picked":["Feel No Pain","Seeing Red"],"picked":"Flex","floor":13},{"not_picked":["Anger","Thunderclap"],"picked":"Flex","floor":14},{"not_picked":["Offering","Feed"],"picked":"Demon Form","floor":16},{"not_picked":["Body Slam","Flex"],"picked":"Thunderclap","floor":19}],"player_experience":213512,"relics_obtained":[{"floor":7,"key":"Boot"},{"floor":9,"key":"Meat on the Bone"}],"event_choices":[{"damage_healed":0,"gold_gain":0,"player_choice":"Take Wound","damage_taken":0,"relics_obtained":["Golden Idol"],"max_hp_gain":0,"max_hp_loss":0,"event_name":"Golden Idol","floor":5,"gold_loss":0,"cards_obtained":["Injury"]},{"damage_healed":0,"gold_gain":0,"player_choice":"Ignored","damage_taken":0,"max_hp_gain":0,"max_hp_loss":0,"event_name":"Purifier","floor":10,"gold_loss":0},{"damage_healed":0,"gold_gain":0,"player_choice":"Simplicity","damage_taken":0,"max_hp_gain":0,"max_hp_loss":0,"event_name":"Back to Basics","floor":21,"gold_loss":0,"cards_upgraded":["Strike_R","Strike_R","Strike_R","Strike_R","Strike_R","Defend_R","Defend_R","Defend_R","Defend_R"]},{"damage_healed":0,"gold_gain":0,"player_choice":"Rummage","damage_taken":0,"relics_obtained":["WarpedTongs"],"max_hp_gain":0,"max_hp_loss":0,"event_name":"Accursed Blacksmith","floor":22,"gold_loss":0,"cards_obtained":["Pain"]}],"is_beta":false,"boss_relics":[{"not_picked":["Runic Cube","Sozu"],"picked":"Black Star"}],"items_purged_floors":[20],"is_endless":false,"potions_floor_spawned":[7,8,13,14,18],"killed_by":"Gremlin Leader","ascension_level":2}}