{"host":"m5bsg12zcyqnofur","time":1610447279,"event":{"mods":["AchievementEnabler","BaseMod","BetterRewards","Colored Powertips","Downfall","Hermit","Highlight Path","Minty Spire (QoL Compilation)","Quick Restart","Replay The Spire","Shop Mod","StSLib","The Bug Knight"],"gold_per_floor":[119,139,150,163,181,181,210,210,234,245,170,170,170,33,33,33,33],"floor_reached":16,"playtime":772,"items_purged":["HollowMod:QuickDashStart","HollowMod:NailStrikeStart"],"score":102,"play_id":"41e8facf-83c3-4cd6-8055-aeee59e0d6dc","local_time":"20210112042759","is_ascension_mode":false,"campfire_choices":[{"data":"HollowMod:FocusHealStart","floor":6,"key":"SMITH"},{"data":"HollowMod:MantisMark","floor":8,"key":"SMITH"},{"data":"HollowMod:SharpenedShadows","floor":13,"key":"SMITH"},{"floor":15,"key":"REST"}],"circlet_count":0,"master_deck":["HollowMod:NailStrikeStart","HollowMod:NailStrikeStart","HollowMod:NailStrikeStart","HollowMod:QuickDashStart","HollowMod:QuickDashStart","HollowMod:QuickDashStart","HollowMod:FocusHealStart+1","HollowMod:PogoStrike","HollowMod:CloakDash","HollowMod:SharpenedShadows+1","HollowMod:DashSlash","HollowMod:MantisMark+1","HollowMod:SiblingsShadow"],"relics":["HollowMod:VesselMask","Replay:Mystery Machine","Happy Flower"],"acts_visited":["Exordium"],"potions_floor_usage":[7],"damage_taken":[{"damage":1,"enemies":"Cultist","floor":1,"turns":3},{"damage":5,"enemies":"Small Slimes","floor":2,"turns":5},{"damage":2,"enemies":"Jaw Worm","floor":3,"turns":5},{"damage":10,"enemies":"Looter","floor":4,"turns":3},{"damage":0,"enemies":"2 Fungi Beasts","floor":5,"turns":3},{"damage":59,"enemies":"Gremlin Nob","floor":7,"turns":7},{"damage":9,"enemies":"3 Louse","floor":10,"turns":4},{"damage":49,"enemies":"The Guardian","floor":16,"turns":12}],"seed_played":"-5081473354257756846","potions_obtained":[{"floor":2,"key":"Elixir"},{"floor":4,"key":"Weak Potion"},{"floor":7,"key":"Elixir"}],"is_trial":false,"path_per_floor":["M","M","M","M","M","R","E","R","T","M","$","T","R","$","R","B"],"character_chosen":"THE_BUGKNIGHT","items_purchased":["HollowMod:SiblingsShadow"],"campfire_rested":1,"item_purchase_floors":[14],"current_hp_per_floor":[74,75,75,65,71,71,12,12,12,9,9,9,9,9,31,0,0],"gold":33,"neow_bonus":"","is_daily":false,"chose_seed":false,"campfire_upgraded":3,"win_rate":0.0,"timestamp":1610447279,"path_taken":["M","M","?","M","M","R","E","R","T","M","$","?","R","$","R","BOSS"],"items_purchased_type":["Card"],"build_version":"2020-12-22","purchased_purges":2,"victory":false,"max_hp_per_floor":[75,75,75,75,75,75,75,75,75,75,75,75,75,75,75,75,75],"card_choices":[{"not_picked":["HollowMod:TaintedHusks","HollowMod:NewJinnsSoul","HollowMod:InfectedCysts"],"picked":"SKIP","floor":1},{"not_picked":["HollowMod:SharpenedNail","HollowMod:InfectedCysts"],"picked":"HollowMod:CloakDash","floor":2},{"not_picked":["HollowMod:DashSlash","HollowMod:FallenFury"],"picked":"HollowMod:SharpenedShadows","floor":3},{"not_picked":["HollowMod:BaldurShell","HollowMod:GoodIntentions"],"picked":"HollowMod:DashSlash","floor":4},{"not_picked":["HollowMod:NewLittleFool","HollowMod:NewGlowingWomb","HollowMod:SoulSplash"],"picked":"SKIP","floor":5},{"not_picked":["HollowMod:InfectedAttack","HollowMod:ElderbugsWisdom"],"picked":"HollowMod:MantisMark","floor":7},{"not_picked":["HollowMod:SoulEater","HollowMod:CornifersMapStart","HollowMod:AbyssShriek"],"picked":"SKIP","floor":10}],"player_experience":176616,"relics_obtained":[{"floor":7,"key":"Replay:Mystery Machine"},{"floor":12,"key":"Happy Flower"}],"event_choices":[],"is_beta":false,"boss_relics":[],"items_purged_floors":[11,14],"is_endless":false,"potions_floor_spawned":[2,4,7],"killed_by":"The Guardian","ascension_level":0}}