{"host":"juzjn19svz7o4sdd","time":1610419185,"event":{"mods":["AchievementEnabler","BaseMod","Better Third Choice","BetterRewards","Challenge The Spire","Colored Powertips","Curses Come First","Minty Spire (QoL Compilation)","StSLib","Transform Curses","UnlockEverythingMod"],"gold_per_floor":[119,119,119,119,119,148,148,177,177,177,177,204,218,218,218],"floor_reached":14,"playtime":1524,"items_purged":[],"score":154,"play_id":"21253d64-66f6-4fd1-bbf2-26f78255da68","local_time":"20210112103945","daily_mods":["Heirloom","Flight","DeadlyEvents","Elite Swarm"],"is_ascension_mode":false,"campfire_choices":[{"floor":7.0,"key":"REST"},{"floor":10.0,"key":"REST"},{"floor":11.0,"key":"REST"}],"circlet_count":0,"master_deck":["Strike_G","Strike_G","Strike_G","Strike_G","Defend_G","Defend_G","Defend_G","Defend_G","Defend_G","Survivor","Neutralize","Burst","Venomology","Dagger Spray"],"relics":["Unceasing Top","Mango","Potion Belt","Pantograph","Art of War","Gremlin Horn","Prayer Wheel","The Courier"],"acts_visited":["Exordium"],"potions_floor_usage":[14],"damage_taken":[{"damage":0.0,"enemies":"Jaw Worm","floor":1.0,"turns":5.0},{"damage":63.0,"enemies":"Lagavulin","floor":6.0,"turns":13.0},{"damage":33.0,"enemies":"3 Sentries","floor":8.0,"turns":17.0},{"damage":48,"enemies":"Gremlin Nob","floor":12,"turns":7},{"damage":0,"enemies":"Small Slimes","floor":13,"turns":3},{"damage":8,"enemies":"Lagavulin","floor":14,"turns":3}],"seed_played":"-7390611398609048106","potions_obtained":[{"floor":1.0,"key":"Explosive Potion"},{"floor":8.0,"key":"LiquidMemories"}],"is_trial":true,"path_per_floor":["M","?","T","?","T","E","R","E","T","R","R","E","M","E"],"character_chosen":"THE_SILENT","items_purchased":[],"campfire_rested":3,"item_purchase_floors":[],"current_hp_per_floor":[84,84,84,77,77,14,39,6,6,31,56,8,8,0,0],"gold":218,"neow_bonus":"","is_daily":false,"chose_seed":false,"campfire_upgraded":0,"win_rate":0.0,"timestamp":1610419185,"path_taken":["M","?","?","?","?","E","R","E","T","R","R","E","?","?"],"items_purchased_type":[],"build_version":"2020-12-22","purchased_purges":0,"victory":false,"max_hp_per_floor":[84,84,84,84,84,84,84,84,84,84,84,84,84,84,84],"card_choices":[{"not_picked":["Bane","Backflip","Prepared"],"picked":"SKIP","floor":1.0},{"not_picked":["Tools of the Trade","Malaise"],"picked":"Burst","floor":6.0},{"not_picked":["Burst","Doppelganger","Corpse Explosion"],"picked":"SKIP","floor":8.0},{"not_picked":["Tools of the Trade","Phantasmal Killer"],"picked":"Venomology","floor":12},{"not_picked":["Concentrate","Noxious Fumes"],"picked":"Dagger Spray","floor":13},{"not_picked":["Well Laid Plans","Outmaneuver","Concentrate"],"picked":"SKIP","floor":13}],"player_experience":64130,"relics_obtained":[{"floor":3.0,"key":"Potion Belt"},{"floor":5.0,"key":"Pantograph"},{"floor":6.0,"key":"Art of War"},{"floor":8.0,"key":"Gremlin Horn"},{"floor":9.0,"key":"Prayer Wheel"},{"floor":12,"key":"The Courier"}],"event_choices":[{"damage_healed":0.0,"max_hp_gain":0.0,"max_hp_loss":0.0,"gold_gain":0.0,"event_name":"betterThird:BetterSerpent","player_choice":"Ignored","floor":2.0,"gold_loss":0.0,"damage_taken":119.0},{"cards_removed":["Strike_G"],"damage_healed":0.0,"max_hp_gain":0.0,"max_hp_loss":0.0,"gold_gain":0.0,"event_name":"Golden Wing","player_choice":"Card Removal","floor":4.0,"gold_loss":0.0,"damage_taken":7.0}],"is_beta":false,"boss_relics":[],"items_purged_floors":[],"is_endless":true,"potions_floor_spawned":[1,8],"killed_by":"Lagavulin","ascension_level":0}}