{"host":"lzpp66udqthct9jv","time":1610448434,"event":{"mods":["Act Like it!","BaseMod","Better-Laid Plans","Chen","Emptier Cage","Gensokyo","Highlight Path","Koishi","Marisa£®ÏF”Í°°ƒß¿Ì…≥£©","Minty Spire (QoL Compilation)","Pale of the Ancients","Quick Restart","Reimu£®≤©¿ˆ¡È√Œ£©","Remilia£®¿Ÿ√◊¿Ú—«£©","Shop Mod","StSLib","The Administrix","The Servant 0.9.4","Yakumo Yukari mod","Youmu£®ªÍ∆«—˝√Œ£©","Yuyuko","ÛÙª÷∏ƒœ"],"gold_per_floor":[13,13,26,40,51,51,85,85,112,138,63,163,163,163,163,262,262,276,289,136,66,76,110,120,120,120,120,154,154,154,84,84,179,179,191,201,201,201,215,215,231,231,231,85,85,85,99,130,130,130,142,161,161,161,61,80,80,32,32,32],"floor_reached":61,"playtime":3056,"items_purged":["Strike_B","Defend_B"],"score":1418,"play_id":"7531a6fa-83f3-4b86-af06-4b9c4dd15a57","local_time":"20210112184714","is_ascension_mode":true,"campfire_choices":[{"data":"Dualcast","floor":6.0,"key":"SMITH"},{"data":"Self Repair","floor":8.0,"key":"SMITH"},{"data":"Defragment","floor":13.0,"key":"SMITH"},{"data":"Panache","floor":15.0,"key":"SMITH"},{"data":"Heatsinks","floor":27.0,"key":"SMITH"},{"data":"Capacitor","floor":30.0,"key":"SMITH"},{"data":"Consume","floor":32.0,"key":"SMITH"},{"floor":40.0,"key":"RECALL"},{"data":"Loop","floor":46.0,"key":"SMITH"},{"data":"Turbo","floor":49.0,"key":"SMITH"},{"data":"Capacitor","floor":57.0,"key":"SMITH"}],"circlet_count":0,"master_deck":["Defend_B","Defend_B","Zap","Dualcast+1","Panache+1","Glacier","Turbo+1","Compile Driver","Capacitor+1","Self Repair+1","Defragment+1","Echo Form","Hologram+1","Heatsinks+1","Storm","Glacier","Consume+1","Echo Form","Recycle+1","Tempest+1","Loop+1","Double Energy+1","Capacitor+1","White Noise+1","Defragment+1","Defragment+1"],"relics":["Cracked Core","Potion Belt","Runic Dome","MealTicket","Singing Bowl","Emotion Chip","Gremlin Horn","Inserter","Gensokyo:DualWield","Gambling Chip","Question Card","Orrery","Tea:ReiMu","paleoftheancients:Timepiece","paleoftheancients:KeyRelic","CultistMask","paleoftheancients:SoulOfTheBard","Blue Candle"],"acts_visited":["Gensokyo:Gensokyo","Gensokyo:Gensokyoer","Gensokyo:Gensokyoest","paleoftheancients:PaleOfTheAncients"],"potions_floor_usage":[60,60,60,60],"damage_taken":[{"damage":0.0,"enemies":"Gensokyo:2_Kodama","floor":1.0,"turns":3.0},{"damage":0.0,"enemies":"Gensokyo:Python","floor":3.0,"turns":2.0},{"damage":9.0,"enemies":"Gensokyo:3_Fairies","floor":4.0,"turns":4.0},{"damage":2.0,"enemies":"Gensokyo:Kitsune","floor":5.0,"turns":3.0},{"damage":24.0,"enemies":"Gensokyo:Cirno","floor":7.0,"turns":5.0},{"damage":21.0,"enemies":"Gensokyo:Mamizou","floor":10.0,"turns":10.0},{"damage":6.0,"enemies":"Gensokyo:Yukari","floor":16.0,"turns":15.0},{"damage":4.0,"enemies":"Gensokyo:Chomper","floor":18.0,"turns":4.0},{"damage":10.0,"enemies":"Gensokyo:CosmicMonolith","floor":19.0,"turns":6.0},{"damage":21.0,"enemies":"Gensokyo:Swordslinger","floor":22.0,"turns":4.0},{"damage":46.0,"enemies":"Gensokyo:Tenshi","floor":23.0,"turns":6.0},{"damage":19.0,"enemies":"Gensokyo:3_Gloops","floor":24.0,"turns":6.0},{"damage":8.0,"enemies":"Gensokyo:Koishi","floor":28.0,"turns":9.0},{"damage":4.0,"enemies":"Gensokyo:Eternal_Rivals","floor":33.0,"turns":12.0},{"damage":1.0,"enemies":"Gensokyo:AncientGuardian","floor":35.0,"turns":4.0},{"damage":16.0,"enemies":"Gensokyo:3_Bats","floor":36.0,"turns":4.0},{"damage":0.0,"enemies":"Gensokyo:SeedOfUnknown","floor":39.0,"turns":9.0},{"damage":17.0,"enemies":"Gensokyo:3_Boulders","floor":41.0,"turns":4.0},{"damage":23.0,"enemies":"Gensokyo:Sharpion","floor":47.0,"turns":6.0},{"damage":15.0,"enemies":"Gensokyo:Doremy","floor":48.0,"turns":4.0},{"damage":0.0,"enemies":"Gensokyo:Shinki","floor":50.0,"turns":5.0},{"damage":0.0,"enemies":"Gensokyo:Shinki","floor":51.0,"turns":7.0},{"damage":0.0,"enemies":"Gensokyo:Shinki","floor":52.0,"turns":4.0},{"damage":0.0,"enemies":"Gensokyo:Shinki","floor":56.0,"turns":6.0},{"damage":114,"enemies":"paleoftheancients:N","floor":60,"turns":7}],"seed_played":"2695719617557522302","potions_obtained":[{"floor":3.0,"key":"Explosive Potion"},{"floor":5.0,"key":"FocusPotion"},{"floor":10.0,"key":"Dexterity Potion"},{"floor":23.0,"key":"CultistPotion"},{"floor":24.0,"key":"Weak Potion"},{"floor":33.0,"key":"EssenceOfDarkness"},{"floor":39.0,"key":"ZuzhouPotion:ReiMu"},{"floor":48.0,"key":"Ancient Potion"}],"is_trial":false,"path_per_floor":["M","?","M","M","M","R","E","R","T","E","$","?","R","?","R","B",null,"M","M","$","$","M","E","M","?","T","R","E","T","R","$","R","B",null,"M","M","?","?","M","R","M","?","T","$","?","R","M","E","R","B","M","M","?","T","R","M","R","$","?","B",null],"character_chosen":"DEFECT","items_purchased":["Defragment","Heatsinks","Storm","Consume","Orrery","PowerPotion"],"campfire_rested":0,"item_purchase_floors":[11,20,21,31,44,58],"current_hp_per_floor":[75,75,75,66,64,64,40,40,40,29,29,29,29,29,29,33,75,75,75,75,75,64,28,29,29,29,29,33,33,33,48,48,54,77,76,62,62,62,79,79,72,41,41,60,48,48,45,52,52,89,89,91,91,91,91,93,93,93,93,93],"gold":32,"neow_bonus":"RANDOM_COLORLESS_2","is_daily":false,"chose_seed":false,"campfire_upgraded":10,"win_rate":0.0,"timestamp":1610448434,"path_taken":["M","?","M","?","M","R","E","R","T","E","$","?","R","?","R","BOSS","M","?","?","$","M","E","M","?","T","R","E","?","R","?","R","BOSS","M","M","?","?","M","R","M","?","T","$","?","R","M","E","R","BOSS","M","M","?","T","R","M","R","$","?","BOSS"],"items_purchased_type":["Card","Card","Card","Card","Relic","Potion"],"build_version":"2020-12-22","purchased_purges":2,"victory":true,"max_hp_per_floor":[75,75,75,75,75,75,75,75,75,75,75,75,75,75,75,75,75,75,75,75,75,75,75,75,75,75,75,77,77,77,77,77,77,77,77,79,79,79,79,79,79,79,79,83,83,83,83,85,85,89,89,91,91,91,91,93,93,93,93,93],"card_choices":[{"not_picked":["Violence","Mayhem"],"picked":"Panache","floor":0.0},{"not_picked":["Sunder","Recycle"],"picked":"Glacier","floor":1.0},{"not_picked":["Lockon","Conserve Battery"],"picked":"Turbo","floor":2.0},{"not_picked":["Go for the Eyes","Gash"],"picked":"Compile Driver","floor":2.0},{"not_picked":["Sweeping Beam","Reinforced Body","Compile Driver"],"picked":"SKIP","floor":3.0},{"not_picked":["Conserve Battery","Rebound","Storm"],"picked":"SKIP","floor":4.0},{"not_picked":["Leap","Chaos"],"picked":"Capacitor","floor":5.0},{"not_picked":["Turbo","Fission"],"picked":"Self Repair","floor":7.0},{"not_picked":["Redo","Lockon","Cold Snap"],"picked":"SKIP","floor":10.0},{"not_picked":["Rainbow","Fission"],"picked":"Echo Form","floor":16.0},{"not_picked":["Rebound","BootSequence","Gash"],"picked":"SKIP","floor":18.0},{"not_picked":["Leap","Blizzard"],"picked":"Hologram+1","floor":19.0},{"not_picked":["Stack","Beam Cell","Cold Snap"],"picked":"SKIP","floor":22.0},{"not_picked":["Lockon","Stack","Blizzard+1"],"picked":"SKIP","floor":23.0},{"not_picked":["Redo","Genetic Algorithm"],"picked":"Glacier","floor":24.0},{"not_picked":["Machine Learning","Gash","Conserve Battery+1"],"picked":"Singing Bowl","floor":28.0},{"not_picked":["All For One","Meteor Strike"],"picked":"Echo Form","floor":33.0},{"not_picked":["Cold Snap","Redo+1"],"picked":"Recycle+1","floor":35.0},{"not_picked":["Steam+1","Leap","Turbo"],"picked":"Singing Bowl","floor":36.0},{"not_picked":["Rip and Tear","Gash+1"],"picked":"Tempest+1","floor":39.0},{"not_picked":["Hello World","Cold Snap+1"],"picked":"Loop","floor":41.0},{"not_picked":["Consume","Sunder","Lockon","Self Repair+1"],"picked":"Singing Bowl","floor":44.0},{"not_picked":["Doom and Gloom+1","Gash","Stack"],"picked":"Double Energy+1","floor":44.0},{"not_picked":["Biased Cognition","Chaos+1","Cold Snap+1"],"picked":"Capacitor","floor":44.0},{"not_picked":["Ball Lightning","Steam+1","Stack+1"],"picked":"White Noise","floor":44.0},{"not_picked":["Compile Driver+1","Redo","Cold Snap+1","Go for the Eyes+1"],"picked":"Singing Bowl","floor":44.0},{"not_picked":["Reinforced Body","Barrage+1","Undo+1"],"picked":"Defragment+1","floor":47.0},{"not_picked":["Chaos+1","Ball Lightning","Force Field","Rainbow"],"picked":"Singing Bowl","floor":48.0},{"not_picked":["Scrape+1","Beam Cell+1","Gash"],"picked":"Defragment+1","floor":51.0},{"not_picked":["Hologram+1","Barrage+1","Cold Snap+1","Conserve Battery"],"picked":"Singing Bowl","floor":52.0},{"not_picked":["BootSequence+1","Chill","Sweeping Beam","Lockon+1"],"picked":"Singing Bowl","floor":56.0}],"player_experience":1835505,"relics_obtained":[{"floor":7.0,"key":"Potion Belt"},{"floor":10.0,"key":"Mastiff:ReiMu"},{"floor":23.0,"key":"MealTicket"},{"floor":26.0,"key":"Singing Bowl"},{"floor":28.0,"key":"Emotion Chip"},{"floor":29.0,"key":"Gremlin Horn"},{"floor":43.0,"key":"Question Card"},{"floor":48.0,"key":"Tea:ReiMu"},{"floor":51.0,"key":"paleoftheancients:SoulOfTheBard"},{"floor":52.0,"key":"paleoftheancients:SoulOfTheShowman"},{"floor":54.0,"key":"Blue Candle"},{"floor":56.0,"key":"paleoftheancients:SoulOfTheHexaghost"}],"event_choices":[{"damage_healed":0.0,"max_hp_gain":0.0,"max_hp_loss":0.0,"gold_gain":0.0,"event_name":"Upgrade Shrine","player_choice":"Upgraded","floor":53.0,"gold_loss":0.0,"damage_taken":0.0,"cards_upgraded":["White Noise"]}],"is_beta":false,"boss_relics":[{"not_picked":["Snecko Eye","RedLine:ReiMu"],"picked":"Runic Dome"},{"not_picked":["Busted Crown","Fusion Hammer"],"picked":"Inserter"}],"items_purged_floors":[20,55],"is_endless":false,"potions_floor_spawned":[3,5,10,23,24,33,39,48,52],"ascension_level":1}}