{"host":"l84l8xigz5v5foa2","time":1610463532,"event":{"mods":["2.2 Compatiblity","AchievementEnabler","BaseMod","Better Note","Better Vampires","Card Filter","Colored Map","DeckTracker","Downfall","Gremlin Skip","Highlight Path","Keyboard Shortcuts","Minty Spire (QoL Compilation)","Permanent Neow","Quick Restart","Relic Filter","Relic Stats","StSLib","SuperFastMode","Transform Curses","Unknown Chances"],"gold_per_floor":[99,112,123,136,148,158,158,158,169,204,129,144,194,214,224,224,224,224],"floor_reached":16,"playtime":1062,"items_purged":[],"score":216,"play_id":"8845d727-79db-40f2-aab6-046a32942af8","local_time":"20210112235852","is_ascension_mode":true,"campfire_choices":[{"data":"Guardian:CurlUp","floor":1.0,"key":"SMITH"},{"data":"Guardian:Suspension","floor":8.0,"key":"SMITH"},{"data":"Guardian:GemFinder","floor":11,"key":"SMITH"}],"circlet_count":0,"master_deck":["AscendersBane","Guardian:Strike_Guardian","Guardian:Strike_Guardian","Guardian:Strike_Guardian","Guardian:Defend_Guardian","Guardian:Defend_Guardian","Guardian:Defend_Guardian","Guardian:Defend_Guardian","Guardian:CurlUp+1","Guardian:TwinSlam","Guardian:GemFinder+1","Guardian:PrismaticBeam","Guardian:Suspension+1","Guardian:BronzeOrb","Guardian:Recover","Guardian:PolyBeam","Guardian:ShieldCharger"],"relics":["Guardian:ModeShifter","Question Card","Question Card","Question Card","Question Card","Question Card","Question Card","Prayer Wheel","Shuriken","Strawberry","downfall:HeartBlessingGreen"],"acts_visited":["Exordium"],"potions_floor_usage":[10,10],"damage_taken":[{"damage":12.0,"enemies":"Cultist","floor":2.0,"turns":6.0},{"damage":4.0,"enemies":"Small Slimes","floor":3.0,"turns":5.0},{"damage":4.0,"enemies":"Jaw Worm","floor":4.0,"turns":4.0},{"damage":8.0,"enemies":"Large Slime","floor":5.0,"turns":7.0},{"damage":11.0,"enemies":"Lots of Slimes","floor":6.0,"turns":5.0},{"damage":0.0,"enemies":"2 Fungi Beasts","floor":9.0,"turns":3.0},{"damage":14,"enemies":"3 Sentries","floor":10,"turns":9},{"damage":5,"enemies":"Exordium Thugs","floor":12,"turns":3},{"damage":0,"enemies":"Large Slime","floor":14,"turns":4},{"damage":10,"enemies":"3 Louse","floor":15,"turns":2},{"damage":6,"enemies":"downfall:Ironclad","floor":16,"turns":2}],"seed_played":"6395045071121366107","potions_obtained":[{"floor":2.0,"key":"Fire Potion"},{"floor":5.0,"key":"GamblersBrew"},{"floor":6.0,"key":"PowerPotion"}],"is_trial":false,"path_per_floor":["R","M","M","M","M","M","T","R","M","E","R","M","?","M","M","B"],"character_chosen":"GUARDIAN","items_purchased":[],"campfire_rested":0,"item_purchase_floors":[],"current_hp_per_floor":[65,53,49,45,37,26,26,26,26,19,19,14,14,14,4,0,0,0],"gold":224,"neow_bonus":"REMOVE_CARD","is_daily":false,"chose_seed":false,"campfire_upgraded":3,"win_rate":0.0,"timestamp":1610463532,"path_taken":["R","M","M","M","M","M","T","R","?","E","R","M","?","?","M","BOSS"],"items_purchased_type":[],"build_version":"2020-12-22","purchased_purges":0,"victory":false,"max_hp_per_floor":[72,72,72,72,72,72,72,72,72,79,79,79,79,79,79,79,79,79],"relic_stats":{"counters":[11,50],"Shuriken":[10],"Prayer Wheel":9,"Question Card":204,"obtain_stats":[{"Shuriken":7,"Strawberry":10,"Guardian:ModeShifter":0,"Prayer Wheel":0,"downfall:HeartBlessingGreen":11,"Question Card":0},{"Shuriken":5,"Strawberry":7,"Guardian:ModeShifter":0,"Prayer Wheel":0,"downfall:HeartBlessingGreen":7,"Question Card":0},{"Shuriken":27,"Strawberry":39,"Guardian:ModeShifter":0,"Prayer Wheel":0,"downfall:HeartBlessingGreen":39,"Question Card":0}]},"card_choices":[{"not_picked":["Guardian:Gem_Cyan","Guardian:WalkerClaw","Guardian:Recover","Guardian:TemporalShield","Guardian:RollAttack","Guardian:MultiBeam","Guardian:Reroute","Guardian:VentSteam"],"picked":"Guardian:Gem_Blue","floor":2.0},{"not_picked":["Guardian:Preprogram","Guardian:VentSteam","Guardian:RollAttack","Guardian:Gem_Cyan","Guardian:WalkerClaw","Guardian:Emergency","Guardian:Planning","Guardian:TemporalShield","Guardian:ChargeCore"],"picked":"SKIP","floor":2.0},{"not_picked":["Guardian:DecasProtection","Guardian:PrimingBeam","Guardian:TimeBomb","Guardian:Orbwalk","Guardian:CrystalBeam","Guardian:Planning","Guardian:PiercingHide","Guardian:HyperBeam_Guardian","Guardian:ShieldCharger"],"picked":"SKIP","floor":2.0},{"not_picked":["Guardian:WalkerClaw","Guardian:CrystalBeam","Guardian:Incinerate","Guardian:ChargeCore","Guardian:Emergency","Guardian:PrimingBeam","Guardian:PolyBeam","Guardian:Recover"],"picked":"Guardian:Gem_Fragmented","floor":3.0},{"not_picked":["Guardian:VentSteam","Guardian:SentryBeam","Guardian:DonusPower","Guardian:SpikerProtocol","Guardian:Recover","Guardian:Clone","Guardian:Gem_Green","Guardian:Gem_Red","Guardian:RollAttack"],"picked":"SKIP","floor":3.0},{"not_picked":["Guardian:Gem_Fragmented","Guardian:Gem_Yellow","Guardian:Incinerate","Guardian:Clone","Guardian:SpikerProtocol","Guardian:TemporalStrike","Guardian:Gem_Red","Guardian:RevengeProtocol","Guardian:Gem_Cyan"],"picked":"SKIP","floor":3.0},{"not_picked":["Guardian:PrimingBeam","Guardian:Gem_Crimson","Guardian:PolyBeam","Guardian:RevengeProtocol","Guardian:Planning","Guardian:SentryBeam","Guardian:Reroute","Guardian:PiercingHide"],"picked":"Guardian:PrismaticBeam","floor":4.0},{"not_picked":["Guardian:Gem_Lightblue","Guardian:Gem_Green"],"picked":"Guardian:Gem_Red","floor":4.0},{"not_picked":["Guardian:VentSteam","Guardian:PiercingHide","Guardian:CrystalBeam","Guardian:Reroute","Guardian:Gem_Red","Guardian:ArmoredProtocol","Guardian:RollAttack","Guardian:TimeBomb","Guardian:WalkerClaw"],"picked":"SKIP","floor":4.0},{"not_picked":["Guardian:BronzeOrb","Guardian:Planning","Guardian:PiercingHide","Guardian:TemporalShield","Guardian:Gem_Green","Guardian:PrimingBeam","Guardian:FuturePlans","Guardian:Incinerate","Guardian:SpikerProtocol"],"picked":"SKIP","floor":4.0},{"not_picked":["Guardian:Gem_Lightblue","Guardian:Gem_Green"],"picked":"Guardian:Gem_Red","floor":5.0},{"not_picked":["Guardian:Gem_White","Guardian:WalkerClaw","Guardian:TemporalShield","Guardian:ChargeCore","Guardian:PiercingHide","Guardian:BronzeOrb","Guardian:ShieldSpikes","Guardian:Gem_Cyan"],"picked":"Guardian:Suspension","floor":5.0},{"not_picked":["Guardian:FuturePlans","Guardian:Gem_Blue","Guardian:Planning","Guardian:ChargeCore","Guardian:RevengeProtocol","Guardian:Clone","Guardian:Gem_Red","Guardian:Gem_Green","Guardian:TemporalStrike"],"picked":"SKIP","floor":5.0},{"not_picked":["Guardian:Gem_Cyan","Guardian:Reroute","Guardian:Gem_Red","Guardian:FloatingOrbs","Guardian:DonusPower","Guardian:SentryBeam","Guardian:TemporalStrike","Guardian:ChargeCore","Guardian:CrystalBeam"],"picked":"SKIP","floor":5.0},{"not_picked":["Guardian:Gem_Lightblue","Guardian:Gem_Red"],"picked":"Guardian:Gem_Cyan","floor":6.0},{"not_picked":["Guardian:Reroute","Guardian:Incinerate","Guardian:Planning","Guardian:Gem_Green","Guardian:GuardianWhirl","Guardian:TemporalShield","Guardian:ShieldSpikes","Guardian:Clone"],"picked":"Guardian:Gem_Red","floor":6.0},{"not_picked":["Guardian:ShieldCharger","Guardian:VentSteam","Guardian:FuturePlans","Guardian:CrystalBeam","Guardian:Gem_Yellow","Guardian:ChargeCore","Guardian:AncientConstruct","Guardian:MultiBeam","Guardian:Gem_Cyan"],"picked":"SKIP","floor":6.0},{"not_picked":["Guardian:Gem_Cyan","Guardian:Gem_White","Guardian:VentSteam","Guardian:PrismaticBarrier","Guardian:HyperBeam_Guardian","Guardian:WalkerClaw","Guardian:PrismaticBeam","Guardian:TemporalStrike"],"picked":"Guardian:Gem_Fragmented","floor":9.0},{"not_picked":["Guardian:PrimingBeam","Guardian:Gem_Cyan","Guardian:Gem_Red","Guardian:RefractedBeam","Guardian:Reroute","Guardian:CrystalBeam","Guardian:ChargeCore","Guardian:TemporalShield","Guardian:Recover"],"picked":"SKIP","floor":9.0},{"not_picked":["Guardian:Gem_Red","Guardian:MultiBeam","Guardian:FuturePlans","Guardian:PiercingHide","Guardian:RefractedBeam","Guardian:Gem_Blue","Guardian:TemporalStrike","Guardian:ShieldCharger"],"picked":"Guardian:BronzeOrb","floor":10},{"not_picked":["Guardian:Incinerate","Guardian:Gem_Cyan","Guardian:TemporalStrike","Guardian:TemporalShield","Guardian:SentryBeam","Guardian:EvasiveProtocol","Guardian:StasisEngine","Guardian:ShieldCharger"],"picked":"Guardian:Recover","floor":12},{"not_picked":["Guardian:WalkerClaw","Guardian:Emergency","Guardian:VentSteam","Guardian:Gem_Orange","Guardian:Gem_Red","Guardian:ShieldSpikes","Guardian:GuardianWhirl","Guardian:TemporalStrike","Guardian:Gem_Cyan"],"picked":"SKIP","floor":12},{"not_picked":["Guardian:Gem_Fragmented","Guardian:ChargeCore","Guardian:PolyBeam","Guardian:PiercingHide","Guardian:Harden","Guardian:RefractedBeam","Guardian:Gem_Blue","Guardian:Planning","Guardian:BronzeOrb"],"picked":"SKIP","floor":12},{"not_picked":["Guardian:WalkerClaw","Guardian:Emergency","Guardian:VentSteam","Guardian:Gem_Orange","Guardian:Gem_Red","Guardian:ShieldSpikes","Guardian:GuardianWhirl","Guardian:TemporalStrike","Guardian:Gem_Cyan"],"picked":"SKIP","floor":12},{"not_picked":["Guardian:Gem_Fragmented","Guardian:ChargeCore","Guardian:PolyBeam","Guardian:PiercingHide","Guardian:Harden","Guardian:RefractedBeam","Guardian:Gem_Blue","Guardian:Planning","Guardian:BronzeOrb"],"picked":"SKIP","floor":12},{"not_picked":["Guardian:Incinerate","Guardian:ShieldCharger","Guardian:WalkerClaw","Guardian:BronzeOrb","Guardian:Suspension","Guardian:PrimingBeam","Guardian:Reroute","Guardian:Gem_Cyan"],"picked":"Guardian:PolyBeam","floor":14},{"not_picked":["Guardian:Gem_Yellow","Guardian:PrimingBeam","Guardian:Gem_Green","Guardian:Gem_Crimson","Guardian:FuturePlans","Guardian:Gem_Red","Guardian:PiercingHide","Guardian:RollAttack","Guardian:Reroute"],"picked":"SKIP","floor":14},{"not_picked":["Guardian:Gem_Blue","Guardian:Clone","Guardian:RollAttack","Guardian:FloatingOrbs","Guardian:FierceBash","Guardian:PiercingHide","Guardian:PrimingBeam","Guardian:ChargeCore","Guardian:Gem_Green"],"picked":"SKIP","floor":14},{"not_picked":["Guardian:PolyBeam","Guardian:PrimingBeam","Guardian:Recover","Guardian:Orbwalk","Guardian:TemporalShield","Guardian:ChargeCore","Guardian:Reroute","Guardian:FuturePlans"],"picked":"Guardian:ShieldCharger","floor":15},{"not_picked":["Guardian:ShieldCharger","Guardian:Suspension","Guardian:Clone","Guardian:Incinerate","Guardian:EvasiveProtocol","Guardian:ChargeCore","Guardian:Gem_Crimson","Guardian:TemporalShield","Guardian:WalkerClaw"],"picked":"SKIP","floor":15},{"not_picked":["Guardian:VentSteam","Guardian:Gem_Cyan","Guardian:GemFinder","Guardian:ShieldSpikes","Guardian:Gem_Yellow","Guardian:MultiBeam","Guardian:Gem_Purple","Guardian:Incinerate","Guardian:EvasiveProtocol"],"picked":"SKIP","floor":15}],"player_experience":3131159,"relics_obtained":[{"floor":7.0,"key":"Shuriken"},{"floor":10,"key":"Strawberry"}],"event_choices":[],"is_beta":false,"boss_relics":[],"items_purged_floors":[],"is_endless":false,"potions_floor_spawned":[2,5,6],"killed_by":"downfall:Ironclad","ascension_level":20}}