{"host":"qj91dvco5uhu9oti","time":1610423526,"event":{"mods":["BaseMod","Colored Map","Downfall","Keyboard Shortcuts","Minty Spire (QoL Compilation)","Permanent Neow","Relic Stats","StSLib","SuperFastMode","everything is the same but u backflip on backflip"],"gold_per_floor":[99,115,115,115,128,128,173,191,191,209,209,242,242,43,56,56,56,56],"floor_reached":16,"playtime":549,"items_purged":["Slimebound:Strike_Slimebound"],"score":100,"play_id":"f89c3fe5-c3b2-41d1-b84e-0a6ad0890932","local_time":"20210112125206","is_ascension_mode":false,"campfire_choices":[{"data":"Slimebound:Split","floor":1.0,"key":"SMITH"},{"data":"Slimebound:ComboTackle","floor":9,"key":"SMITH"},{"data":"Slimebound:ComboTackle","floor":11,"key":"SMITH"},{"data":"Slimebound:FinishingTackle","floor":13,"key":"SMITH"}],"circlet_count":0,"master_deck":["Slimebound:Strike_Slimebound","Slimebound:Tackle","Slimebound:Defend_Slimebound","Slimebound:Defend_Slimebound","Slimebound:Defend_Slimebound+1","Slimebound:Split+1","Slimebound:CorrosiveSpit+1","Slimebound:FinishingTackle+1","Slimebound:ComboTackle+1","Slimebound:ComboTackle+1","Slimebound:SplitMire","Slimebound:MegaLick","Slimebound:Gluttony","Slimebound:LivingWall","Slimebound:Chomp"],"relics":["Slimebound:AbsorbEndCombat","War Paint","Art of War","Prayer Wheel"],"acts_visited":["Exordium"],"potions_floor_usage":[],"damage_taken":[{"damage":12.0,"enemies":"Jaw Worm","floor":2.0,"turns":3.0},{"damage":3.0,"enemies":"2 Louse","floor":5.0,"turns":2.0},{"damage":8,"enemies":"Cultist","floor":8,"turns":3},{"damage":11,"enemies":"3 Louse","floor":10,"turns":3},{"damage":42,"enemies":"Gremlin Nob","floor":12,"turns":4},{"damage":11,"enemies":"downfall:FleeingMerchant","floor":14,"turns":4},{"damage":22,"enemies":"Large Slime","floor":15,"turns":5},{"damage":53,"enemies":"downfall:Defect","floor":16,"turns":5}],"seed_played":"93003353486053909","potions_obtained":[{"floor":10,"key":"LiquidBronze"},{"floor":15,"key":"Dexterity Potion"}],"is_trial":false,"path_per_floor":["R","M","?","?","M","?","T","M","R","M","R","E","R","$","M","B"],"character_chosen":"SLIMEBOUND","items_purchased":["Slimebound:MegaLick","Slimebound:Gluttony"],"campfire_rested":0,"item_purchase_floors":[14,14],"current_hp_per_floor":[60,60,60,53,52,52,52,58,58,60,60,32,32,37,37,0,0,0],"gold":56,"neow_bonus":"THREE_CARDS","is_daily":false,"chose_seed":false,"campfire_upgraded":4,"win_rate":0.0,"timestamp":1610423526,"path_taken":["R","M","?","?","M","?","T","M","R","M","R","E","R","$","M","BOSS"],"items_purchased_type":["Card","Card"],"build_version":"2020-12-22","purchased_purges":1,"victory":false,"max_hp_per_floor":[60,60,60,60,60,60,60,60,60,60,60,60,60,60,60,60,60,60],"relic_stats":{"counters":[8,28],"Prayer Wheel":1,"Art of War":[2],"War Paint":["Slimebound:CorrosiveSpit","Slimebound:Defend_Slimebound"],"obtain_stats":[{"Prayer Wheel":12,"Slimebound:AbsorbEndCombat":0,"Art of War":7,"War Paint":4},{"Prayer Wheel":5,"Slimebound:AbsorbEndCombat":0,"Art of War":2,"War Paint":1},{"Prayer Wheel":15,"Slimebound:AbsorbEndCombat":0,"Art of War":5,"War Paint":3}]},"card_choices":[{"not_picked":["Slimebound:GrowthPunch","Slimebound:Schlurp"],"picked":"Slimebound:FinishingTackle","floor":0.0},{"not_picked":["Slimebound:SplitLeeching","Slimebound:ViciousTackle"],"picked":"Slimebound:ComboTackle","floor":2.0},{"not_picked":["Slimebound:Schlurp","Slimebound:LeechingTouch","Slimebound:GrowthPunch"],"picked":"SKIP","floor":5.0},{"not_picked":["Slimebound:GrowthPunch","Slimebound:SplitBruiser"],"picked":"Slimebound:ComboTackle","floor":8},{"not_picked":["Slimebound:SplitLeeching","Slimebound:Repurpose","Slimebound:Nibble"],"picked":"SKIP","floor":10},{"not_picked":["Slimebound:SlimeSpikes","Slimebound:WasteNot","Slimebound:SplitBruiser"],"picked":"SKIP","floor":12},{"not_picked":["Slimebound:SlimeSpikes","Slimebound:SlimeTap"],"picked":"Slimebound:SplitMire","floor":14},{"not_picked":["Slimebound:ProtectTheBoss","Slimebound:GrowthPunch"],"picked":"Slimebound:LivingWall","floor":15},{"not_picked":["Slimebound:Schlurp","Slimebound:SlimeBrawl"],"picked":"Slimebound:Chomp","floor":15}],"player_experience":359041,"relics_obtained":[{"floor":7,"key":"Art of War"},{"floor":12,"key":"Prayer Wheel"}],"event_choices":[{"cards_removed":["Slimebound:Defend_Slimebound"],"damage_healed":0.0,"max_hp_gain":0.0,"max_hp_loss":0.0,"gold_gain":0.0,"event_name":"The Cleric","player_choice":"Card Removal","floor":3.0,"gold_loss":0.0,"damage_taken":0.0},{"damage_healed":0.0,"max_hp_gain":0.0,"max_hp_loss":0.0,"gold_gain":0.0,"event_name":"Scrap Ooze","player_choice":"Success","floor":4.0,"gold_loss":0.0,"damage_taken":7.0,"relics_obtained":["War Paint"]},{"cards_removed":["Slimebound:Strike_Slimebound"],"damage_healed":0,"gold_gain":0,"player_choice":"Forget","damage_taken":0,"max_hp_gain":0,"max_hp_loss":0,"event_name":"Living Wall","floor":6,"gold_loss":0}],"is_beta":false,"boss_relics":[],"items_purged_floors":[14],"is_endless":false,"potions_floor_spawned":[10,15],"killed_by":"downfall:Defect","ascension_level":0}}