{"host":"sxnl403xm2xmiyj1","time":1610454268,"event":{"mods":["AchievementEnabler","BaseMod","Colored Map","Keyboard Shortcuts","Minty Spire (QoL Compilation)","Quick Restart","StSLib","SuperFastMode"],"gold_per_floor":[216,228,15,32,32,58,58,92,92,46,46,65,65,99,99,99,99],"floor_reached":16,"playtime":326,"items_purged":[],"score":195,"play_id":"98ff2a93-0e41-43bf-9b11-12114e410307","local_time":"20210112212428","is_ascension_mode":true,"campfire_choices":[{"data":"Bouncing Flask","floor":7.0,"key":"SMITH"},{"floor":13.0,"key":"REST"},{"data":"Bane","floor":15.0,"key":"SMITH"}],"circlet_count":0,"master_deck":["AscendersBane","Strike_G","Strike_G","Strike_G","Strike_G","Strike_G","Defend_G","Defend_G","Defend_G","Defend_G","Defend_G","Survivor","Neutralize","Acrobatics","Bouncing Flask+1","Bane+1","PiercingWail","Crippling Poison","Backflip","PiercingWail+1","PiercingWail+1","Calculated Gamble+1"],"relics":["Ring of the Snake","TwistedFunnel","Blood Vial","Calipers","Toxic Egg 2","Juzu Bracelet"],"acts_visited":["Exordium"],"potions_floor_usage":[16,16],"damage_taken":[{"damage":4.0,"enemies":"Jaw Worm","floor":1.0,"turns":4.0},{"damage":5.0,"enemies":"Small Slimes","floor":2.0,"turns":3.0},{"damage":1.0,"enemies":"Cultist","floor":4.0,"turns":3.0},{"damage":16.0,"enemies":"Lagavulin","floor":6.0,"turns":5.0},{"damage":9.0,"enemies":"3 Sentries","floor":8.0,"turns":8.0},{"damage":9.0,"enemies":"Large Slime","floor":12.0,"turns":6.0},{"damage":15.0,"enemies":"Lagavulin","floor":14.0,"turns":5.0},{"damage":18,"enemies":"Slime Boss","floor":16,"turns":11}],"seed_played":"1980116945389277206","potions_obtained":[{"floor":4.0,"key":"SneckoOil"},{"floor":6.0,"key":"CultistPotion"},{"floor":12.0,"key":"Swift Potion"},{"floor":14.0,"key":"Block Potion"}],"is_trial":false,"path_per_floor":["M","M","$","M","?","E","R","E","T","$","?","M","R","E","R","B"],"character_chosen":"THE_SILENT","items_purchased":["TwistedFunnel","Bane","PiercingWail","PiercingWail+1"],"campfire_rested":1,"item_purchase_floors":[3,3,3,10],"current_hp_per_floor":[59,54,54,53,53,37,37,30,30,30,30,23,44,31,31,15,15],"gold":99,"neow_bonus":"HUNDRED_GOLD","is_daily":false,"chose_seed":false,"campfire_upgraded":2,"win_rate":0.0,"timestamp":1610454268,"path_taken":["M","M","$","M","?","E","R","E","T","$","?","M","R","E","R","BOSS"],"items_purchased_type":["Relic","Card","Card","Card"],"build_version":"2020-12-22","purchased_purges":0,"victory":false,"max_hp_per_floor":[70,70,70,70,70,70,70,70,70,70,70,70,70,70,70,70,70],"card_choices":[{"not_picked":["Calculated Gamble","Dodge and Roll"],"picked":"Acrobatics","floor":1.0},{"not_picked":["Prepared","Dash"],"picked":"Bouncing Flask","floor":2.0},{"not_picked":["Dagger Spray","Accuracy","Slice"],"picked":"SKIP","floor":4.0},{"not_picked":["Deadly Poison","Choke"],"picked":"Crippling Poison","floor":6.0},{"not_picked":["Unload","Dagger Throw"],"picked":"Backflip","floor":8.0},{"not_picked":["Underhanded Strike","Backflip+1"],"picked":"PiercingWail+1","floor":12.0},{"not_picked":["Quick Slash","Endless Agony"],"picked":"Calculated Gamble+1","floor":14.0}],"player_experience":162562,"relics_obtained":[{"floor":6.0,"key":"Blood Vial"},{"floor":8.0,"key":"Calipers"},{"floor":9.0,"key":"Toxic Egg 2"},{"floor":14.0,"key":"Juzu Bracelet"}],"event_choices":[{"damage_healed":0.0,"max_hp_gain":0.0,"max_hp_loss":0.0,"gold_gain":0.0,"event_name":"Liars Game","player_choice":"Ignored","floor":5.0,"gold_loss":0.0,"damage_taken":0.0},{"damage_healed":0.0,"max_hp_gain":0.0,"max_hp_loss":0.0,"gold_gain":0.0,"event_name":"Scrap Ooze","player_choice":"Fled","floor":11.0,"gold_loss":0.0,"damage_taken":0.0}],"is_beta":false,"boss_relics":[],"items_purged_floors":[],"is_endless":false,"potions_floor_spawned":[4,6,12,14],"killed_by":"Slime Boss","ascension_level":13}}