{"host":"op7lvjy5lsqtpdgx","time":1610409887,"event":{"mods":["BaseMod","Minty Spire (QoL Compilation)","StSLib"],"gold_per_floor":[119,44,44,62,62,95,95,112,112,112,12,26,43,56,56,56,56],"floor_reached":16,"playtime":606,"items_purged":["Defend_G","Defend_G"],"score":159,"play_id":"4aa0d5b9-4fab-4599-9e70-d6051783f207","local_time":"20210112130447","is_ascension_mode":true,"campfire_choices":[{"data":"Blur","floor":7,"key":"SMITH"},{"data":"Quick Slash","floor":15,"key":"SMITH"}],"circlet_count":0,"master_deck":["Strike_G","Strike_G","Strike_G","Strike_G","Defend_G","Defend_G","Defend_G","Survivor","Neutralize","Blur+1","Blur+1","Slice","Quick Slash+1","Masterful Stab"],"relics":["Ring of the Snake","NeowsBlessing","Question Card"],"acts_visited":["Exordium"],"potions_floor_usage":[16,16,16],"damage_taken":[{"damage":0,"enemies":"Cultist","floor":1,"turns":1},{"damage":0,"enemies":"2 Louse","floor":4,"turns":1},{"damage":0,"enemies":"Gremlin Nob","floor":6,"turns":1},{"damage":0,"enemies":"Small Slimes","floor":8,"turns":4},{"damage":0,"enemies":"Exordium Wildlife","floor":12,"turns":4},{"damage":3,"enemies":"Large Slime","floor":13,"turns":9},{"damage":20,"enemies":"Exordium Thugs","floor":14,"turns":7},{"damage":53,"enemies":"Slime Boss","floor":16,"turns":11}],"seed_played":"6177137744351770290","potions_obtained":[{"floor":4,"key":"GamblersBrew"},{"floor":13,"key":"SteroidPotion"},{"floor":14,"key":"BlessingOfTheForge"}],"is_trial":false,"path_per_floor":["M","$","?","M","$","E","R","M","T","?","$","M","M","M","R","B"],"character_chosen":"THE_SILENT","items_purchased":[],"campfire_rested":0,"item_purchase_floors":[],"current_hp_per_floor":[70,70,70,70,70,70,70,70,70,70,70,70,67,47,47,0,0],"gold":56,"neow_bonus":"THREE_ENEMY_KILL","is_daily":false,"chose_seed":false,"campfire_upgraded":2,"win_rate":0.0,"timestamp":1610409887,"path_taken":["M","?","?","?","$","E","R","M","T","?","?","M","M","M","R","BOSS"],"items_purchased_type":[],"build_version":"2020-12-22","purchased_purges":2,"victory":false,"max_hp_per_floor":[70,70,70,70,70,70,70,70,70,70,70,70,70,70,70,70,70],"card_choices":[{"not_picked":["Backflip","Dagger Throw"],"picked":"Blur","floor":1},{"not_picked":["Catalyst","Concentrate","Underhanded Strike"],"picked":"SKIP","floor":4},{"not_picked":["Predator","Riddle With Holes","Outmaneuver"],"picked":"SKIP","floor":6},{"not_picked":["Deflect","Underhanded Strike","Outmaneuver"],"picked":"Blur","floor":8},{"not_picked":["Skewer","Outmaneuver","Backflip"],"picked":"Slice","floor":12},{"not_picked":["Cloak And Dagger","Deflect","Backflip"],"picked":"Quick Slash","floor":13},{"not_picked":["Bane","Deadly Poison","Flying Knee"],"picked":"Masterful Stab","floor":14}],"player_experience":165811,"relics_obtained":[{"floor":6,"key":"Question Card"}],"event_choices":[{"cards_removed":["Strike_G"],"damage_healed":0,"gold_gain":0,"player_choice":"Offered Basic","damage_taken":0,"max_hp_gain":0,"max_hp_loss":0,"event_name":"Bonfire Elementals","floor":3,"gold_loss":0},{"damage_healed":0,"gold_gain":0,"player_choice":"Grow","damage_taken":0,"max_hp_gain":0,"max_hp_loss":0,"event_name":"Living Wall","floor":10,"gold_loss":0,"cards_upgraded":["Blur"]}],"is_beta":false,"boss_relics":[],"items_purged_floors":[2,11],"is_endless":false,"potions_floor_spawned":[4,13,14],"killed_by":"Slime Boss","ascension_level":5}}