{"host":"091y6d77ht7dl3wb","time":1610432003,"event":{"mods":["AchievementEnabler","BaseMod","Colored Map","Hermit","Marisa£¨Ùöéë¡¡Øª×âÞÞ£©","Minty Spire (QoL Compilation)","Rare Cards Sparkle","StSLib"],"gold_per_floor":[119,119,46,46,65,65,84,84,137,137,181,181,204,227,227,358,358,379,379,379,397,416,416,26,26,50,83,83,97,20,58,58,186,186,206,206,262,14,0,0,18,42,69,69,69,82,98,161,161,161,161],"floor_reached":50,"playtime":2056,"items_purged":[],"score":628,"play_id":"4f1ba9f7-9ac4-4c0e-922a-324ac85dd3f4","local_time":"20210112151323","is_ascension_mode":false,"campfire_choices":[{"floor":10.0,"key":"REST"},{"data":"hermit:Vantage","floor":12.0,"key":"SMITH"},{"floor":15.0,"key":"REST"},{"floor":23.0,"key":"REST"},{"floor":25.0,"key":"REST"},{"floor":28.0,"key":"REST"},{"floor":32.0,"key":"REST"},{"floor":40.0,"key":"REST"},{"floor":44,"key":"REST"},{"floor":49,"key":"REST"}],"circlet_count":0,"master_deck":["hermit:Strike_Hermit+1","hermit:Strike_Hermit+1","hermit:Strike_Hermit+1","hermit:Strike_Hermit+1","hermit:Defend_Hermit+1","hermit:Defend_Hermit+1","hermit:Defend_Hermit+1","hermit:Defend_Hermit+1","hermit:Snapshot","hermit:Covet","Injury","hermit:Deadeye","hermit:Brawl","hermit:Ricochet","Injury","hermit:Feint","hermit:Vantage+1","hermit:Ricochet","hermit:GhostlyPresence","hermit:GoldenBullet+1","hermit:CursedWeapon+1","hermit:HighCaliber","hermit:Dive","Pain","hermit:CalledShot+1","hermit:Misfire","hermit:Gestalt","hermit:FinalCanter","hermit:GoldenBullet+1","hermit:CalledShot+1","hermit:Malice","Parasite","hermit:SprayPray+1","Clumsy","hermit:Enervate+1","hermit:Snipe+1","hermit:Deadeye+1"],"relics":["hermit:Momento","Golden Idol","PreservedInsect","Vajra","Ancient Tea Set","Cursed Key","hermit:Horseshoe","Strawberry","MealTicket","Juzu Bracelet","Ornamental Fan","Velvet Choker","TungstenRod","Darkstone Periapt","Red Mask","Blood Vial","Calipers"],"acts_visited":["Exordium","TheCity","TheBeyond"],"potions_floor_usage":[50,50,50],"damage_taken":[{"damage":7.0,"enemies":"2 Louse","floor":1.0,"turns":3.0},{"damage":6.0,"enemies":"Jaw Worm","floor":5.0,"turns":5.0},{"damage":0.0,"enemies":"Cultist","floor":7.0,"turns":3.0},{"damage":9.0,"enemies":"3 Sentries","floor":11.0,"turns":4.0},{"damage":0.0,"enemies":"Looter","floor":13.0,"turns":3.0},{"damage":0.0,"enemies":"3 Louse","floor":14.0,"turns":2.0},{"damage":43.0,"enemies":"Slime Boss","floor":16.0,"turns":10.0},{"damage":34.0,"enemies":"3 Byrds","floor":18.0,"turns":5.0},{"damage":16.0,"enemies":"2 Thieves","floor":21.0,"turns":4.0},{"damage":10.0,"enemies":"Centurion and Healer","floor":22.0,"turns":8.0},{"damage":18.0,"enemies":"Gremlin Leader","floor":27.0,"turns":8.0},{"damage":10.0,"enemies":"Snake Plant","floor":29.0,"turns":4.0},{"damage":32.0,"enemies":"Slavers","floor":31.0,"turns":5.0},{"damage":30.0,"enemies":"Champ","floor":33.0,"turns":12.0},{"damage":7.0,"enemies":"3 Darklings","floor":35.0,"turns":8.0},{"damage":56.0,"enemies":"2 Orb Walkers","floor":37.0,"turns":7.0},{"damage":6.0,"enemies":"3 Shapes","floor":41.0,"turns":4.0},{"damage":17.0,"enemies":"Writhing Mass","floor":42.0,"turns":8.0},{"damage":11,"enemies":"4 Shapes","floor":46,"turns":3},{"damage":19,"enemies":"Spire Growth","floor":47,"turns":5},{"damage":17,"enemies":"Mind Bloom Boss Battle","floor":48,"turns":6},{"damage":67,"enemies":"Donu and Deca","floor":50,"turns":5}],"seed_played":"-1537297082752113830","potions_obtained":[{"floor":1.0,"key":"Explosive Potion"},{"floor":5.0,"key":"Explosive Potion"},{"floor":14.0,"key":"PowerPotion"},{"floor":16.0,"key":"LiquidBronze"},{"floor":18.0,"key":"PowerPotion"},{"floor":27.0,"key":"Energy Potion"},{"floor":29.0,"key":"SkillPotion"},{"floor":31.0,"key":"SteroidPotion"},{"floor":35.0,"key":"BlessingOfTheForge"},{"floor":41.0,"key":"Swift Potion"},{"floor":47,"key":"Weak Potion"}],"is_trial":false,"path_per_floor":["M","?","$","?","M","?","M","?","T","R","E","R","M","M","R","B",null,"M","?","?","M","M","R","$","R","T","E","R","M","$","E","R","B",null,"M","?","?","$","?","R","M","M","T","R","?","M","M","?","R","B"],"character_chosen":"HERMIT","items_purchased":["hermit:BodyArmor","hermit:Ricochet","hermit:Horseshoe","Strawberry","hermit:BlackBile","Darkstone Periapt"],"campfire_rested":9,"item_purchase_floors":[3,3,24,24,30,38],"current_hp_per_floor":[68,68,68,68,62,67,67,42,42,64,55,55,55,55,75,32,75,41,41,41,25,15,37,44,68,68,50,74,64,79,47,71,41,82,75,75,19,34,34,58,52,41,47,75,75,66,49,34,62,0,0],"gold":161,"neow_bonus":"THREE_RARE_CARDS","is_daily":false,"chose_seed":false,"campfire_upgraded":1,"win_rate":0.0,"timestamp":1610432003,"path_taken":["M","?","$","?","M","?","?","?","T","R","E","R","M","M","R","BOSS","M","?","?","M","?","R","$","R","T","E","R","M","?","E","R","BOSS","M","?","?","$","?","R","M","M","T","R","?","M","M","?","R","BOSS"],"items_purchased_type":["Card","Card","Relic","Relic","Potion","Relic"],"build_version":"2020-12-22","purchased_purges":0,"victory":false,"max_hp_per_floor":[75,75,75,75,75,75,75,75,75,75,75,75,75,75,75,75,75,75,75,75,75,75,75,82,82,82,82,82,82,82,82,82,82,82,82,82,82,82,82,82,82,88,94,94,94,94,94,94,94,94,94],"card_choices":[{"not_picked":["hermit:Purgatory","hermit:OverwhelmingPower"],"picked":"hermit:HighNoon","floor":0.0},{"not_picked":["hermit:Coalescence","hermit:Spite"],"picked":"hermit:Deadeye","floor":1.0},{"not_picked":["hermit:Virtue","hermit:Manifest"],"picked":"hermit:Feint","floor":5.0},{"not_picked":["hermit:Manifest","hermit:DeadMansHand"],"picked":"hermit:Vantage","floor":7.0},{"not_picked":["hermit:TakeCover","hermit:CalledShot"],"picked":"hermit:Ricochet","floor":11.0},{"not_picked":["hermit:Brawl","hermit:Showdown"],"picked":"hermit:GhostlyPresence","floor":13.0},{"not_picked":["hermit:SprayPray","hermit:Horror"],"picked":"hermit:GoldenBullet","floor":14.0},{"not_picked":["hermit:DeadOrAlive","hermit:Reprieve"],"picked":"hermit:FatalDesire","floor":16.0},{"not_picked":["hermit:Manifest+1","hermit:Desperado"],"picked":"hermit:CursedWeapon+1","floor":18.0},{"not_picked":["hermit:TakeAim","hermit:Ricochet"],"picked":"hermit:HighCaliber","floor":21.0},{"not_picked":["hermit:Spite","hermit:Vantage"],"picked":"hermit:Dive","floor":22.0},{"not_picked":["hermit:DeadMansHand","hermit:EyeOfTheStorm"],"picked":"hermit:CalledShot+1","floor":27.0},{"not_picked":["hermit:Purgatory","hermit:BodyArmor"],"picked":"hermit:Misfire","floor":29.0},{"not_picked":["hermit:BlackWind","hermit:Grudge"],"picked":"hermit:Gestalt","floor":31.0},{"not_picked":["hermit:Gambit","hermit:OverwhelmingPower"],"picked":"hermit:FinalCanter","floor":33.0},{"not_picked":["hermit:Maintenance","hermit:LowProfile"],"picked":"hermit:GoldenBullet+1","floor":35.0},{"not_picked":["hermit:Roulette+1","hermit:ItchyTrigger"],"picked":"hermit:CalledShot+1","floor":37.0},{"not_picked":["hermit:HoleUp","hermit:LowProfile"],"picked":"hermit:Malice","floor":41.0},{"not_picked":["hermit:Misfire","hermit:CursedWeapon"],"picked":"hermit:SprayPray+1","floor":42.0},{"not_picked":["hermit:Dive","hermit:Glare"],"picked":"hermit:Enervate+1","floor":46},{"not_picked":["hermit:Cheat","hermit:WideOpen"],"picked":"hermit:Snipe+1","floor":47},{"not_picked":["hermit:SprayPray","hermit:Vantage+1"],"picked":"hermit:Deadeye+1","floor":48}],"player_experience":221229,"relics_obtained":[{"floor":9.0,"key":"Vajra"},{"floor":11.0,"key":"Ancient Tea Set"},{"floor":26.0,"key":"MealTicket"},{"floor":27.0,"key":"Juzu Bracelet"},{"floor":31.0,"key":"Ornamental Fan"},{"floor":37.0,"key":"TungstenRod"},{"floor":43.0,"key":"Blood Vial"},{"floor":48,"key":"Calipers"}],"event_choices":[{"damage_healed":0.0,"max_hp_gain":0.0,"max_hp_loss":0.0,"gold_gain":0.0,"cards_transformed":["hermit:HighNoon"],"event_name":"Living Wall","player_choice":"Change","floor":2.0,"gold_loss":0.0,"damage_taken":0.0,"cards_obtained":["hermit:Brawl"]},{"damage_healed":0.0,"max_hp_gain":0.0,"max_hp_loss":0.0,"gold_gain":0.0,"event_name":"Golden Idol","player_choice":"Take Wound","floor":4.0,"gold_loss":0.0,"damage_taken":0.0,"relics_obtained":["Golden Idol"],"cards_obtained":["Injury"]},{"cards_removed":["hermit:BodyArmor"],"damage_healed":5.0,"max_hp_gain":0.0,"max_hp_loss":0.0,"gold_gain":0.0,"event_name":"Bonfire Elementals","player_choice":"Offered Common","floor":6.0,"gold_loss":0.0,"damage_taken":0.0},{"cards_removed":["hermit:BodyArmor"],"damage_healed":5.0,"max_hp_gain":0.0,"max_hp_loss":0.0,"gold_gain":0.0,"event_name":"Bonfire Elementals","player_choice":"Offered Special","floor":6.0,"gold_loss":0.0,"damage_taken":0.0},{"damage_healed":0.0,"max_hp_gain":0.0,"max_hp_loss":0.0,"gold_gain":0.0,"event_name":"Scrap Ooze","player_choice":"Success","floor":8.0,"gold_loss":0.0,"damage_taken":25.0,"relics_obtained":["PreservedInsect"]},{"damage_healed":0.0,"max_hp_gain":0.0,"max_hp_loss":0.0,"gold_gain":0.0,"event_name":"Back to Basics","player_choice":"Simplicity","floor":19.0,"gold_loss":0.0,"damage_taken":0.0,"cards_upgraded":["hermit:Strike_Hermit","hermit:Strike_Hermit","hermit:Strike_Hermit","hermit:Strike_Hermit","hermit:Defend_Hermit","hermit:Defend_Hermit","hermit:Defend_Hermit","hermit:Defend_Hermit"]},{"damage_healed":0.0,"max_hp_gain":0.0,"max_hp_loss":0.0,"gold_gain":0.0,"event_name":"Upgrade Shrine","player_choice":"Upgraded","floor":20.0,"gold_loss":0.0,"damage_taken":0.0,"cards_upgraded":["hermit:GoldenBullet"]},{"cards_removed":["hermit:FatalDesire"],"damage_healed":0.0,"max_hp_gain":0.0,"max_hp_loss":0.0,"gold_gain":0.0,"event_name":"Falling","player_choice":"Removed Power","floor":36.0,"gold_loss":0.0,"damage_taken":0.0},{"damage_healed":0.0,"max_hp_gain":0.0,"max_hp_loss":0.0,"gold_gain":0.0,"event_name":"Mysterious Sphere","player_choice":"Fight","floor":37.0,"gold_loss":0.0,"damage_taken":0.0},{"damage_healed":0.0,"max_hp_gain":0.0,"max_hp_loss":0.0,"gold_gain":0.0,"event_name":"Tomb of Lord Red Mask","player_choice":"Paid","floor":39.0,"gold_loss":14.0,"damage_taken":0.0,"relics_obtained":["Red Mask"]},{"damage_healed":0,"gold_gain":0,"player_choice":"Bought 0 Potions","damage_taken":0,"max_hp_gain":0,"max_hp_loss":0,"event_name":"The Woman in Blue","floor":45,"gold_loss":0},{"damage_healed":0,"gold_gain":0,"player_choice":"Fight","damage_taken":0,"max_hp_gain":0,"max_hp_loss":0,"event_name":"MindBloom","floor":48,"gold_loss":0}],"is_beta":false,"boss_relics":[{"not_picked":["Black Star","Calling Bell"],"picked":"Cursed Key"},{"not_picked":["Philosopher\u0027s Stone","Coffee Dripper"],"picked":"Velvet Choker"}],"items_purged_floors":[],"is_endless":false,"potions_floor_spawned":[1,5,14,16,18,27,29,31,35,41,47,48],"killed_by":"Donu and Deca","ascension_level":0}}