{"host":"15f3wpiimhe5yrng","time":1610474747,"event":{"mods":["100% Spire Juice","2.2 Compatiblity","BaseMod","Bestiary","Better Altar","Better Match","Better Note","Better Sensory Stone","Better Skull","Better Third Choice","Colored Map","Colored Powertips","Downfall","Duelist Mod","Good Game Mod","Ironclad Rager","Marisa????????","Minty Spire (QoL Compilation)","Permanent Neow","Relic Filter","SacredBarkPlus","Spicy Shops","StSLib","The Animator","The Cursed","The Forsaken","The Marked","TheSwordswoman"],"gold_per_floor":[140,140,157,173,173,173,185,185,185,30,45,45,80,98,98,199,199,211,229,304,321,321,341,341,341,365,397,397,429,446,459,459,557,557,569,102,102,121,138,138,169,94,119,135,147,147,173,22,22,22,22,22,22,49,49],"floor_reached":56,"playtime":4702,"items_purged":["theDuelist:Sparks","Decay"],"score":1524,"play_id":"4ce11e87-6769-4c62-a2e1-07a4b21611b6","local_time":"20210112190547","is_ascension_mode":false,"campfire_choices":[{"data":"theDuelist:ScrapFactory","floor":6,"key":"SMITH"},{"data":"theDuelist:PotAvarice","floor":8,"key":"SMITH"},{"data":"theDuelist:FinalFlame","floor":15,"key":"SMITH"},{"data":"theDuelist:MillenniumGolem","floor":24,"key":"SMITH"},{"data":"theDuelist:CircleFireKings","floor":28,"key":"SMITH"},{"data":"theDuelist:KamionTimelord","floor":32,"key":"SMITH"},{"data":"theDuelist:Raigeki","floor":40,"key":"SMITH"},{"floor":46,"key":"RECALL"},{"data":"theDuelist:GridRod","floor":49,"key":"SMITH"},{"data":"theDuelist:Nameless:Magic:GracefulCharity","floor":52,"key":"SMITH"}],"circlet_count":0,"master_deck":["theDuelist:BeaverWarrior","theDuelist:BeaverWarrior","theDuelist:FinalFlame+1","theDuelist:GiantSoldier","theDuelist:GiantSoldier","theDuelist:ScrapFactory+1","theDuelist:Nameless:Magic:GracefulCharity+1","theDuelist:PotAvarice+1","theDuelist:MeteorDestruction","theDuelist:PowerGiant+1","theDuelist:EvilswarmHeliotrope+1","theDuelist:Tuningware","theDuelist:Eva","theDuelist:Eva","theDuelist:Tuningware","theDuelist:KamionTimelord+1","theDuelist:RainbowNeos","theDuelist:KamionTimelord","theDuelist:CircleFireKings+1","theDuelist:Tuningware+1","theDuelist:MillenniumGolem+1","theDuelist:Raigeki+1","theDuelist:HappyLover","theDuelist:Raigeki+1","theDuelist:EvilswarmHeliotrope+1","theDuelist:Eva+1","theDuelist:RainbowKuriboh+1","theDuelist:RainbowKuriboh+1","theDuelist:GridRod+1","theDuelist:AmuletAmbition+5"],"relics":["theDuelist:MillenniumPuzzle","theDuelist:CardPoolRelic","theDuelist:CardPoolBasicRelic","theDuelist:BoosterPackPoolRelic","theDuelist:CardPoolAddRelic","theDuelist:CardPoolMinusRelic","theDuelist:CardPoolSaveRelic","theDuelist:CardPoolOptionsRelic","REME:ComplimentaryCards","Bag of Preparation","theDuelist:ZoneToken","theDuelist:MerchantNecklace","HoveringKite","Lantern","Kunai","Happy Flower","Coffee Dripper","theDuelist:BoosterExtraAllRaresRelic","Whetstone","Bag of Marbles","Shuriken"],"acts_visited":["Exordium","TheCity","TheBeyond","TheEnding"],"potions_floor_usage":[],"damage_taken":[{"damage":0,"enemies":"2 Louse","floor":1,"turns":4},{"damage":0,"enemies":"Jaw Worm","floor":3,"turns":2},{"damage":0,"enemies":"Small Slimes","floor":4,"turns":2},{"damage":0,"enemies":"Exordium Thugs","floor":7,"turns":4},{"damage":0,"enemies":"3 Louse","floor":11,"turns":2},{"damage":0,"enemies":"3 Sentries","floor":13,"turns":7},{"damage":0,"enemies":"Blue Slaver","floor":14,"turns":4},{"damage":3,"enemies":"The Guardian","floor":16,"turns":8},{"damage":0,"enemies":"Shell Parasite","floor":18,"turns":3},{"damage":0,"enemies":"3 Byrds","floor":19,"turns":2},{"damage":0,"enemies":"Sentry and Sphere","floor":21,"turns":4},{"damage":0,"enemies":"Centurion and Healer","floor":23,"turns":4},{"damage":0,"enemies":"Book of Stabbing","floor":27,"turns":3},{"damage":0,"enemies":"Slavers","floor":29,"turns":5},{"damage":0,"enemies":"Snecko","floor":30,"turns":5},{"damage":0,"enemies":"Cultist and Chosen","floor":31,"turns":5},{"damage":0,"enemies":"Champ","floor":33,"turns":7},{"damage":0,"enemies":"Orb Walker","floor":35,"turns":3},{"damage":0,"enemies":"3 Shapes","floor":38,"turns":5},{"damage":0,"enemies":"Transient","floor":39,"turns":5},{"damage":1,"enemies":"Nemesis","floor":41,"turns":4},{"damage":0,"enemies":"3 Darklings","floor":44,"turns":4},{"damage":0,"enemies":"Sphere and 2 Shapes","floor":45,"turns":2},{"damage":0,"enemies":"Giant Head","floor":47,"turns":5},{"damage":0,"enemies":"Time Eater","floor":50,"turns":4},{"damage":0,"enemies":"Shield and Spear","floor":54,"turns":3},{"damage":1,"enemies":"The Heart","floor":55,"turns":7}],"seed_played":"-5206900276865219258","potions_obtained":[{"floor":3,"key":"theDuelist:VampireVial"},{"floor":4,"key":"LiquidMemories"},{"floor":7,"key":"DuplicationPotion"},{"floor":30,"key":"theDuelist:BottledKuriboh"}],"is_trial":false,"path_per_floor":["M","?","M","M","?","R","M","R","T","$","M","?","E","M","R","B",null,"M","M","?","M","?","M","R","?","T","E","R","E","M","M","R","B",null,"M","$","?","M","M","R","E","?","T","M","M","R","E","$","R","B",null,"R","$","E","B",null],"character_chosen":"THE_DUELIST","items_purchased":["theDuelist:ZoneToken","theDuelist:BoosterExtraAllRaresRelic","theDuelist:GridRod"],"campfire_rested":0,"item_purchase_floors":[10,36,48],"current_hp_per_floor":[80,72,72,72,65,65,65,65,65,65,65,65,65,65,65,62,80,80,80,72,72,72,72,72,72,72,72,72,72,72,72,72,72,80,80,80,80,80,80,80,79,79,79,79,79,79,79,79,79,79,80,80,80,80,79],"gold":49,"neow_bonus":"RANDOM_COLORLESS","is_daily":false,"chose_seed":false,"campfire_upgraded":9,"win_rate":0.0,"timestamp":1610474747,"path_taken":["M","?","M","M","?","R","M","R","T","?","M","?","E","?","R","BOSS","M","M","?","M","?","M","R","?","T","E","R","E","?","M","R","BOSS","M","$","?","M","M","R","E","?","T","M","M","R","E","?","R","BOSS","R","$","E","BOSS"],"items_purchased_type":["Relic","Relic","Card"],"build_version":"2020-12-22","purchased_purges":2,"victory":true,"max_hp_per_floor":[80,80,80,80,80,80,80,80,80,80,80,80,80,80,80,80,80,80,80,80,80,80,80,80,80,80,80,80,80,80,80,80,80,80,80,80,80,80,80,80,80,80,80,80,80,80,80,80,80,80,80,80,80,80,80],"card_choices":[{"not_picked":["theDuelist:MirrorForce","expansioncontent:ManipulateTime"],"picked":"theDuelist:PotAvarice","floor":0},{"not_picked":["theDuelist:SpellShatteringArrow","theDuelist:Hinotama","theDuelist:BigFire","theDuelist:AssaultArmor"],"picked":"theDuelist:MeteorDestruction","floor":1},{"not_picked":["theDuelist:GauntletWarrior","theDuelist:DianKeto","theDuelist:Reload","theDuelist:HarpieFeather"],"picked":"theDuelist:PowerGiant","floor":2},{"not_picked":["theDuelist:RainbowNeos","theDuelist:MagicHoleGolem","theDuelist:PowerGiant","theDuelist:RainbowOverdragon"],"picked":"theDuelist:EvilswarmHeliotrope","floor":2},{"not_picked":["theDuelist:FrontierWiseman","theDuelist:BlackPendant","theDuelist:PreventRat","theDuelist:PotDichotomy"],"picked":"theDuelist:Tuningware","floor":3},{"not_picked":["theDuelist:CombinationAttack","theDuelist:MagnumShield","theDuelist:SwordDeepSeated","theDuelist:SilverApples"],"picked":"theDuelist:Eva","floor":4},{"not_picked":["theDuelist:Hinotama","theDuelist:MagnumShield","theDuelist:SwordDeepSeated","theDuelist:CoreBlaster"],"picked":"theDuelist:Eva","floor":7},{"not_picked":["theDuelist:Sangan","theDuelist:SangaEarth","theDuelist:WhiteNinja","theDuelist:FrontierWiseman"],"picked":"theDuelist:Tuningware","floor":11},{"not_picked":["theDuelist:Mathematician","theDuelist:FeatherShot","theDuelist:ForbiddenLance","theDuelist:GravityLash"],"picked":"theDuelist:KamionTimelord","floor":13},{"not_picked":["theDuelist:CombinationAttack","theDuelist:DoubleTool","theDuelist:MeteorDestruction","theDuelist:VenomShot"],"picked":"theDuelist:RainbowNeos","floor":14},{"not_picked":["theDuelist:Eva","theDuelist:HappyLover","theDuelist:RainbowNeos","theDuelist:RainbowOverdragon"],"picked":"theDuelist:KamionTimelord","floor":16},{"not_picked":["theDuelist:CombinationAttack+1","theDuelist:MeteorDestruction","theDuelist:AfterTheStorm","theDuelist:GiantTrunade"],"picked":"theDuelist:CircleFireKings","floor":18},{"not_picked":["theDuelist:PreventRat","theDuelist:BlackPendant","theDuelist:FrontierWiseman","theDuelist:PotDichotomy+1"],"picked":"theDuelist:Tuningware+1","floor":19},{"not_picked":["theDuelist:GauntletWarrior","theDuelist:WingedKuriboh","theDuelist:MudragonSwamp+1","theDuelist:SolemnStrike+1"],"picked":"theDuelist:MillenniumGolem","floor":21},{"not_picked":["theDuelist:RainbowNeos","theDuelist:SangaEarth","theDuelist:SolarWindJammer+1","theDuelist:WormApocalypse","theDuelist:MythicalBeast"],"picked":"SKIP","floor":23},{"not_picked":["theDuelist:DoubleTool+1","theDuelist:MagnumShield","theDuelist:Tuningware","theDuelist:MeteorDestruction","theDuelist:MiraculousDescent"],"picked":"SKIP","floor":27},{"not_picked":["theDuelist:MiraculousDescent","theDuelist:SilverApples+1","theDuelist:FairyBox","theDuelist:PsychicShockwave","theDuelist:WhiteHowling"],"picked":"SKIP","floor":29},{"not_picked":["theDuelist:CombinationAttack","theDuelist:DoubleTool","theDuelist:Downbeat","theDuelist:SwordDeepSeated","theDuelist:UnderworldCannon"],"picked":"SKIP","floor":30},{"not_picked":["theDuelist:SolarWindJammer","theDuelist:Tuningware","theDuelist:CrystalBlessing","theDuelist:WhiteNinja","theDuelist:PotDuality"],"picked":"SKIP","floor":31},{"not_picked":["theDuelist:Mathematician","theDuelist:ForbiddenLance","theDuelist:LightLaser","theDuelist:Wildfire"],"picked":"theDuelist:Raigeki","floor":33},{"not_picked":["theDuelist:Eva+1","theDuelist:KamionTimelord","theDuelist:RainbowNeos","theDuelist:RainbowOverdragon"],"picked":"theDuelist:HappyLover","floor":35},{"not_picked":["theDuelist:ScrapFactory","theDuelist:FinalFlame+1","theDuelist:Sparks","theDuelist:CircleFireKings"],"picked":"theDuelist:Raigeki+1","floor":38},{"not_picked":["theDuelist:GiantSoldier+1","theDuelist:Tuningware","theDuelist:Eva+1","theDuelist:RainbowNeos"],"picked":"theDuelist:EvilswarmHeliotrope+1","floor":39},{"not_picked":["theDuelist:CoreBlaster","theDuelist:SpiritHarp","theDuelist:MagnumShield+1","theDuelist:RainbowNeos+1"],"picked":"theDuelist:Eva+1","floor":41},{"not_picked":["theDuelist:Eva","theDuelist:HappyLover+1","theDuelist:KamionTimelord","theDuelist:RainbowOverdragon+1"],"picked":"theDuelist:RainbowKuriboh+1","floor":44},{"not_picked":["theDuelist:CombinationAttack","theDuelist:SpellShatteringArrow","theDuelist:AfterTheStorm+1","theDuelist:FluteKuriboh","theDuelist:BreakDraw"],"picked":"SKIP","floor":45},{"not_picked":["theDuelist:BeaverWarrior+1","theDuelist:Eva+1","theDuelist:Tuningware","theDuelist:EvilswarmHeliotrope+1"],"picked":"theDuelist:RainbowKuriboh+1","floor":47},{"not_picked":["theDuelist:FuryFire+4","theDuelist:CharcoalInpachi+2","theDuelist:LightLaser+1","theDuelist:FeatherShot+4"],"picked":"theDuelist:AmuletAmbition+5","floor":54}],"player_experience":157948,"relics_obtained":[{"floor":9,"key":"Bag of Preparation"},{"floor":13,"key":"theDuelist:MerchantNecklace"},{"floor":26,"key":"Lantern"},{"floor":27,"key":"Kunai"},{"floor":29,"key":"Happy Flower"},{"floor":41,"key":"Whetstone"},{"floor":47,"key":"Bag of Marbles"},{"floor":54,"key":"Shuriken"}],"event_choices":[{"cards_removed":["theDuelist:Sparks"],"damage_healed":0,"gold_gain":0,"player_choice":"Card Removal","damage_taken":7,"max_hp_gain":0,"max_hp_loss":0,"event_name":"Golden Wing","floor":5,"gold_loss":0},{"cards_removed":["theDuelist:CastleWalls"],"damage_healed":0,"gold_gain":0,"player_choice":"Card Removal","damage_taken":0,"max_hp_gain":0,"max_hp_loss":0,"event_name":"Wheel of Change","floor":12,"gold_loss":0},{"damage_healed":0,"gold_gain":75,"player_choice":"Touch","damage_taken":8,"max_hp_gain":0,"max_hp_loss":0,"event_name":"FaceTrader","floor":20,"gold_loss":0},{"cards_removed":["theDuelist:CastleWalls"],"damage_healed":0,"gold_gain":0,"player_choice":"Purged","damage_taken":0,"max_hp_gain":0,"max_hp_loss":0,"event_name":"Purifier","floor":22,"gold_loss":0},{"damage_healed":0,"gold_gain":0,"player_choice":"Cursed","damage_taken":0,"max_hp_gain":0,"max_hp_loss":0,"event_name":"Wheel of Change","floor":25,"gold_loss":0,"cards_obtained":["Decay"]},{"damage_healed":0,"gold_gain":0,"player_choice":"Ignored","damage_taken":0,"max_hp_gain":0,"max_hp_loss":0,"event_name":"Tomb of Lord Red Mask","floor":37,"gold_loss":0},{"damage_healed":0,"gold_gain":0,"player_choice":"3","damage_taken":0,"max_hp_gain":0,"max_hp_loss":0,"event_name":"betterMatch:BetterMatch","floor":42,"gold_loss":0,"cards_obtained":[]}],"is_beta":false,"boss_relics":[{"not_picked":["Fusion Hammer","Tiny House"],"picked":"HoveringKite"},{"not_picked":["Snecko Eye","Empty Cage"],"picked":"Coffee Dripper"}],"items_purged_floors":[36,36],"is_endless":false,"potions_floor_spawned":[3,4,7,14,21,27,30,33,35,47],"ascension_level":0}}