{"host":"zksvs3x2ysy9npnz","time":1610412923,"event":{"mods":["Aspiration","BaseMod","Beaked The Cultist","BetterRewards","Clockwork Mod","Colored Map","Conspire","Downfall","Duelist Mod","Ekko","Energized Spire","Fiend Mod","Halation","Highlight Path","Hubris","Hunter ??","Infinite Spire","Jedi Mod","JesterMod","Magitek Elite","Minty Spire (QoL Compilation)","Permanent Neow","Quick Restart","Relic Stats","Replay The Spire","Retaliation","Shade Mod","Shop Mod","StSLib","The Construct","The Poker Player","The Runesmith","The Witch","thorton"],"gold_per_floor":[130,130,145,145,145,145,183,183,261,261,279,304,304,319,319,324,324],"floor_reached":16,"playtime":491,"items_purged":[],"score":124,"play_id":"8bc9fc51-b597-4d45-8b43-c2e3e5015766","local_time":"20210112015523","is_ascension_mode":true,"campfire_choices":[{"data":"thethorton:Investment","floor":6,"key":"SMITH"},{"floor":10,"key":"REST"},{"data":"thethorton:DownPayment","floor":13,"key":"SMITH"}],"circlet_count":0,"master_deck":["thethorton:Strike","thethorton:Strike","thethorton:Strike","thethorton:Strike","thethorton:Defend","thethorton:Defend","thethorton:Defend","thethorton:Defend","thethorton:Heckle","thethorton:CreditCard","thethorton:DualBap+1","thethorton:Investment+1","Regret","thethorton:DownPayment+1","thethorton:DockPay","thethorton:SicklyRun"],"relics":["hexamod:SpiritBrand","jedi:arcanewood","Spirit Poop","jedi:gremlinknob","CaptainsWheel","Runesmith:AutoHammer","infinitespire:Cubic Diamond","infinitespire:Broken Mirror","Gambling Chip"],"acts_visited":["Exordium"],"potions_floor_usage":[],"damage_taken":[{"damage":8,"enemies":"2 Louse","floor":1,"turns":4},{"damage":0,"enemies":"Cultist","floor":3,"turns":4},{"damage":48,"enemies":"Gremlin Nob","floor":7,"turns":5},{"damage":0,"enemies":"Small Slimes","floor":11,"turns":3},{"damage":6,"enemies":"2 Fungi Beasts","floor":12,"turns":4},{"damage":10,"enemies":"3 Louse","floor":14,"turns":4},{"damage":37,"enemies":"Hexaghost","floor":16,"turns":9}],"seed_played":"4559281683610315622","potions_obtained":[{"floor":14,"key":"SteroidPotion"}],"is_trial":false,"path_per_floor":["M","?","M","?","T","R","E","?","T","R","M","M","R","M","R_BF","B"],"character_chosen":"THE_THORT","items_purchased":[],"campfire_rested":1,"item_purchase_floors":[],"current_hp_per_floor":[60,60,60,60,60,60,12,12,12,32,32,26,26,16,36,0,0],"gold":324,"neow_bonus":"RANDOM_COMMON_RELIC","is_daily":false,"chose_seed":false,"campfire_upgraded":2,"win_rate":0.0,"timestamp":1610412923,"path_taken":["M","?","?","?","?","R","E","?","T","R","M","?","R","M","R_BF","BOSS"],"items_purchased_type":[],"build_version":"2020-12-22","purchased_purges":0,"victory":false,"max_hp_per_floor":[68,68,68,68,68,68,68,68,68,68,68,68,68,68,68,68,68],"relic_stats":{"counters":[7,33],"Gambling Chip":[4],"obtain_stats":[{"CaptainsWheel":5,"infinitespire:Broken Mirror":9,"Gambling Chip":14,"Spirit Poop":2,"jedi:gremlinknob":4,"infinitespire:Cubic Diamond":8,"thethorton:CouragePotion":0,"Runesmith:AutoHammer":7,"jedi:arcanewood":0,"hexamod:SpiritBrand":8},{"CaptainsWheel":2,"infinitespire:Broken Mirror":3,"Gambling Chip":6,"Spirit Poop":1,"jedi:gremlinknob":2,"infinitespire:Cubic Diamond":3,"thethorton:CouragePotion":0,"Runesmith:AutoHammer":3,"jedi:arcanewood":0,"hexamod:SpiritBrand":3},{"CaptainsWheel":8,"infinitespire:Broken Mirror":13,"Gambling Chip":22,"Spirit Poop":4,"jedi:gremlinknob":8,"infinitespire:Cubic Diamond":13,"thethorton:CouragePotion":0,"Runesmith:AutoHammer":13,"jedi:arcanewood":0,"hexamod:SpiritBrand":13}]},"card_choices":[{"not_picked":["thethorton:ElbowSmash","thethorton:Distance"],"picked":"thethorton:DualBap","floor":1},{"not_picked":["thethorton:SicklyRun","thethorton:ShoutAndRun"],"picked":"thethorton:Investment","floor":3},{"not_picked":["thethorton:RichRun","thethorton:StumblingSlap","thethorton:WhirlingBriefcase"],"picked":"SKIP","floor":7},{"not_picked":["thethorton:PocketChange","thethorton:AngerMoment"],"picked":"thethorton:DownPayment","floor":11},{"not_picked":["thethorton:Crash","thethorton:DualBap"],"picked":"thethorton:DockPay","floor":12},{"not_picked":["thethorton:OddChange","thethorton:DockPay"],"picked":"thethorton:SicklyRun","floor":14}],"player_experience":2467114,"relics_obtained":[{"floor":5,"key":"CaptainsWheel"},{"floor":7,"key":"Runesmith:AutoHammer"},{"floor":9,"key":"infinitespire:Broken Mirror"}],"event_choices":[{"cards_removed":["Normality"],"damage_healed":0,"gold_gain":0,"player_choice":"Offered Curse","damage_taken":0,"relics_obtained":["Spirit Poop"],"max_hp_gain":0,"max_hp_loss":0,"event_name":"Bonfire Elementals","floor":2,"gold_loss":0},{"damage_healed":0,"gold_gain":0,"player_choice":"Box","damage_taken":0,"relics_obtained":["jedi:gremlinknob"],"max_hp_gain":0,"max_hp_loss":0,"event_name":"Big Fish","floor":4,"gold_loss":0,"cards_obtained":["Regret"]}],"is_beta":false,"boss_relics":[],"items_purged_floors":[],"is_endless":false,"potions_floor_spawned":[14],"killed_by":"Hexaghost","ascension_level":5}}