{"host":"vm3f1ccwgbs4oygt","time":1610481726,"event":{"mods":["BaseMod","BetterRewards","Colored Powertips","Minty Spire (QoL Compilation)","Permanent Neow","Replay The Spire","Shop Mod","StSLib"],"gold_per_floor":[112,112,69,82,98,127,127,127,197,224,224,224,244,204,204,302,302,319,331,331,347,149,149,165,4,4,4,4,4,22,32,32,49,49,150,150,169,169,182,201,220,220,220,220,220,220,232,252,266,282,282,282,282],"floor_reached":52,"playtime":46238,"items_purged":["Havoc+1"],"score":743,"play_id":"d86ddc89-77ad-460a-80f4-cff2d38c2ec3","local_time":"20210112210205","is_ascension_mode":false,"campfire_choices":[{"data":"Spot Weakness","floor":7,"key":"SMITH"},{"data":"Metallicize","floor":11,"key":"SMITH"},{"floor":15,"key":"REST"},{"data":"Armaments","floor":23,"key":"SMITH"},{"data":"ReplayTheSpireMod:LeadingStrike","floor":29,"key":"SMITH"},{"floor":32,"key":"REST"},{"data":"Anger","floor":34,"key":"SMITH"},{"data":"Limit Break","floor":42,"key":"SMITH"},{"data":"Life Link","floor":44,"key":"SMITH"},{"floor":46,"key":"REST"},{"data":"ReplayReversal","floor":51,"key":"SMITH"}],"circlet_count":0,"master_deck":["Strike_R","Strike_R","Strike_R","Strike_R","Defend_R","Defend_R","Defend_R","Defend_R","Bash","Spot Weakness+1","Replay:Undeath\u0027s Touch","Uppercut","Shrug It Off","Metallicize+1","ReplayReversal+1","Replay:Many Hands","Rampage+1","ReplayTheSpireMod:Stacked","Power Through","Armaments+1","Anger+1","ReplayTheSpireMod:LeadingStrike+1","Life Link+1","Rupture","Feel No Pain","Reckless Charge","Limit Break+1","Anger+1","Spot Weakness+1","Heavy Blade+1","Searing Blow+1","Clothesline","The Bomb","Rampage+1","Heavy Blade+1","Cleave+1","Iron Wave+1"],"relics":["Black Blood","Regal Pillow","Question Card","Darkstone Periapt","Shuriken","Replay:Rubber Ducky","Velvet Choker","Kunai","Divine Protection"],"acts_visited":["Exordium","TheCity","TheBeyond"],"potions_floor_usage":[6,6,16,16,33,35,35,37,40,40,47,48],"damage_taken":[{"damage":2,"enemies":"Small Slimes","floor":1,"turns":5},{"damage":16,"enemies":"Jaw Worm","floor":4,"turns":4},{"damage":5,"enemies":"2 Louse","floor":5,"turns":3},{"damage":17,"enemies":"3 Sentries","floor":6,"turns":5},{"damage":20,"enemies":"Gremlin Nob","floor":10,"turns":4},{"damage":0,"enemies":"Blue Slaver","floor":13,"turns":3},{"damage":73,"enemies":"Slime Boss","floor":16,"turns":16},{"damage":35,"enemies":"2 Thieves","floor":18,"turns":4},{"damage":6,"enemies":"Chosen","floor":19,"turns":5},{"damage":42,"enemies":"Centurion and Healer","floor":21,"turns":9},{"damage":0,"enemies":"3 Cultists","floor":24,"turns":6},{"damage":9,"enemies":"Chosen and Byrds","floor":30,"turns":7},{"damage":21,"enemies":"Snecko","floor":31,"turns":6},{"damage":31,"enemies":"3 Cultists","floor":33,"turns":7},{"damage":1,"enemies":"Pondfish","floor":35,"turns":11},{"damage":10,"enemies":"3 Darklings","floor":37,"turns":8},{"damage":27,"enemies":"3 Shapes","floor":39,"turns":3},{"damage":24,"enemies":"Maw","floor":40,"turns":7},{"damage":25,"enemies":"3 Darklings","floor":41,"turns":4},{"damage":10,"enemies":"Writhing Mass","floor":47,"turns":6},{"damage":22,"enemies":"Jaw Worm Horde","floor":48,"turns":5},{"damage":0,"enemies":"Sphere and 2 Shapes","floor":49,"turns":4},{"damage":28,"enemies":"Writhing Mass","floor":50,"turns":7},{"damage":93,"enemies":"Time Eater","floor":52,"turns":7}],"seed_played":"2186826969656436318","potions_obtained":[{"floor":1,"key":"SteroidPotion"},{"floor":5,"key":"DuplicationPotion"},{"floor":14,"key":"Elixir"},{"floor":14,"key":"SmokeBomb"},{"floor":14,"key":"AttackPotion"},{"floor":19,"key":"BloodPotion"},{"floor":24,"key":"LiquidBronze"},{"floor":30,"key":"Block Potion"},{"floor":33,"key":"Fire Potion"},{"floor":35,"key":"Dexterity Potion"},{"floor":39,"key":"Dexterity Potion"},{"floor":41,"key":"Reflective Coating"},{"floor":47,"key":"ColorlessPotion"},{"floor":49,"key":"Milkshake"}],"is_trial":false,"path_per_floor":["M","?","?","M","M","E","R","?","T","E","R","T","M","?","R","B",null,"M","M","?","M","$","R","M","$","PTL","PTL","T","R","M","M","R","M","R","B",null,"M","?","M","M","M","R","?","R","T","R","M","M","M","M","R","B"],"character_chosen":"IRONCLAD","items_purchased":["Armaments","EssenceOfSteel","ReplayTheSpireMod:LeadingStrike","Life Link"],"campfire_rested":3,"item_purchase_floors":[22,22,25,25],"current_hp_per_floor":[88,76,76,66,67,56,56,56,56,42,42,42,48,48,88,21,88,59,59,88,52,52,52,58,58,58,58,58,58,55,40,81,73,73,78,88,88,88,73,61,48,48,48,48,48,88,88,78,88,72,72,0,0],"gold":282,"neow_bonus":"TEN_PERCENT_HP_BONUS","is_daily":false,"chose_seed":false,"campfire_upgraded":8,"win_rate":0.0,"timestamp":1610481725,"path_taken":["M","?","?","M","M","E","R","?","T","E","R","?","?","?","R","BOSS","M","M","?","M","$","R","M","$","PTL","PTL","T","R","M","?","R","M","R","BOSS","M","?","M","?","?","R","?","R","T","R","M","M","M","M","R","BOSS"],"items_purchased_type":["Card","Potion","Card","Card"],"build_version":"2020-12-22","purchased_purges":1,"victory":false,"max_hp_per_floor":[88,88,88,88,88,88,88,88,88,88,88,88,88,88,88,88,88,88,88,88,88,88,88,88,88,88,88,88,88,88,88,88,88,88,88,88,88,88,88,88,88,88,88,88,88,88,88,88,88,88,88,88,88],"card_choices":[{"not_picked":["True Grit","Clash"],"picked":"Spot Weakness","floor":1},{"not_picked":["Body Slam","Thunderclap"],"picked":"Replay:Undeath\u0027s Touch","floor":4},{"not_picked":["Combust","Evolve"],"picked":"Uppercut","floor":5},{"not_picked":["Pummel","Warcry"],"picked":"Shrug It Off","floor":6},{"not_picked":["Abandon","Flex","Headbutt"],"picked":"Metallicize","floor":10},{"not_picked":["Clothesline","Run Through","Wild Strike"],"picked":"ReplayReversal","floor":13},{"not_picked":["Immolate","Reaper","Offering"],"picked":"Replay:Many Hands","floor":16},{"not_picked":["Anger","Clothesline","Twin Strike"],"picked":"Rampage+1","floor":18},{"not_picked":["Headbutt","True Grit","Anger+1"],"picked":"ReplayTheSpireMod:Stacked","floor":19},{"not_picked":["Havoc","Pummel","Fiend Fire"],"picked":"Power Through","floor":21},{"not_picked":["Fire Breathing","ReplayTheSpireMod:LeadingStrike","Clash+1"],"picked":"Anger","floor":24},{"not_picked":["Dark Embrace","Shrug It Off","Cleave"],"picked":"Rupture","floor":30},{"not_picked":["Replay:Undeath\u0027s Touch","True Grit","Thunderclap"],"picked":"Feel No Pain","floor":31},{"not_picked":["Whirlwind","Life Link","Warcry+1"],"picked":"Reckless Charge","floor":33},{"not_picked":["Eclipse","Replay:Many Hands","Barricade"],"picked":"Limit Break","floor":35},{"not_picked":["Dark Embrace","Uppercut","Infernal Blade"],"picked":"Anger+1","floor":37},{"not_picked":["Perfected Strike","Havoc","Clash"],"picked":"Heavy Blade+1","floor":39},{"not_picked":["Wild Strike+1","ReplayTheSpireMod:LeadingStrike","Fire Breathing"],"picked":"Searing Blow+1","floor":40},{"not_picked":["Perfected Strike","Evolve+1","ReplayReversal+1"],"picked":"Clothesline","floor":41},{"not_picked":["ReplayTheSpireMod:Uncanny Aura","ReplayTheSpireMod:Private Reserves","Specialist"],"picked":"The Bomb","floor":43},{"not_picked":["Pummel","Pommel Strike","Cleave+1"],"picked":"Rampage+1","floor":47},{"not_picked":["Pommel Strike","Clothesline+1","Ghostly Armor"],"picked":"Heavy Blade+1","floor":48},{"not_picked":["Eclipse","ReplayTheSpireMod:Stacked+1","True Grit"],"picked":"Cleave+1","floor":49},{"not_picked":["Pommel Strike","ReplayTheSpireMod:Strike From Hell+1","Flex+1"],"picked":"Iron Wave+1","floor":50}],"player_experience":311153,"relics_obtained":[{"floor":6,"key":"Question Card"},{"floor":9,"key":"Darkstone Periapt"},{"floor":10,"key":"Shuriken"},{"floor":12,"key":"Replay:Rubber Ducky"},{"floor":28,"key":"Kunai"},{"floor":45,"key":"Divine Protection"}],"event_choices":[{"damage_healed":0,"gold_gain":0,"player_choice":"Success","damage_taken":12,"relics_obtained":["Regal Pillow"],"max_hp_gain":0,"max_hp_loss":0,"event_name":"Scrap Ooze","floor":2,"gold_loss":0},{"damage_healed":0,"gold_gain":0,"player_choice":"Left Gold","damage_taken":0,"max_hp_gain":0,"max_hp_loss":0,"event_name":"World of Goop","floor":3,"gold_loss":43},{"damage_healed":0,"gold_gain":0,"player_choice":"Bought 3 Potions","damage_taken":0,"max_hp_gain":0,"max_hp_loss":0,"event_name":"The Woman in Blue","floor":14,"gold_loss":0},{"damage_healed":29,"gold_gain":0,"player_choice":"Full Heal","damage_taken":0,"max_hp_gain":0,"max_hp_loss":0,"event_name":"Wheel of Change","floor":20,"gold_loss":0},{"damage_healed":0,"gold_gain":0,"player_choice":"Copied","damage_taken":0,"max_hp_gain":0,"max_hp_loss":0,"event_name":"Duplicator","floor":38,"gold_loss":0,"cards_obtained":["Spot Weakness"]},{"damage_healed":0,"gold_gain":0,"player_choice":"Memory 1","damage_taken":0,"max_hp_gain":0,"max_hp_loss":0,"event_name":"SensoryStone","floor":43,"gold_loss":0}],"is_beta":false,"boss_relics":[{"not_picked":["Replay:Drink Me","SlaversCollar"],"picked":"Velvet Choker"},{"not_picked":["Astrolabe","Busted Crown"],"picked":"Black Blood"}],"items_purged_floors":[22],"is_endless":false,"potions_floor_spawned":[1,5,19,24,30,33,35,39,41,47,49],"killed_by":"Time Eater","ascension_level":0}}