{"host":"fuszjwm6fqgjjp4d","time":1610453910,"event":{"mods":["BaseMod","Bestiary","Colored Map","DeckTracker","Minty Spire (QoL Compilation)","Permanent Neow","Relic Sorter","Relic Stats","StSLib"],"gold_per_floor":[109,120,45,195,195,195,221,201,252,252,272,305,318,334,334,410,410,425,440,451,451,451],"floor_reached":21,"playtime":665,"items_purged":[],"score":432,"play_id":"dc36a203-286f-4482-93dd-07ef10700ca9","local_time":"20210112061830","is_ascension_mode":true,"campfire_choices":[{"data":"Caltrops","floor":6.0,"key":"SMITH"},{"data":"Noxious Fumes","floor":10.0,"key":"SMITH"},{"floor":15.0,"key":"REST"}],"circlet_count":0,"master_deck":["AscendersBane","Strike_G","Strike_G","Strike_G","Strike_G","Strike_G","Defend_G","Defend_G","Defend_G","Defend_G","Defend_G","Survivor","Neutralize","Deadly Poison","Sucker Punch","Caltrops+1","Noxious Fumes+1","Escape Plan","Caltrops","PiercingWail"],"relics":["Ring of the Snake","NeowsBlessing","Matryoshka","Bronze Scales","Art of War","Singing Bowl","Velvet Choker"],"acts_visited":["Exordium","TheCity"],"potions_floor_usage":[18,21],"damage_taken":[{"damage":0.0,"enemies":"Jaw Worm","floor":1.0,"turns":1.0},{"damage":0.0,"enemies":"Small Slimes","floor":2.0,"turns":1.0},{"damage":0.0,"enemies":"Gremlin Nob","floor":7.0,"turns":1.0},{"damage":0.0,"enemies":"Cultist","floor":11.0,"turns":4.0},{"damage":19.0,"enemies":"3 Sentries","floor":12.0,"turns":7.0},{"damage":17.0,"enemies":"Lots of Slimes","floor":13.0,"turns":4.0},{"damage":10.0,"enemies":"Large Slime","floor":14.0,"turns":6.0},{"damage":28,"enemies":"Hexaghost","floor":16,"turns":9},{"damage":11,"enemies":"3 Byrds","floor":18,"turns":2},{"damage":11,"enemies":"Shell Parasite","floor":19,"turns":5},{"damage":15,"enemies":"Chosen and Byrds","floor":20,"turns":6},{"damage":46,"enemies":"Snecko","floor":21,"turns":5}],"seed_played":"4312291311394134438","potions_obtained":[{"floor":2.0,"key":"Energy Potion"},{"floor":8.0,"key":"Swift Potion"},{"floor":16,"key":"Swift Potion"},{"floor":20,"key":"Dexterity Potion"}],"is_trial":false,"path_per_floor":["M","M","$","?","?","R","E","?","T","R","M","E","M","M","R","B",null,"M","M","M","M"],"character_chosen":"THE_SILENT","items_purchased":["Caltrops"],"campfire_rested":1,"item_purchase_floors":[3],"current_hp_per_floor":[59,59,59,59,52,52,52,52,52,52,52,33,18,10,31,5,55,44,35,22,0,0],"gold":451,"neow_bonus":"THREE_ENEMY_KILL","is_daily":false,"chose_seed":false,"campfire_upgraded":2,"win_rate":0.0,"timestamp":1610453910,"path_taken":["M","M","$","?","?","R","E","?","T","R","M","E","M","M","R","BOSS","M","M","?","M"],"items_purchased_type":["Card"],"build_version":"2020-12-22","purchased_purges":0,"victory":false,"max_hp_per_floor":[66,66,66,66,66,66,66,66,66,66,66,66,68,70,70,72,72,72,74,76,76,76],"relic_stats":{"Singing Bowl":10,"counters":[12,51],"Bronze Scales":[205],"Art of War":[7],"obtain_stats":[{"Matryoshka":7,"NeowsBlessing":0,"Singing Bowl":12,"Bronze Scales":9,"Velvet Choker":17,"Art of War":9,"Ring of the Snake":0},{"Matryoshka":3,"NeowsBlessing":0,"Singing Bowl":5,"Bronze Scales":3,"Velvet Choker":8,"Art of War":3,"Ring of the Snake":0},{"Matryoshka":3,"NeowsBlessing":0,"Singing Bowl":14,"Bronze Scales":3,"Velvet Choker":33,"Art of War":3,"Ring of the Snake":0}],"Ring of the Snake":[24]},"card_choices":[{"not_picked":["Sucker Punch","Distraction"],"picked":"Deadly Poison","floor":1.0},{"not_picked":["Dagger Throw","Bane"],"picked":"Sucker Punch","floor":2.0},{"not_picked":["Catalyst","Outmaneuver"],"picked":"Noxious Fumes","floor":7.0},{"not_picked":["Distraction","Backflip"],"picked":"Escape Plan","floor":11.0},{"not_picked":["Cloak And Dagger","Storm of Steel"],"picked":"Caltrops","floor":12.0},{"not_picked":["Backstab","PiercingWail","Sucker Punch"],"picked":"Singing Bowl","floor":13.0},{"not_picked":["Riddle With Holes","Dagger Throw","Deadly Poison"],"picked":"Singing Bowl","floor":14.0},{"not_picked":["Grand Finale","Glass Knife","A Thousand Cuts"],"picked":"Singing Bowl","floor":16},{"not_picked":["Skewer","Acrobatics"],"picked":"PiercingWail","floor":18},{"not_picked":["Bane","Terror","Deflect"],"picked":"Singing Bowl","floor":19},{"not_picked":["Masterful Stab","Backstab","Predator"],"picked":"Singing Bowl","floor":20}],"player_experience":1280463,"relics_obtained":[{"floor":7.0,"key":"Matryoshka"},{"floor":9.0,"key":"Bronze Scales"},{"floor":9.0,"key":"Art of War"},{"floor":12.0,"key":"Singing Bowl"}],"event_choices":[{"damage_healed":0.0,"max_hp_gain":0.0,"max_hp_loss":0.0,"gold_gain":150.0,"event_name":"Liars Game","player_choice":"AGREE","floor":4.0,"gold_loss":0.0,"damage_taken":0.0,"cards_obtained":["Doubt"]},{"cards_removed":["Doubt"],"damage_healed":0.0,"max_hp_gain":0.0,"max_hp_loss":0.0,"gold_gain":0.0,"event_name":"Golden Wing","player_choice":"Card Removal","floor":5.0,"gold_loss":0.0,"damage_taken":7.0},{"damage_healed":0.0,"max_hp_gain":0.0,"max_hp_loss":0.0,"gold_gain":0.0,"event_name":"The Woman in Blue","player_choice":"Bought 1 Potion","floor":8.0,"gold_loss":0.0,"damage_taken":0.0}],"is_beta":false,"boss_relics":[{"not_picked":["Tiny House","Philosopher\u0027s Stone"],"picked":"Velvet Choker"}],"items_purged_floors":[],"is_endless":false,"potions_floor_spawned":[2,11,16,20],"killed_by":"Snecko","ascension_level":20}}