{"host":"mitik7wjjpoqy3i6","time":1610482397,"event":{"mods":["AchievementEnabler","AlwaysNeverKeys","Aspiration","BaseMod","BetterRewards","Custom Start","Force Act Four","Gold Saver","Hyrulean Relics","Minty Spire (QoL Compilation)","Rare Cards Sparkle","Remove Card Discount Mod","Replay The Spire","Small Relic Pack","Spicy Shops","StSLib","The Animator","The Sage","Treasure Hunter","??????REMEMod"],"gold_per_floor":[405,405,480,498,498,533,533,575,575,89,106,136,38,57,57,159,209,223,223,243,26,43,74,74,74,74,2929,2855,2855,1465,80,80,176,176,91,11,23,39,503,31,31,56,82,82,83,94,12,12,12,5,5,5,195,223,249],"floor_reached":56,"playtime":5087,"items_purged":["Regret","ReplayTheSpireMod:Splinters","Strike_B","Defend_B","Strike_B","Defend_B","Shame","Writhe"],"score":2604,"play_id":"7f108645-404d-4456-b9c1-eebe19e7e41f","local_time":"20210112211317","is_ascension_mode":true,"campfire_choices":[{"floor":7,"key":"RECALL"},{"floor":15,"key":"REST"},{"floor":24,"key":"REST"},{"floor":29,"key":"REST"},{"floor":32,"key":"REST"},{"floor":41,"key":"REST"},{"floor":44,"key":"REST"},{"floor":49,"key":"REST"},{"data":"REME_BuildACard","floor":52,"key":"SMITH"}],"circlet_count":0,"master_deck":["Strike_B","Strike_B","Defend_B+1","Defend_B","Zap","Dualcast+1","Coolheaded+1","White Noise","Chaos+1","TH:DeckOfManyThings+1","TH:BikiniMail","Rip and Tear","Gash","REME_Compress","TH:Mimic","Gash","Go for the Eyes","Hello World+1","REME_Compress","TH:EnergyPotion+1","Tempest","Gash+1","Turbo","Genetic Algorithm","TH:CursedSword","REME_ForAll+1","Chaos+1","Beam Cell","REME_DataAnalysis","REME_BuildACard+1","Skim","ReplayTheSpireMod:IOU","REME_Whirling","Gash","Gash+1","ReplayTheSpireMod:Private Reserves","White Noise+1","ReplayTheSpireMod:IOU","ReplayTheSpireMod:IOU","ReplayTheSpireMod:IOU","ReplayTheSpireMod:IOU","ReplayTheSpireMod:IOU","ReplayTheSpireMod:IOU","Pride","Midas Touch","Self Repair+1","TH:DeckOfManyThings","Beam Cell+1","TH:EnergyPotion+1","HandOfGreed+1","TH:CopperCoins","Loop+1","ReplayTheSpireMod:IOU","ReplayTheSpireMod:IOU","ReplayTheSpireMod:IOU","ReplayTheSpireMod:IOU","Static Discharge+1","ReplayTheSpireMod:IOU","ReplayTheSpireMod:IOU","REME_AllRoundStrike+1","Gash+1","REME_AllRoundStrike+1","ReplayTheSpireMod:IOU","ReplayTheSpireMod:IOU","ReplayTheSpireMod:IOU","ReplayTheSpireMod:IOU","ReplayTheSpireMod:IOU","Pot Of Greed","Pot Of Greed","Pot Of Greed","Pot Of Greed","Pot Of Greed","Pot Of Greed","Loop+1","REME_ShortnessOfBreath","TH:CursedSword","Gash+1"],"relics":["Cracked Core","REME_ComplimentaryCards","Pear","Membership Card","Replay:Bottled Eggs","Geode","DataDisk","Replay:Antivirus Software","Replay:WaspNest","Pet Ghost","DollysMirror","sagemod:The_Guidebook_Guide","Dream Catcher","Frozen Egg 2","Toy Ornithopter","Darkstone Periapt","Onion Ring","Tiny House","Replay:Bottled Flurry","Singing Bowl","aspiration:Lifesprig","Mummified Hand","Question Card","Replay:Wax Seal","Tiny Chest","Centennial Puzzle","Gremlin Food","Guide Book","Cauldron","Replay:Mystery Machine","REME_LowDesire","Omamori","Pen Nib","Blue Doll","aspiration:ChemicalBlood","aspiration:Nostalgia","animator:PurgingStone","Molten Egg 2","Eternal Feather","relicPack:WeightedSword","Kunai","Replay:Bottled Snecko","ReplayTheSpireMod:TigerMarble","Blood Vial","Raider\u0027s Mask","aspiration:StickyExplosives_weak","REME_HandOfSuture","aspiration:VileToxins","Happy Flower","TungstenRod","Chameleon Ring","HandDrill","Grinning Jar","relicPack:NeonSign"],"acts_visited":["Exordium","TheCity","TheBeyond","TheEnding"],"potions_floor_usage":[6,18,18,23,31,33,33,36,46,55,55,55],"damage_taken":[{"damage":3,"enemies":"2 Louse","floor":1,"turns":3},{"damage":6,"enemies":"Small Slimes","floor":4,"turns":3},{"damage":5,"enemies":"3 Sentries","floor":6,"turns":3},{"damage":7,"enemies":"Jaw Worm","floor":11,"turns":2},{"damage":7,"enemies":"Gremlin Nob","floor":12,"turns":4},{"damage":6,"enemies":"Looter","floor":14,"turns":2},{"damage":14,"enemies":"Hexaghost","floor":16,"turns":4},{"damage":19,"enemies":"2 Thieves","floor":18,"turns":2},{"damage":3,"enemies":"Spheric Guardian","floor":20,"turns":3},{"damage":38,"enemies":"3 Cultists","floor":22,"turns":5},{"damage":30,"enemies":"REME_1_Revenger","floor":23,"turns":4},{"damage":58,"enemies":"Slavers","floor":28,"turns":4},{"damage":2,"enemies":"Cultist and Chosen","floor":30,"turns":4},{"damage":13,"enemies":"Centurion and Healer","floor":31,"turns":4},{"damage":36,"enemies":"Pondfish","floor":33,"turns":8},{"damage":24,"enemies":"3 Darklings","floor":35,"turns":3},{"damage":0,"enemies":"3 Shapes","floor":37,"turns":1},{"damage":27,"enemies":"Writhing Mass","floor":38,"turns":3},{"damage":44,"enemies":"Nemesis","floor":40,"turns":7},{"damage":47,"enemies":"Giant Head","floor":42,"turns":7},{"damage":1,"enemies":"3 Darklings","floor":46,"turns":2},{"damage":42,"enemies":"Transient","floor":47,"turns":5},{"damage":112,"enemies":"Time Eater","floor":50,"turns":7},{"damage":14,"enemies":"Shield and Spear","floor":54,"turns":3},{"damage":97,"enemies":"The Heart","floor":55,"turns":5}],"seed_played":"4550126260889191725","potions_obtained":[{"floor":1,"key":"Reflective Coating"},{"floor":12,"key":"Energy Potion"},{"floor":16,"key":"Strength Potion"},{"floor":17,"key":"AttackPotion"},{"floor":23,"key":"Cursed Concoction"},{"floor":27,"key":"Fire Potion"},{"floor":27,"key":"sagemod:Wine"},{"floor":31,"key":"Explosive Potion"},{"floor":35,"key":"FearPotion"},{"floor":38,"key":"Energy Potion"}],"is_trial":false,"path_per_floor":["M","?","?","M","T","E","R","?","T","$","M","E","$","M","R","B",null,"M","?","M","$","M","E","R","?","T","$","E","R","M","M","R","B",null,"M","$","M","M","$","E","R","E","T","R","$","M","M","?","R","B",null,"R","$","E","B",null],"character_chosen":"DEFECT","items_purchased":["Pear","Membership Card","Replay:Bottled Eggs","Coolheaded+1","DollysMirror","sagemod:The_Guidebook_Guide","Dream Catcher","Frozen Egg 2","Toy Ornithopter","Go for the Eyes","Hello World+1","Onion Ring","Gash","Singing Bowl","REME_BuildACard","Skim","Replay:Wax Seal","Tiny Chest","Centennial Puzzle","Gremlin Food","Guide Book","Cauldron","Blue Doll","ReplayTheSpireMod:Private Reserves","aspiration:ChemicalBlood","aspiration:Nostalgia","Molten Egg 2","Eternal Feather","relicPack:WeightedSword","Kunai","Midas Touch","Self Repair+1","Raider\u0027s Mask","aspiration:StickyExplosives_weak","REME_HandOfSuture","aspiration:VileToxins","Happy Flower","Static Discharge+1","REME_AllRoundStrike+1","TungstenRod","Chameleon Ring","HandDrill","Grinning Jar","Loop+1","REME_ShortnessOfBreath"],"campfire_rested":7,"item_purchase_floors":[0,0,0,0,10,10,10,10,10,10,10,13,13,21,21,21,27,27,27,27,27,27,36,36,39,39,39,39,39,39,39,39,45,45,45,45,45,45,45,53,53,53,53,53,53],"current_hp_per_floor":[59,59,48,42,42,37,37,37,37,37,30,23,23,17,42,28,76,67,73,70,70,34,13,45,51,53,245,189,282,280,274,312,280,307,283,283,285,258,324,292,386,349,349,386,422,424,392,392,426,314,398,426,456,442,369],"gold":249,"neow_bonus":"","is_daily":false,"chose_seed":false,"campfire_upgraded":1,"win_rate":0.0,"timestamp":1610482397,"path_taken":["M","?","?","M","?","E","R","?","T","$","M","E","$","M","R","BOSS","M","?","M","$","M","E","R","?","T","?","E","R","M","M","R","BOSS","M","$","M","M","$","E","R","E","T","R","$","M","M","?","R","BOSS","R","$","E","BOSS"],"items_purchased_type":["Relic","Relic","Relic","Card","Relic","Relic","Relic","Relic","Relic","Card","Card","Relic","Card","Relic","Card","Card","Relic","Relic","Relic","Relic","Relic","Relic","Relic","Card","Relic","Relic","Relic","Relic","Relic","Relic","Card","Card","Relic","Relic","Relic","Relic","Relic","Card","Card","Relic","Relic","Relic","Relic","Card","Card"],"build_version":"2020-12-22","purchased_purges":8,"victory":true,"max_hp_per_floor":[85,85,85,85,85,85,85,85,85,85,85,85,85,85,85,85,90,90,96,96,96,98,102,104,110,112,304,306,308,308,310,312,316,316,316,316,318,318,384,386,386,386,386,386,422,424,424,424,426,426,426,426,456,456,463],"card_choices":[{"not_picked":["Barrage","Rebound"],"picked":"White Noise","floor":1},{"not_picked":["Undo","Panic Button"],"picked":"Chaos","floor":4},{"not_picked":["TH:PixieDust"],"picked":"TH:DeckOfManyThings","floor":5},{"not_picked":["TH:ElvenBoots"],"picked":"TH:BikiniMail","floor":6},{"not_picked":["Rebound","Rainbow"],"picked":"Rip and Tear","floor":6},{"not_picked":["Conserve Battery","Sweeping Beam"],"picked":"Gash","floor":8},{"not_picked":["Leap","Fission"],"picked":"REME_Compress","floor":8},{"not_picked":["TH:CopperCoins"],"picked":"TH:Mimic","floor":9},{"not_picked":["Cold Snap","Double Energy"],"picked":"REME_Compress","floor":11},{"not_picked":["TH:BikiniMail"],"picked":"TH:EnergyPotion","floor":12},{"not_picked":["Defragment+1","Reprogram"],"picked":"Tempest","floor":12},{"not_picked":["Compile Driver","Chaos"],"picked":"Turbo","floor":14},{"not_picked":["Panic Button","Time Bomb"],"picked":"Genetic Algorithm","floor":15},{"not_picked":["TH:ElvenBoots"],"picked":"TH:CursedSword","floor":16},{"not_picked":["ReplayTheSpireMod:Omega Cannon","All For One"],"picked":"REME_ForAll","floor":16},{"not_picked":["Redo","BasicCrystalCard"],"picked":"Chaos","floor":17},{"not_picked":["Hologram","Leap"],"picked":"Beam Cell","floor":18},{"not_picked":["Force Field+1","Conserve Battery"],"picked":"REME_DataAnalysis","floor":20},{"not_picked":["Darkness","Sunder","BasicCrystalCard"],"picked":"Singing Bowl","floor":22},{"not_picked":["TH:CopperCoins","TH:PixieDust"],"picked":"Singing Bowl","floor":23},{"not_picked":["Coolheaded+1","Leap","Electrodynamics+1"],"picked":"Singing Bowl","floor":23},{"not_picked":["Conserve Battery+1","Sweeping Beam","Fusion+1"],"picked":"Singing Bowl","floor":24},{"not_picked":["TH:BikiniMail","TH:CursedSword"],"picked":"Singing Bowl","floor":26},{"not_picked":["TH:EnergyPotion","TH:CopperCoins","TH:BikiniMail"],"picked":"Singing Bowl","floor":28},{"not_picked":["Hologram+1","Heatsinks+1","Force Field"],"picked":"REME_Whirling","floor":28},{"not_picked":["Hologram","Compile Driver","BasicCrystalCard+1","ReplayTheSpireMod:Repulse+1"],"picked":"Singing Bowl","floor":29},{"not_picked":["Go for the Eyes+1","Defragment+1","Streamline","Ball Lightning"],"picked":"Gash","floor":30},{"not_picked":["Fusion","Turbo","Compile Driver","Conserve Battery"],"picked":"Singing Bowl","floor":31},{"not_picked":["Stack+1","ReplayTheSpireMod:System Scan","Capacitor+1","REME_ForAll"],"picked":"Singing Bowl","floor":32},{"not_picked":["TH:EnergyPotion","TH:TreasureMap","TH:CopperCoins"],"picked":"Singing Bowl","floor":33},{"not_picked":["Amplify","Fission","Core Surge","Biased Cognition+1"],"picked":"Singing Bowl","floor":33},{"not_picked":["Hologram+1","Redo+1","Heatsinks+1","TH:CopperCoins"],"picked":"Gash+1","floor":35},{"not_picked":["Coolheaded","ReplayTheSpireMod:Repulse+1","Rebound+1","Streamline","Finesse"],"picked":"Singing Bowl","floor":37},{"not_picked":["Streamline+1","Force Field+1","Leap+1","Thinking Ahead"],"picked":"White Noise+1","floor":38},{"not_picked":["TH:CursedSword","TH:PixieDust"],"picked":"TH:DeckOfManyThings","floor":40},{"not_picked":["Chaos+1","Go for the Eyes+1","Stack","Redo","Sweeping Beam+1","TH:Mimic"],"picked":"Singing Bowl","floor":40},{"not_picked":["Glacier","Chill","Ball Lightning+1","ReplayTheSpireMod:Trickstab+1"],"picked":"Beam Cell+1","floor":41},{"not_picked":["TH:DeckOfManyThings","TH:ElvenBoots"],"picked":"TH:EnergyPotion","floor":42},{"not_picked":["REME_Whirling+1","Electrodynamics+1","Coolheaded","Leap+1"],"picked":"HandOfGreed+1","floor":42},{"not_picked":["TH:ElvenBoots","TH:ArmorSpikes"],"picked":"TH:CopperCoins","floor":43},{"not_picked":["REME_DataAnalysis+1","Turbo","Sweeping Beam+1","Survey Options"],"picked":"Loop+1","floor":44},{"not_picked":["ReplayTheSpireMod:Calculation Training+1","ReplayTheSpireMod:System Scan","Heatsinks+1","Beam Cell+1","TH:CopperCoins"],"picked":"Singing Bowl","floor":46},{"not_picked":["Barrage+1","Panic Button+1","Compile Driver+1","Mind Blast+1"],"picked":"Gash+1","floor":47},{"not_picked":["White Noise","ReplayTheSpireMod:Reroute Power+1","Barrage+1","Cold Snap+1","REME_BattleFury+1"],"picked":"Singing Bowl","floor":49},{"not_picked":["TH:BikiniMail","TH:EnergyPotion"],"picked":"TH:CursedSword","floor":54},{"not_picked":["Creative AI+1","Ball Lightning+1","Reinforced Body","Forethought+1"],"picked":"Gash+1","floor":54}],"player_experience":182914,"relics_obtained":[{"floor":6,"key":"Replay:Antivirus Software"},{"floor":8,"key":"Replay:WaspNest"},{"floor":9,"key":"Pet Ghost"},{"floor":12,"key":"Darkstone Periapt"},{"floor":23,"key":"aspiration:Lifesprig"},{"floor":26,"key":"Question Card"},{"floor":28,"key":"Replay:Mystery Machine"},{"floor":34,"key":"Omamori"},{"floor":34,"key":"Pen Nib"},{"floor":40,"key":"Replay:Bottled Snecko"},{"floor":42,"key":"ReplayTheSpireMod:TigerMarble"},{"floor":43,"key":"Blood Vial"},{"floor":54,"key":"relicPack:NeonSign"}],"event_choices":[{"damage_healed":0,"gold_gain":0,"player_choice":"Box","damage_taken":0,"relics_obtained":["DataDisk"],"max_hp_gain":0,"max_hp_loss":0,"event_name":"Big Fish","floor":2,"gold_loss":0,"cards_obtained":["Regret"]},{"damage_healed":0,"gold_gain":75,"player_choice":"Gather Gold","damage_taken":11,"max_hp_gain":0,"max_hp_loss":0,"event_name":"World of Goop","floor":3,"gold_loss":0},{"damage_healed":0,"gold_gain":0,"player_choice":"Opened","damage_taken":0,"relics_obtained":["Replay:Bottled Flurry"],"max_hp_gain":0,"max_hp_loss":0,"event_name":"The Mausoleum","floor":19,"gold_loss":0,"cards_obtained":["Writhe"]},{"damage_healed":0,"gold_gain":0,"player_choice":"Stole Relic","damage_taken":0,"relics_obtained":["Mummified Hand"],"max_hp_gain":0,"max_hp_loss":0,"event_name":"Addict","floor":25,"gold_loss":0,"cards_obtained":["Shame"]},{"damage_healed":0,"gold_gain":0,"player_choice":"Copied","damage_taken":0,"max_hp_gain":0,"max_hp_loss":0,"event_name":"Duplicator","floor":48,"gold_loss":0,"cards_obtained":["REME_AllRoundStrike"]}],"is_beta":false,"boss_relics":[{"not_picked":["Ectoplasm","Philosopher\u0027s Stone"],"picked":"Tiny House"},{"not_picked":["Busted Crown","Replay:Wanted Poster"],"picked":"REME_LowDesire"}],"items_purged_floors":[10,10,10,10,10,10,27,39],"is_endless":false,"potions_floor_spawned":[1,12,16,23,28,30,31,35,38,40,54],"ascension_level":6}}