{"host":"tnsigirk6wurdark","time":1610488298,"event":{"mods":["BaseMod","Colored Map","Colored Powertips","Highlight Path","Minty Spire (QoL Compilation)","Quick Restart","Relic Sorter","StSLib","Synergy Search"],"gold_per_floor":[113,124,124,140,156,156,187,200,275,425,425,444,165,97,97,97,97],"floor_reached":16,"language":"ENG","playtime":1055,"items_purged":[],"score":179,"play_id":"a71c7b43-cb83-4d3c-b364-66babd4e9989","local_time":"20210112215138","is_ascension_mode":true,"campfire_choices":[{"data":"Footwork","floor":6,"key":"SMITH"},{"floor":11,"key":"REST"},{"floor":15,"key":"REST"}],"circlet_count":0,"master_deck":["AscendersBane","Strike_G","Strike_G","Strike_G","Strike_G","Defend_G","Defend_G","Defend_G","Defend_G","Defend_G","Survivor","Neutralize","PiercingWail","Flying Knee","Prepared","Footwork+1","Sucker Punch","Backflip","Doubt","Prepared","Acrobatics","Tactician","Deadly Poison","Backflip","PiercingWail","Reflex","Prepared"],"relics":["WristBlade","Orrery","Tingsha","Question Card"],"acts_visited":["Exordium"],"potions_floor_usage":[5,5,16,16],"damage_taken":[{"damage":3,"enemies":"Small Slimes","floor":1,"turns":7},{"damage":0,"enemies":"Cultist","floor":2,"turns":5},{"damage":0,"enemies":"Jaw Worm","floor":4,"turns":5},{"damage":3,"enemies":"3 Louse","floor":5,"turns":6},{"damage":38,"enemies":"Lagavulin","floor":7,"turns":13},{"damage":1,"enemies":"2 Fungi Beasts","floor":8,"turns":5},{"damage":13,"enemies":"Lots of Slimes","floor":12,"turns":6},{"damage":39,"enemies":"Slime Boss","floor":16,"turns":11}],"seed_played":"-2586333279501647547","potions_obtained":[{"floor":2,"key":"GamblersBrew"},{"floor":4,"key":"SkillPotion"},{"floor":8,"key":"FearPotion"},{"floor":12,"key":"Strength Potion"}],"is_trial":false,"path_per_floor":["M","M","?","M","M","R","E","M","T","?","R","M","$","?","R","B"],"character_chosen":"THE_SILENT","items_purchased":["Acrobatics","Tactician","Orrery"],"campfire_rested":2,"item_purchase_floors":[13,13,13],"current_hp_per_floor":[56,56,56,56,53,53,15,14,14,14,33,20,20,20,39,0,0],"gold":97,"neow_bonus":"BOSS_RELIC","is_daily":false,"chose_seed":false,"campfire_upgraded":1,"win_rate":0.0,"timestamp":1610488298,"path_taken":["M","M","?","?","M","R","E","M","T","?","R","M","$","?","R","BOSS"],"items_purchased_type":["Card","Card","Relic"],"build_version":"2020-12-22","purchased_purges":0,"victory":false,"max_hp_per_floor":[66,66,66,66,66,66,66,66,66,66,66,66,66,66,66,66,66],"card_choices":[{"not_picked":["Underhanded Strike","Finisher"],"picked":"PiercingWail","floor":1},{"not_picked":["PiercingWail","Flechettes"],"picked":"Flying Knee","floor":2},{"not_picked":["Outmaneuver","Riddle With Holes"],"picked":"Prepared","floor":4},{"not_picked":["Quick Slash","Cloak And Dagger"],"picked":"Footwork","floor":5},{"not_picked":["Riddle With Holes","Flying Knee"],"picked":"Sucker Punch","floor":7},{"not_picked":["Flying Knee","Deflect"],"picked":"Backflip","floor":8},{"not_picked":["Leg Sweep","Underhanded Strike","PiercingWail"],"picked":"Prepared","floor":12},{"not_picked":["Masterful Stab","Dodge and Roll","Terror"],"picked":"Deadly Poison","floor":13},{"not_picked":["Night Terror","Endless Agony","Dagger Spray"],"picked":"Backflip","floor":13},{"not_picked":["Flying Knee","Storm of Steel","Sucker Punch"],"picked":"PiercingWail","floor":13},{"not_picked":["Slice","Masterful Stab","Quick Slash"],"picked":"Reflex","floor":13},{"not_picked":["Storm of Steel","Dagger Spray","Bane"],"picked":"Prepared","floor":13}],"player_experience":695690,"relics_obtained":[{"floor":7,"key":"Tingsha"},{"floor":9,"key":"Question Card"}],"event_choices":[{"cards_removed":["Strike_G"],"damage_healed":0,"gold_gain":0,"player_choice":"Purged","damage_taken":0,"max_hp_gain":0,"max_hp_loss":0,"event_name":"Purifier","floor":3,"gold_loss":0},{"damage_healed":0,"gold_gain":150,"player_choice":"AGREE","damage_taken":0,"max_hp_gain":0,"max_hp_loss":0,"event_name":"Liars Game","floor":10,"gold_loss":0,"cards_obtained":["Doubt"]},{"damage_healed":0,"gold_gain":0,"player_choice":"Left Gold","damage_taken":0,"max_hp_gain":0,"max_hp_loss":0,"event_name":"World of Goop","floor":14,"gold_loss":68}],"is_beta":false,"boss_relics":[],"items_purged_floors":[],"is_endless":false,"potions_floor_spawned":[2,4,8,12],"killed_by":"Slime Boss","ascension_level":15}}