{"host":"yvb207ks1sg3cxef","time":1610456998,"event":{"mods":["2.2 Compatiblity","BaseMod","Bestiary","Colored Powertips","Minty Spire (QoL Compilation)","Permanent Neow","Quick Restart","Relic Stats","StSLib"],"gold_per_floor":[110,0,14,27,40,66,66,104,129,129,129,147,170,205,205,331,331,352,365,385,66,66,106,106,149,149,149,149,183,183,197,197,318,318,342,342,367,367,92,136,199,240,288,303,316,352,94,130,142,154,166,178,37,73,73,73],"floor_reached":55,"playtime":4857,"items_purged":["Strike_B","Strike_B","Sunder"],"score":1137,"play_id":"d71140e4-df74-41b0-b7e9-ef7eb57b1fc3","local_time":"20210112183958","is_ascension_mode":true,"campfire_choices":[{"data":"Capacitor","floor":11.0,"key":"SMITH"},{"data":"Defragment","floor":15.0,"key":"SMITH"},{"data":"Blizzard","floor":27.0,"key":"SMITH"},{"data":"Blizzard","floor":30.0,"key":"SMITH"},{"data":"Recycle","floor":32.0,"key":"SMITH"},{"floor":49,"key":"RECALL"},{"data":"Zap","floor":52,"key":"SMITH"}],"circlet_count":0,"master_deck":["Defend_B","Defend_B","Defend_B","Defend_B","Zap+1","Dualcast","Sweeping Beam","Defragment+1","Glacier","Defragment+1","Capacitor+1","Leap","Blizzard+1","Amplify","Recycle+1","Glacier","Blizzard+1","Conserve Battery+1","Machine Learning+1","Conserve Battery+1","Echo Form+1","Skim+1","Heatsinks+1","Hologram+1","Coolheaded+1","Defragment+1"],"relics":["Cracked Core","Toy Ornithopter","Art of War","Golden Idol","Tiny Chest","Ancient Tea Set","Happy Flower","Empty Cage","TheAbacus","Gambling Chip","Frozen Egg 2","Bird Faced Urn","Toxic Egg 2","Potion Belt","SacredBark","Omamori","Torii","FossilizedHelix","Bag of Marbles","Bottled Flame","White Beast Statue","MawBank","Orichalcum","Strawberry"],"acts_visited":["Exordium","TheCity","TheBeyond","TheEnding"],"potions_floor_usage":[54,55,55,55,55],"damage_taken":[{"damage":0.0,"enemies":"Cultist","floor":1.0,"turns":3.0},{"damage":0.0,"enemies":"Small Slimes","floor":3.0,"turns":2.0},{"damage":0.0,"enemies":"2 Louse","floor":4.0,"turns":2.0},{"damage":4.0,"enemies":"Exordium Thugs","floor":5.0,"turns":12.0},{"damage":0.0,"enemies":"Lagavulin","floor":6.0,"turns":10.0},{"damage":10.0,"enemies":"3 Sentries","floor":8.0,"turns":9.0},{"damage":11.0,"enemies":"Looter","floor":12.0,"turns":3.0},{"damage":5.0,"enemies":"Gremlin Gang","floor":13.0,"turns":5.0},{"damage":3.0,"enemies":"Lagavulin","floor":14.0,"turns":9.0},{"damage":11.0,"enemies":"Slime Boss","floor":16.0,"turns":9.0},{"damage":33.0,"enemies":"3 Byrds","floor":18.0,"turns":5.0},{"damage":0.0,"enemies":"Spheric Guardian","floor":19.0,"turns":10.0},{"damage":2.0,"enemies":"Snecko","floor":20.0,"turns":14.0},{"damage":13.0,"enemies":"Gremlin Leader","floor":23.0,"turns":12.0},{"damage":13.0,"enemies":"Book of Stabbing","floor":25.0,"turns":10.0},{"damage":16.0,"enemies":"Gremlin Leader","floor":29.0,"turns":9.0},{"damage":5.0,"enemies":"Shelled Parasite and Fungi","floor":31.0,"turns":9.0},{"damage":7.0,"enemies":"Champ","floor":33.0,"turns":16.0},{"damage":12.0,"enemies":"3 Darklings","floor":35.0,"turns":5.0},{"damage":93.0,"enemies":"Reptomancer","floor":40.0,"turns":17.0},{"damage":0.0,"enemies":"Mind Bloom Boss Battle","floor":41.0,"turns":10.0},{"damage":0.0,"enemies":"Giant Head","floor":42.0,"turns":14.0},{"damage":2.0,"enemies":"3 Shapes","floor":44.0,"turns":7.0},{"damage":1.0,"enemies":"Maw","floor":45.0,"turns":11.0},{"damage":0,"enemies":"Nemesis","floor":46,"turns":15},{"damage":0,"enemies":"Giant Head","floor":48,"turns":12},{"damage":0,"enemies":"Time Eater","floor":50,"turns":17},{"damage":0,"enemies":"Shield and Spear","floor":54,"turns":10},{"damage":112,"enemies":"The Heart","floor":55,"turns":14}],"seed_played":"1996022046424370936","potions_obtained":[{"floor":1.0,"key":"FairyPotion"},{"floor":3.0,"key":"Strength Potion"},{"floor":4.0,"key":"Dexterity Potion"},{"floor":12.0,"key":"FocusPotion"},{"floor":19.0,"key":"DuplicationPotion"},{"floor":20.0,"key":"ColorlessPotion"},{"floor":23.0,"key":"SpeedPotion"},{"floor":40.0,"key":"PotionOfCapacity"},{"floor":42.0,"key":"BlessingOfTheForge"},{"floor":48,"key":"Energy Potion"},{"floor":54,"key":"PotionOfCapacity"}],"is_trial":false,"path_per_floor":["M","$","M","M","M","E","?","E","T","?","R","M","M","E","R","B",null,"M","M","M","$","?","E","T","E","T","R","?","E","R","M","R","B",null,"M","?","T","$","$","E","?","E","T","M","M","E","$","E","R","B",null,"R","$","E","B"],"character_chosen":"DEFECT","items_purchased":["Fusion","TheAbacus","Glacier","Echo Form+1","White Beast Statue","Orichalcum"],"campfire_rested":0,"item_purchase_floors":[2,21,21,39,47,53],"current_hp_per_floor":[75,75,75,75,71,71,53,43,43,43,43,32,32,29,29,18,75,42,42,45,45,45,37,37,29,29,29,75,59,59,60,60,59,75,67,67,67,67,67,48,60,72,72,73,75,75,75,75,75,75,75,75,75,82,0,0],"gold":73,"neow_bonus":"RANDOM_COMMON_RELIC","is_daily":false,"chose_seed":false,"campfire_upgraded":6,"win_rate":0.0,"timestamp":1610456998,"path_taken":["M","$","?","M","M","E","?","E","T","?","R","M","?","E","R","BOSS","M","M","M","$","?","E","?","E","T","R","?","E","R","?","R","BOSS","M","?","?","?","$","E","?","E","T","M","M","E","$","E","R","BOSS","R","$","E","BOSS"],"items_purchased_type":["Card","Relic","Card","Card","Relic","Relic"],"build_version":"2020-12-22","purchased_purges":3,"victory":false,"max_hp_per_floor":[75,75,75,75,75,75,75,75,75,75,75,75,75,75,75,75,75,75,75,75,75,75,75,75,75,75,75,75,75,75,75,75,75,75,75,75,75,75,75,75,75,75,75,75,75,75,75,75,75,75,75,75,75,82,82,82],"relic_stats":{"Happy Flower":[75],"Torii":15,"counters":[29,281],"Golden Idol":201,"Orichalcum":[6],"MawBank":60,"TheAbacus":[756],"Gambling Chip":[44],"Bird Faced Urn":[71],"Tiny Chest":2,"Art of War":[122],"obtain_stats":[{"Potion Belt":29,"Happy Flower":14,"Torii":40,"Golden Idol":7,"SacredBark":34,"Omamori":37,"Frozen Egg 2":24,"Orichalcum":53,"Ancient Tea Set":9,"Empty Cage":17,"MawBank":48,"White Beast Statue":47,"Bottled Flame":46,"TheAbacus":21,"Gambling Chip":23,"Bird Faced Urn":25,"Strawberry":54,"Tiny Chest":8,"Art of War":6,"Bag of Marbles":42,"Toxic Egg 2":26,"Cracked Core":0,"Toy Ornithopter":0,"FossilizedHelix":41},{"Potion Belt":16,"Happy Flower":9,"Torii":20,"Golden Idol":5,"SacredBark":18,"Omamori":19,"Frozen Egg 2":14,"Orichalcum":27,"Ancient Tea Set":6,"Empty Cage":10,"MawBank":26,"White Beast Statue":25,"Bottled Flame":25,"TheAbacus":13,"Gambling Chip":14,"Bird Faced Urn":15,"Strawberry":28,"Tiny Chest":6,"Art of War":5,"Bag of Marbles":22,"Toxic Egg 2":15,"Cracked Core":0,"Toy Ornithopter":0,"FossilizedHelix":21},{"Potion Belt":124,"Happy Flower":55,"Torii":171,"Golden Idol":29,"SacredBark":149,"Omamori":154,"Frozen Egg 2":105,"Orichalcum":257,"Ancient Tea Set":38,"Empty Cage":64,"MawBank":240,"White Beast Statue":228,"Bottled Flame":228,"TheAbacus":93,"Gambling Chip":105,"Bird Faced Urn":115,"Strawberry":267,"Tiny Chest":38,"Art of War":29,"Bag of Marbles":195,"Toxic Egg 2":115,"Cracked Core":0,"Toy Ornithopter":0,"FossilizedHelix":181}],"Toy Ornithopter":21},"card_choices":[{"not_picked":["Darkness","Leap"],"picked":"Sweeping Beam","floor":1.0},{"not_picked":["Turbo","Lockon"],"picked":"Defragment","floor":3.0},{"not_picked":["Static Discharge","Turbo"],"picked":"Glacier","floor":4.0},{"not_picked":["Redo","Ball Lightning"],"picked":"Defragment","floor":5.0},{"not_picked":["Doom and Gloom","Beam Cell"],"picked":"Capacitor","floor":6.0},{"not_picked":["All For One","Streamline","Go for the Eyes"],"picked":"SKIP","floor":8.0},{"not_picked":["Gash","Cold Snap"],"picked":"Leap","floor":12.0},{"not_picked":["Compile Driver","Scrape","Leap"],"picked":"SKIP","floor":13.0},{"not_picked":["Chill","Leap"],"picked":"Blizzard","floor":14.0},{"not_picked":["Multi-Cast","Hyperbeam"],"picked":"Amplify","floor":16.0},{"not_picked":["Hologram+1","Ball Lightning"],"picked":"BootSequence","floor":18.0},{"not_picked":["Streamline","Doom and Gloom"],"picked":"Recycle","floor":19.0},{"not_picked":["Rebound","Redo+1","Ball Lightning"],"picked":"SKIP","floor":20.0},{"not_picked":["Hello World","Rainbow","White Noise"],"picked":"SKIP","floor":23.0},{"not_picked":["Barrage","Static Discharge+1","Redo+1"],"picked":"SKIP","floor":25.0},{"not_picked":["Barrage","Static Discharge+1","Redo+1"],"picked":"SKIP","floor":25.0},{"not_picked":["Sunder+1","Cold Snap"],"picked":"Blizzard","floor":29.0},{"not_picked":["Compile Driver+1","Static Discharge+1"],"picked":"Conserve Battery+1","floor":31.0},{"not_picked":["Buffer+1","All For One"],"picked":"Machine Learning+1","floor":33.0},{"not_picked":["Cold Snap","Streamline+1"],"picked":"Conserve Battery+1","floor":35.0},{"not_picked":["Streamline+1","Barrage"],"picked":"Skim+1","floor":40.0},{"not_picked":["Steam+1","Go for the Eyes","Ball Lightning+1"],"picked":"SKIP","floor":42.0},{"not_picked":["Stack+1","Leap+1"],"picked":"Heatsinks+1","floor":44.0},{"not_picked":["Recycle+1","Gash+1"],"picked":"Hologram+1","floor":45},{"not_picked":["Sunder+1","Fusion+1"],"picked":"Coolheaded+1","floor":46},{"not_picked":["Coolheaded+1","Beam Cell+1"],"picked":"Defragment+1","floor":48},{"not_picked":["Core Surge","Auto Shields+1","Gash"],"picked":"SKIP","floor":54}],"player_experience":321977,"relics_obtained":[{"floor":6.0,"key":"Art of War"},{"floor":8.0,"key":"Tiny Chest"},{"floor":9.0,"key":"Ancient Tea Set"},{"floor":14.0,"key":"Happy Flower"},{"floor":23.0,"key":"Gambling Chip"},{"floor":24.0,"key":"Frozen Egg 2"},{"floor":25.0,"key":"Bird Faced Urn"},{"floor":26.0,"key":"Toxic Egg 2"},{"floor":29.0,"key":"Potion Belt"},{"floor":37.0,"key":"Omamori"},{"floor":40.0,"key":"Torii"},{"floor":41.0,"key":"FossilizedHelix"},{"floor":42.0,"key":"Bag of Marbles"},{"floor":46,"key":"Bottled Flame"},{"floor":48,"key":"MawBank"},{"floor":54,"key":"Strawberry"}],"event_choices":[{"damage_healed":0.0,"max_hp_gain":0.0,"max_hp_loss":0.0,"gold_gain":0.0,"event_name":"Golden Idol","player_choice":"Take Damage","floor":7.0,"gold_loss":0.0,"damage_taken":18.0,"relics_obtained":["Golden Idol"]},{"damage_healed":0.0,"max_hp_gain":0.0,"max_hp_loss":0.0,"gold_gain":0.0,"event_name":"Accursed Blacksmith","player_choice":"Forge","floor":10.0,"gold_loss":0.0,"damage_taken":0.0,"cards_upgraded":["Defragment"]},{"cards_removed":["Fusion"],"damage_healed":46.0,"max_hp_gain":0.0,"max_hp_loss":0.0,"gold_gain":0.0,"event_name":"Bonfire Elementals","player_choice":"Offered Uncommon","floor":28.0,"gold_loss":0.0,"damage_taken":0.0},{"damage_healed":0.0,"max_hp_gain":0.0,"max_hp_loss":0.0,"gold_gain":0.0,"cards_transformed":["BootSequence"],"event_name":"Transmorgrifier","player_choice":"Transformed","floor":36.0,"gold_loss":0.0,"damage_taken":0.0,"cards_obtained":["Sunder"]},{"damage_healed":0.0,"max_hp_gain":0.0,"max_hp_loss":0.0,"gold_gain":0.0,"event_name":"MindBloom","player_choice":"Fight","floor":41.0,"gold_loss":0.0,"damage_taken":0.0}],"is_beta":false,"boss_relics":[{"not_picked":["Nuclear Battery","Snecko Eye"],"picked":"Empty Cage"},{"not_picked":["Calling Bell","Astrolabe"],"picked":"SacredBark"}],"items_purged_floors":[2,21,39],"is_endless":false,"potions_floor_spawned":[1,3,4,8,12,19,20,23,40,42,48,54],"killed_by":"The Heart","ascension_level":2}}