{"host":"j4g6ia6asvpyu2b0","time":1610412855,"event":{"mods":["BaseMod","Colored Map","Minty Spire (QoL Compilation)","Permanent Neow","Quick Restart","Relic Stats","StSLib","Unceasing Turn Reminder"],"gold_per_floor":[209,209,282,297,297,297,297],"floor_reached":6,"playtime":164,"items_purged":[],"score":51,"play_id":"aed0b01a-ed74-4528-8064-1ad4ffaa6876","local_time":"20210111175415","is_ascension_mode":true,"campfire_choices":[],"circlet_count":0,"master_deck":["AscendersBane","Strike_B","Strike_B","Strike_B","Defend_B","Defend_B","Defend_B","Defend_B","Zap","Dualcast","Sweeping Beam","Cold Snap"],"relics":["Cracked Core","Singing Bowl","Mummified Hand"],"acts_visited":["Exordium"],"potions_floor_usage":[],"damage_taken":[{"damage":11,"enemies":"Small Slimes","floor":1,"turns":3},{"damage":7,"enemies":"Jaw Worm","floor":4,"turns":4},{"damage":36,"enemies":"Lagavulin","floor":6,"turns":7}],"seed_played":"8158421241114875243","potions_obtained":[],"is_trial":false,"path_per_floor":["M","?","T","M","?","E"],"character_chosen":"DEFECT","items_purchased":[],"campfire_rested":0,"item_purchase_floors":[],"current_hp_per_floor":[57,50,50,43,36,0,0],"gold":297,"neow_bonus":"HUNDRED_GOLD","is_daily":false,"chose_seed":false,"campfire_upgraded":0,"win_rate":0.0,"timestamp":1610412855,"path_taken":["M","?","?","?","?","E"],"items_purchased_type":[],"build_version":"2020-12-22","purchased_purges":0,"victory":false,"max_hp_per_floor":[75,75,75,75,75,75,75],"relic_stats":{"Singing Bowl":0,"counters":[3,14],"Mummified Hand":[0],"obtain_stats":[{"Singing Bowl":3,"Mummified Hand":5,"Cracked Core":0},{"Singing Bowl":1,"Mummified Hand":2,"Cracked Core":0},{"Singing Bowl":3,"Mummified Hand":7,"Cracked Core":0}]},"card_choices":[{"not_picked":["Conserve Battery","Stack"],"picked":"Sweeping Beam","floor":1},{"not_picked":["Conserve Battery","Heatsinks"],"picked":"Cold Snap","floor":4}],"player_experience":809995,"relics_obtained":[{"floor":3,"key":"Singing Bowl"}],"event_choices":[{"cards_removed":["Strike_B"],"damage_healed":0,"gold_gain":0,"player_choice":"Card Removal","damage_taken":7,"max_hp_gain":0,"max_hp_loss":0,"event_name":"Golden Wing","floor":2,"gold_loss":0},{"damage_healed":0,"gold_gain":0,"player_choice":"Success","damage_taken":7,"relics_obtained":["Mummified Hand"],"max_hp_gain":0,"max_hp_loss":0,"event_name":"Scrap Ooze","floor":5,"gold_loss":0}],"is_beta":false,"boss_relics":[],"items_purged_floors":[],"is_endless":false,"potions_floor_spawned":[],"killed_by":"Lagavulin","ascension_level":10}}