{"host":"bf9sa99gaumonoeu","time":1610468732,"event":{"mods":["AchievementEnabler","Act Like it!","BaseMod","Better Sensory Stone","Colored Map","Colored Powertips","Fox Events","Friendly Minions","Gensokyo","GifTheSpireLib","Googly Eyes","Hallownest","Hermit","Hubris","Jorbs\u0027s Wanderer Trilogy","KinomotoSakuraMod(????)","Koishi","Lobotomy","Marisa????????","Minty Spire (QoL Compilation)","Rare Cards Sparkle","Reimu??????","Relic Stats","Remilia??????","Replay The Spire","StSLib","The Administrix","The Animator","The Bug Knight","The Construct","The Cursed","The Disciple","The Hierophant","The Mystic","The Necromancer","The Poker Player","The Runesmith","The Senshi","The Servant 0.9.4","TheLocksmith","Yakumo Yukari mod","thorton"],"gold_per_floor":[129,144,155,169,196,229,229,179,179,139,139,153,199,124,124,213,213,224,199,199,199,124,124,124],"floor_reached":23,"playtime":1692,"items_purged":["animator:Strike"],"score":332,"play_id":"eb02fcfc-0e9b-4ffc-9a0b-02cf329aa866","local_time":"20210112142532","is_ascension_mode":true,"campfire_choices":[{"floor":7,"key":"REST"},{"floor":15,"key":"REST"}],"circlet_count":0,"master_deck":["AscendersBane","animator:Strike_Elsword","animator:Defend_Elsword","animator:Defend","animator:Defend","animator:Defend","animator:Chung","animator:Raven","animator:Cirno","animator:Lu","animator:TukaLunaMarceau","animator:Ciel","animator:KrulTepes","animator:Fredrika","animator:DolaStephanie","animator:Arpeggio","animator:Eve","animator:Rimuru","animator:Aisha"],"relics":["animator:LivingPicture","animator:TheMissingPiece","Blood Vial","Prayer Wheel","Replay:Wax Seal","PaintedHorse:ReiMu","Bronze Scales","animator:Mistletoe","Snecko Heart","hubris:Towel"],"acts_visited":["Exordium","TheCity"],"potions_floor_usage":[5,6,16],"damage_taken":[{"damage":14,"enemies":"Jaw Worm","floor":1,"turns":4},{"damage":0,"enemies":"Small Slimes","floor":2,"turns":3},{"damage":3,"enemies":"2 Louse","floor":3,"turns":5},{"damage":4,"enemies":"Blue Slaver","floor":4,"turns":4},{"damage":0,"enemies":"Looter","floor":5,"turns":4},{"damage":7,"enemies":"3 Sentries","floor":6,"turns":6},{"damage":7,"enemies":"Exordium Wildlife","floor":12,"turns":4},{"damage":8,"enemies":"Lagavulin","floor":13,"turns":6},{"damage":27,"enemies":"Slime Boss","floor":16,"turns":12},{"damage":15,"enemies":"3 Byrds","floor":18,"turns":3},{"damage":11,"enemies":"2 Thieves","floor":19,"turns":5},{"damage":49,"enemies":"Gremlin Leader","floor":23,"turns":4}],"seed_played":"-3859603810704971585","potions_obtained":[{"floor":3,"key":"Fire Potion"},{"floor":4,"key":"Elixir"},{"floor":5,"key":"animator:GrowthPotion"},{"floor":6,"key":"DistilledChaos"}],"is_trial":false,"path_per_floor":["M","M","M","M","M","E","R","?","T","?","?","M","E","$","R","B",null,"M","M","?","?","?","E"],"character_chosen":"THE_ANIMATOR","items_purchased":[],"campfire_rested":2,"item_purchase_floors":[],"current_hp_per_floor":[45,45,42,39,39,32,52,52,52,52,40,35,29,29,49,24,56,44,35,35,35,35,0,0],"gold":124,"neow_bonus":"RANDOM_COLORLESS","is_daily":false,"chose_seed":false,"campfire_upgraded":0,"win_rate":0.0,"timestamp":1610468732,"path_taken":["M","M","M","M","M","E","R","?","T","?","?","M","E","$","R","BOSS","M","M","?","?","?","E"],"items_purchased_type":[],"build_version":"2020-12-22","purchased_purges":1,"victory":false,"max_hp_per_floor":[66,66,66,67,67,67,67,67,67,67,67,67,67,67,67,67,67,68,68,68,68,68,68,68],"relic_stats":{"Blood Vial":12,"counters":[12,60],"Bronze Scales":[127],"Prayer Wheel":3,"obtain_stats":[{"Blood Vial":6,"Snecko Heart":17,"PaintedHorse:ReiMu":10,"animator:TheMissingPiece":0,"Bronze Scales":11,"Prayer Wheel":6,"animator:LivingPicture":0,"Replay:Wax Seal":9,"hubris:Towel":20,"animator:Mistletoe":13},{"Blood Vial":6,"Snecko Heart":9,"PaintedHorse:ReiMu":6,"animator:TheMissingPiece":0,"Bronze Scales":6,"Prayer Wheel":6,"animator:LivingPicture":0,"Replay:Wax Seal":6,"hubris:Towel":11,"animator:Mistletoe":8},{"Blood Vial":26,"Snecko Heart":48,"PaintedHorse:ReiMu":26,"animator:TheMissingPiece":0,"Bronze Scales":26,"Prayer Wheel":26,"animator:LivingPicture":0,"Replay:Wax Seal":26,"hubris:Towel":56,"animator:Mistletoe":36}]},"card_choices":[{"not_picked":["animator:Kuroyukihime","animator:Zero"],"picked":"animator:Cirno","floor":0},{"not_picked":["animator:Millim","animator:Mikaela"],"picked":"animator:Lu","floor":1},{"not_picked":["animator:Yoichi","animator:Lancer"],"picked":"animator:TukaLunaMarceau","floor":2},{"not_picked":["animator:DolaSchwi","animator:Ara","animator:Millim"],"picked":"SKIP","floor":3},{"not_picked":["animator:Chung","animator:Elsword"],"picked":"animator:Ciel","floor":4},{"not_picked":["animator:Vesta","animator:Assassin"],"picked":"animator:KrulTepes","floor":5},{"not_picked":["animator:Shion","animator:ChaikaBohdan"],"picked":"animator:Fredrika","floor":6},{"not_picked":["animator:GazelDwargon","animator:ChaikaBohdan"],"picked":"animator:DolaStephanie","floor":12},{"not_picked":["animator:Rena","animator:Shiro"],"picked":"animator:Arpeggio","floor":12},{"not_picked":["animator:Ain","animator:Laby"],"picked":"animator:Eve","floor":13},{"not_picked":["animator:Eve","animator:Shizu"],"picked":"animator:Rimuru","floor":16},{"not_picked":["animator:Shion","animator:Shinoa"],"picked":"animator:Aisha","floor":18},{"not_picked":["animator:Vesta","animator:Raven","animator:Fredrika"],"picked":"SKIP","floor":18},{"not_picked":["animator:Fredrika","animator:Layla","animator:Viivi"],"picked":"SKIP","floor":19},{"not_picked":["animator:DolaCouronne","animator:AcuraAkari","animator:KrulTepes"],"picked":"SKIP","floor":19}],"player_experience":920425,"relics_obtained":[{"floor":6,"key":"Blood Vial"},{"floor":6,"key":"Prayer Wheel"},{"floor":9,"key":"Replay:Wax Seal"},{"floor":13,"key":"animator:Mistletoe"}],"event_choices":[{"cards_removed":["animator:Strike"],"damage_healed":0,"gold_gain":0,"player_choice":"Card Removal","damage_taken":0,"max_hp_gain":0,"max_hp_loss":0,"event_name":"The Cleric","floor":8,"gold_loss":50},{"damage_healed":0,"gold_gain":0,"player_choice":"Donate","damage_taken":0,"relics_obtained":["PaintedHorse:ReiMu"],"max_hp_gain":0,"max_hp_loss":0,"event_name":"yidonshenshe","floor":10,"gold_loss":40},{"damage_healed":0,"gold_gain":0,"player_choice":"Success","damage_taken":12,"relics_obtained":["Bronze Scales"],"max_hp_gain":0,"max_hp_loss":0,"event_name":"Scrap Ooze","floor":11,"gold_loss":0},{"damage_healed":0,"gold_gain":0,"player_choice":"Ignored","damage_taken":0,"max_hp_gain":0,"max_hp_loss":0,"event_name":"Vampires","floor":21,"gold_loss":0},{"cards_removed":["animator:Strike"],"damage_healed":0,"gold_gain":0,"player_choice":"Gave Gold","damage_taken":0,"max_hp_gain":0,"max_hp_loss":0,"event_name":"Beggar","floor":22,"gold_loss":75}],"is_beta":false,"boss_relics":[{"not_picked":["Replay:Drink Me","hubris:RunicObelisk"],"picked":"Snecko Heart"}],"items_purged_floors":[14],"is_endless":false,"potions_floor_spawned":[3,4,5,6,13],"killed_by":"Gremlin Leader","ascension_level":13}}