{"host":"khm4we1ijduz33xh","time":1610428893,"event":{"mods":["AchievementEnabler","BaseMod","Colored Map","Minty Spire (QoL Compilation)","Rare Cards Sparkle","StSLib","SuperFastMode"],"gold_per_floor":[116,116,132,57,75,75,104,117,117,136,136,36,93,122,122,122,122],"floor_reached":16,"playtime":718,"items_purged":["Strike_G","Strike_G"],"score":127,"play_id":"8730e061-50c5-4d74-8447-e488f2bfa01e","local_time":"20210112142133","is_ascension_mode":true,"campfire_choices":[{"data":"Blade Dance","floor":6,"key":"SMITH"},{"data":"Prepared","floor":11,"key":"SMITH"},{"floor":15,"key":"DIG"}],"circlet_count":0,"master_deck":["Strike_G","Strike_G","Strike_G","Defend_G","Defend_G","Defend_G","Defend_G","Defend_G","Survivor","Neutralize","PiercingWail","Blade Dance+1","Deflect","Grand Finale","Backflip","Prepared+1","Quick Slash","Reflex"],"relics":["Ring of the Snake","NeowsBlessing","Bag of Marbles","Mango","Paper Crane","Lantern","Shovel","TungstenRod"],"acts_visited":["Exordium"],"potions_floor_usage":[7,13,16,16],"damage_taken":[{"damage":0,"enemies":"Small Slimes","floor":1,"turns":1},{"damage":0,"enemies":"2 Louse","floor":3,"turns":1},{"damage":0,"enemies":"Jaw Worm","floor":5,"turns":1},{"damage":13,"enemies":"Gremlin Nob","floor":7,"turns":4},{"damage":3,"enemies":"Blue Slaver","floor":8,"turns":5},{"damage":2,"enemies":"2 Fungi Beasts","floor":10,"turns":4},{"damage":16,"enemies":"3 Sentries","floor":13,"turns":9},{"damage":18,"enemies":"3 Sentries","floor":14,"turns":12},{"damage":22,"enemies":"Hexaghost","floor":16,"turns":14}],"seed_played":"6216661047051148348","potions_obtained":[{"floor":3,"key":"Explosive Potion"},{"floor":5,"key":"FearPotion"},{"floor":13,"key":"DuplicationPotion"},{"floor":14,"key":"CunningPotion"}],"is_trial":false,"path_per_floor":["M","?","M","$","M","R","E","M","T","M","R","$","?","E","R","B"],"character_chosen":"THE_SILENT","items_purchased":[],"campfire_rested":0,"item_purchase_floors":[],"current_hp_per_floor":[70,58,58,58,58,58,59,56,56,54,54,54,38,20,20,0,0],"gold":122,"neow_bonus":"THREE_ENEMY_KILL","is_daily":false,"chose_seed":false,"campfire_upgraded":2,"win_rate":0.0,"timestamp":1610428893,"path_taken":["M","?","M","$","M","R","E","M","T","M","R","$","?","E","R","BOSS"],"items_purchased_type":[],"build_version":"2020-12-22","purchased_purges":2,"victory":false,"max_hp_per_floor":[70,70,70,70,70,70,84,84,84,84,84,84,84,84,84,84,84],"card_choices":[{"not_picked":["Sucker Punch","Flechettes"],"picked":"PiercingWail","floor":1},{"not_picked":["Prepared","Leg Sweep"],"picked":"Blade Dance","floor":3},{"not_picked":["Dagger Spray","Prepared"],"picked":"Deflect","floor":5},{"not_picked":["Poisoned Stab","Leg Sweep"],"picked":"Grand Finale","floor":7},{"not_picked":["Riddle With Holes","Endless Agony"],"picked":"Backflip","floor":8},{"not_picked":["PiercingWail","Poisoned Stab"],"picked":"Prepared","floor":10},{"not_picked":["Prepared","All Out Attack"],"picked":"Quick Slash","floor":13},{"not_picked":["Choke","Catalyst"],"picked":"Reflex","floor":14}],"player_experience":213465,"relics_obtained":[{"floor":7,"key":"Mango"},{"floor":9,"key":"Paper Crane"},{"floor":13,"key":"Lantern"},{"floor":14,"key":"Shovel"},{"floor":15,"key":"TungstenRod"}],"event_choices":[{"damage_healed":0,"gold_gain":0,"player_choice":"Success","damage_taken":12,"relics_obtained":["Bag of Marbles"],"max_hp_gain":0,"max_hp_loss":0,"event_name":"Scrap Ooze","floor":2,"gold_loss":0},{"damage_healed":0,"gold_gain":0,"player_choice":"Searched \u00271\u0027 times","damage_taken":0,"max_hp_gain":0,"max_hp_loss":0,"event_name":"Dead Adventurer","floor":13,"gold_loss":0}],"is_beta":false,"boss_relics":[],"items_purged_floors":[4,12],"is_endless":false,"potions_floor_spawned":[3,5,13,14],"killed_by":"Hexaghost","ascension_level":3}}