{"host":"j8nwej2guqy0wdfh","time":1610441604,"event":{"mods":["Act Like it!","BaseMod","Friendly Minions","Gensokyo","Kiyohime（清姬）","Luminous","Minty Spire (QoL Compilation)","RumiaBox-露米娅的神秘盒子","Shop Mod","StSLib","The Administrix","WarShipGirlsR/战舰少女R mod","Yuyuko","vexMod","【遗物卡牌】REMEMod"],"gold_per_floor":[120,83,73,83,33,68,68,68,68,80,95,115,115,290,290,394,394,404,404,404],"floor_reached":19,"playtime":1089,"items_purged":[],"score":175,"play_id":"1d7cfa9c-6543-4e4a-8d75-bdf937730e57","local_time":"20210112165324","is_ascension_mode":true,"campfire_choices":[{"data":"AdministrixMod:AmassedMasks","floor":7,"key":"SMITH"},{"data":"AdministrixMod:GuanyinBlessing","floor":15,"key":"SMITH"}],"circlet_count":0,"master_deck":["AdministrixMod:RedCloak","AdministrixMod:BlueCloak","AdministrixMod:AmassedMasks+1","REME_ACTH","AdministrixMod:ExtolVirtue","AdministrixMod:MixOfMercury","AdministrixMod:WifeLightning","AdministrixMod:DreamsMausoleum","AdministrixMod:GuanyinBlessing+1","AdministrixMod:RedCloak","AdministrixMod:CastOffRegrets","AdministrixMod:ImmortalGrace","Doubt","AdministrixMod:ImmortalClarity","AdministrixMod:FiendishCrimson","AdministrixMod:FiendishCrimson","AdministrixMod:FiendishCrimson","AdministrixMod:BloodlessSapphire","AdministrixMod:BloodlessSapphire","AdministrixMod:BloodlessSapphire","AdministrixMod:PassageOfAges+1"],"relics":["AdministrixMod:ConductorRitualBaton","REME_ComplimentaryCards","Bronze Scales","Peace Pipe","AdministrixMod:BloodSoakedVeil"],"acts_visited":["Exordium","TheCity"],"potions_floor_usage":[18,19],"damage_taken":[{"damage":2,"enemies":"Jaw Worm","floor":1,"turns":5},{"damage":3,"enemies":"2 Louse","floor":4,"turns":3},{"damage":21,"enemies":"Gremlin Nob","floor":6,"turns":3},{"damage":3,"enemies":"Small Slimes","floor":10,"turns":2},{"damage":2,"enemies":"Blue Slaver","floor":11,"turns":3},{"damage":6,"enemies":"Large Slime","floor":12,"turns":3},{"damage":14,"enemies":"Hexaghost","floor":16,"turns":9},{"damage":7,"enemies":"3 Byrds","floor":18,"turns":3},{"damage":59,"enemies":"Masked Bandits","floor":19,"turns":3}],"seed_played":"-1501651726118073203","potions_obtained":[{"floor":4,"key":"ColorlessPotion"},{"floor":10,"key":"Weak Potion"},{"floor":11,"key":"Energy Potion"},{"floor":18,"key":"LiquidBronze"}],"is_trial":false,"path_per_floor":["M","$","?","M","?","E","R","?","T","M","M","M","?","?","R","B",null,"M","?"],"character_chosen":"TheAdministrix","items_purchased":["AdministrixMod:MixOfMercury"],"campfire_rested":0,"item_purchase_floors":[2],"current_hp_per_floor":[57,57,57,54,54,33,33,33,33,30,28,22,41,41,41,27,59,59,0,0],"gold":404,"neow_bonus":"THREE_RARE_CARDS","is_daily":false,"chose_seed":false,"campfire_upgraded":2,"win_rate":0.0,"timestamp":1610441604,"path_taken":["M","$","?","M","?","E","R","?","T","M","?","M","?","?","R","BOSS","M","?"],"items_purchased_type":["Card"],"build_version":"2020-12-22","purchased_purges":0,"victory":false,"max_hp_per_floor":[59,59,59,59,59,59,59,59,59,59,59,59,59,59,59,59,59,59,59,59],"card_choices":[{"not_picked":["AdministrixMod:BrewingCloister","AdministrixMod:BattleforgedBonds"],"picked":"AdministrixMod:AmassedMasks","floor":0},{"not_picked":["AdministrixMod:DiversionaryTactic","AdministrixMod:BegetEternity"],"picked":"AdministrixMod:ExtolVirtue","floor":1},{"not_picked":[],"picked":"AdministrixMod:WifeLightning","floor":3},{"not_picked":["AdministrixMod:RegentEdict","AdministrixMod:TrickOfTheLight"],"picked":"AdministrixMod:DreamsMausoleum","floor":4},{"not_picked":["AdministrixMod:BloodBargain","AdministrixMod:QuietConspiracy","AdministrixMod:PlateOfAntiquity"],"picked":"SKIP","floor":6},{"not_picked":["AdministrixMod:PassageOfAges","AdministrixMod:SeventeenArticleLaser"],"picked":"AdministrixMod:CastOffRegrets","floor":10},{"not_picked":["AdministrixMod:SealAway","AdministrixMod:ShadowPlay","AdministrixMod:Wuji"],"picked":"SKIP","floor":11},{"not_picked":["AdministrixMod:Transition","AdministrixMod:FiendishCrimson"],"picked":"AdministrixMod:ImmortalGrace","floor":12},{"not_picked":["AdministrixMod:Schism","AdministrixMod:DeathByGlamour"],"picked":"AdministrixMod:ImmortalClarity","floor":16},{"not_picked":["AdministrixMod:RegentEdict","AdministrixMod:BloodlessSapphire"],"picked":"AdministrixMod:PassageOfAges+1","floor":18}],"player_experience":138632,"relics_obtained":[{"floor":6,"key":"Bronze Scales"},{"floor":9,"key":"Peace Pipe"}],"event_choices":[{"cards_removed":["AdministrixMod:Strike_Administrix"],"damage_healed":0,"gold_gain":0,"player_choice":"Card Removal","damage_taken":0,"max_hp_gain":0,"max_hp_loss":0,"event_name":"The Cleric","floor":5,"gold_loss":50},{"damage_healed":0,"gold_gain":0,"player_choice":"2 cards matched","damage_taken":0,"max_hp_gain":0,"max_hp_loss":0,"event_name":"Match and Keep!","floor":8,"gold_loss":0,"cards_obtained":["AdministrixMod:GuanyinBlessing","AdministrixMod:RedCloak"]},{"damage_healed":19,"gold_gain":0,"player_choice":"Banana","damage_taken":0,"max_hp_gain":0,"max_hp_loss":0,"event_name":"Big Fish","floor":13,"gold_loss":0},{"damage_healed":0,"gold_gain":175,"player_choice":"AGREE","damage_taken":0,"max_hp_gain":0,"max_hp_loss":0,"event_name":"Liars Game","floor":14,"gold_loss":0,"cards_obtained":["Doubt"]},{"damage_healed":0,"gold_gain":0,"player_choice":"Fought Bandits","damage_taken":0,"max_hp_gain":0,"max_hp_loss":0,"event_name":"Masked Bandits","floor":19,"gold_loss":0}],"is_beta":false,"boss_relics":[{"not_picked":["Calling Bell","Busted Crown"],"picked":"AdministrixMod:BloodSoakedVeil"}],"items_purged_floors":[],"is_endless":false,"potions_floor_spawned":[4,10,11,16,18],"killed_by":"Masked Bandits","ascension_level":1}}