{"host":"11728qvdvolffudn","time":1610468517,"event":{"mods":["BaseMod","Block Reminder","Colored Powertips","Curses Come First","Custom Start","Displayed Cursed Tome","Highlight Path","Minty Spire (QoL Compilation)","Permanent Neow","Quick Restart","Rare Cards Sparkle","Relic Stats","StSLib"],"gold_per_floor":[112,287,300,300,154,154,154,166,259,282,313,325,365,377,389,505,517,541,478,334,334,348,348,348],"floor_reached":23,"playtime":1913,"items_purged":["Regret"],"score":187,"play_id":"5427e911-3569-422b-9672-4f2e9ec6896b","local_time":"20210112162157","is_ascension_mode":false,"campfire_choices":[{"data":"Defragment","floor":6,"key":"SMITH"},{"data":"Reinforced Body","floor":8,"key":"SMITH"},{"data":"Zap","floor":12,"key":"SMITH"},{"floor":15,"key":"REST"}],"circlet_count":0,"master_deck":["Strike_B","Strike_B","Strike_B","Defend_B","Defend_B","Defend_B","Defend_B","Zap+1","Dualcast","Defragment+1","Coolheaded","Reinforced Body+1","Leap","Exhume","Deflect+1","Defragment"],"relics":["Cracked Core","PrismaticShard","MawBank","Darkstone Periapt","Singing Bowl","Bag of Preparation","Velvet Choker","MutagenicStrength"],"acts_visited":["Exordium","TheCity"],"potions_floor_usage":[10,16,16],"damage_taken":[{"damage":0,"enemies":"2 Louse","floor":1,"turns":3},{"damage":5,"enemies":"Small Slimes","floor":3,"turns":3},{"damage":13,"enemies":"Jaw Worm","floor":10,"turns":3},{"damage":3,"enemies":"2 Fungi Beasts","floor":11,"turns":4},{"damage":10,"enemies":"Gremlin Nob","floor":13,"turns":5},{"damage":55,"enemies":"The Guardian","floor":16,"turns":19},{"damage":25,"enemies":"Chosen","floor":18,"turns":6},{"damage":5,"enemies":"2 Thieves","floor":19,"turns":5},{"damage":36,"enemies":"Chosen and Byrds","floor":22,"turns":8},{"damage":20,"enemies":"Book of Stabbing","floor":23,"turns":7}],"seed_played":"-1259915929828582240","potions_obtained":[{"floor":1,"key":"Energy Potion"},{"floor":3,"key":"Swift Potion"},{"floor":13,"key":"Weak Potion"},{"floor":16,"key":"Ancient Potion"}],"is_trial":false,"path_per_floor":["M","?","M","?","$","R","?","R","T","M","M","R","E","?","R","B",null,"M","M","$","?","M","E"],"character_chosen":"DEFECT","items_purchased":["PrismaticShard","Defragment"],"campfire_rested":1,"item_purchase_floors":[5,20],"current_hp_per_floor":[75,75,70,63,63,63,63,63,63,50,47,47,39,39,62,7,77,54,49,49,49,15,0,0],"gold":348,"neow_bonus":"TRANSFORM_CARD","is_daily":false,"chose_seed":false,"campfire_upgraded":3,"win_rate":0.0,"timestamp":1610468517,"path_taken":["M","?","M","?","$","R","?","R","T","?","M","R","E","?","R","BOSS","M","M","$","?","M","E"],"items_purchased_type":["Relic","Card"],"build_version":"2020-12-22","purchased_purges":1,"victory":false,"max_hp_per_floor":[75,75,75,75,75,75,75,75,75,75,75,75,77,77,77,77,77,79,79,79,79,81,81,81],"relic_stats":{"Darkstone Periapt":0,"Singing Bowl":6,"counters":[10,63],"Bag of Preparation":[10],"MawBank":156,"obtain_stats":[{"Darkstone Periapt":9,"Singing Bowl":13,"MutagenicStrength":21,"Velvet Choker":17,"Bag of Preparation":14,"Cracked Core":0,"PrismaticShard":5,"MawBank":7},{"Darkstone Periapt":2,"Singing Bowl":5,"MutagenicStrength":8,"Velvet Choker":6,"Bag of Preparation":5,"Cracked Core":0,"PrismaticShard":2,"MawBank":2},{"Darkstone Periapt":6,"Singing Bowl":18,"MutagenicStrength":48,"Velvet Choker":37,"Bag of Preparation":18,"Cracked Core":0,"PrismaticShard":6,"MawBank":6}]},"card_choices":[{"not_picked":["Static Discharge","Beam Cell"],"picked":"Coolheaded","floor":1},{"not_picked":["Scrape","Hologram"],"picked":"Reinforced Body","floor":3},{"not_picked":["Crescendo","Discovery","Armaments"],"picked":"SKIP","floor":10},{"not_picked":["Dagger Throw","Sanctity"],"picked":"Leap","floor":11},{"not_picked":["JustLucky","Multi-Cast","Hologram"],"picked":"Singing Bowl","floor":13},{"not_picked":["Barricade","Doppelganger"],"picked":"Exhume","floor":16},{"not_picked":["Endless Agony","Headbutt","Skim"],"picked":"Singing Bowl","floor":18},{"not_picked":["CutThroughFate","Dropkick"],"picked":"Deflect+1","floor":19},{"not_picked":["Hologram","Acrobatics+1","Pommel Strike"],"picked":"Singing Bowl","floor":22}],"player_experience":109525,"relics_obtained":[{"floor":9,"key":"Darkstone Periapt"},{"floor":13,"key":"Singing Bowl"}],"event_choices":[{"damage_healed":0,"gold_gain":175,"player_choice":"AGREE","damage_taken":0,"max_hp_gain":0,"max_hp_loss":0,"event_name":"Liars Game","floor":2,"gold_loss":0,"cards_obtained":["Doubt"]},{"cards_removed":["Doubt"],"damage_healed":0,"gold_gain":0,"player_choice":"Card Removal","damage_taken":7,"max_hp_gain":0,"max_hp_loss":0,"event_name":"Golden Wing","floor":4,"gold_loss":0},{"damage_healed":0,"gold_gain":0,"player_choice":"Box","damage_taken":0,"relics_obtained":["MawBank"],"max_hp_gain":0,"max_hp_loss":0,"event_name":"Big Fish","floor":7,"gold_loss":0,"cards_obtained":["Regret"]},{"damage_healed":0,"gold_gain":0,"player_choice":"Searched \u00271\u0027 times","damage_taken":0,"relics_obtained":["Bag of Preparation"],"max_hp_gain":0,"max_hp_loss":0,"event_name":"Dead Adventurer","floor":14,"gold_loss":0},{"damage_healed":0,"gold_gain":0,"player_choice":"Inject Mutagens","damage_taken":0,"relics_obtained":["MutagenicStrength"],"max_hp_gain":0,"max_hp_loss":0,"event_name":"Drug Dealer","floor":21,"gold_loss":0}],"is_beta":false,"boss_relics":[{"not_picked":["Runic Dome","Cursed Key"],"picked":"Velvet Choker"}],"items_purged_floors":[20],"is_endless":false,"potions_floor_spawned":[1,3,13,16],"killed_by":"Book of Stabbing","ascension_level":0}}