{"host":"25beq07qjecnigqh","time":1610424704,"event":{"mods":["BaseMod","Minty Spire (QoL Compilation)"],"gold_per_floor":[119,119,138,138,157,157,232,232,257,61,75,89,89,105,105,224,224,238,238,259,259,274,274,305,305,384,408,427,427,427,443,443,443,443],"floor_reached":33,"playtime":2767,"items_purged":[],"score":259,"play_id":"97d5e2b6-fb66-4c09-b451-0e8b29bf551a","local_time":"20210112121144","is_ascension_mode":false,"campfire_choices":[{"data":"Distraction","floor":6,"key":"SMITH"},{"floor":8,"key":"REST"},{"data":"Neutralize","floor":13,"key":"SMITH"},{"data":"Envenom","floor":15,"key":"SMITH"},{"floor":23,"key":"REST"},{"floor":25,"key":"REST"},{"floor":29,"key":"REST"},{"data":"Noxious Fumes","floor":32,"key":"SMITH"}],"circlet_count":0,"master_deck":["Strike_G+1","Strike_G+1","Strike_G+1","Strike_G+1","Defend_G+1","Defend_G+1","Defend_G+1","Defend_G+1","Defend_G+1","Survivor","Neutralize+1","Deadly Poison","Distraction+1","Blade Dance","All Out Attack","Envenom+1","Phantasmal Killer","CurseOfTheBell","Slice","Blade Dance","Endless Agony","Poisoned Stab","Acrobatics","Noxious Fumes+1"],"relics":["Ring of the Snake","NeowsBlessing","Golden Idol","Regal Pillow","Lee\u0027s Waffle","Calling Bell","Boot","Mercury Hourglass","Tough Bandages","Bottled Lightning","Ginger","Paper Crane"],"acts_visited":["Exordium","TheCity"],"potions_floor_usage":[28],"damage_taken":[{"damage":0,"enemies":"Cultist","floor":1,"turns":1},{"damage":0,"enemies":"Small Slimes","floor":3,"turns":1},{"damage":0,"enemies":"2 Louse","floor":5,"turns":1},{"damage":0,"enemies":"Exordium Wildlife","floor":11,"turns":4},{"damage":1,"enemies":"Red Slaver","floor":12,"turns":4},{"damage":2,"enemies":"Looter","floor":14,"turns":3},{"damage":51,"enemies":"Hexaghost","floor":16,"turns":12},{"damage":17,"enemies":"2 Thieves","floor":18,"turns":3},{"damage":12,"enemies":"Chosen","floor":20,"turns":5},{"damage":21,"enemies":"Snake Plant","floor":22,"turns":5},{"damage":43,"enemies":"Gremlin Leader","floor":24,"turns":7},{"damage":8,"enemies":"Centurion and Healer","floor":27,"turns":5},{"damage":13,"enemies":"Cultist and Chosen","floor":28,"turns":5},{"damage":5,"enemies":"Chosen and Byrds","floor":31,"turns":5},{"damage":82,"enemies":"Automaton","floor":33,"turns":6}],"seed_played":"-2912525155401492366","potions_obtained":[{"floor":3,"key":"CunningPotion"},{"floor":5,"key":"Energy Potion"},{"floor":11,"key":"SkillPotion"},{"floor":28,"key":"ColorlessPotion"}],"is_trial":false,"path_per_floor":["M","?","M","?","M","R","?","R","T","$","M","M","R","M","R","B",null,"M","T","M","?","M","R","E","R","T","M","M","R","?","M","R","B"],"character_chosen":"THE_SILENT","items_purchased":["Lee\u0027s Waffle","Blade Dance"],"campfire_rested":4,"item_purchase_floors":[10,10],"current_hp_per_floor":[70,63,63,46,46,46,35,56,56,77,77,76,76,74,74,23,77,60,60,48,48,27,65,22,60,60,52,39,77,68,63,63,0,0],"gold":443,"neow_bonus":"THREE_ENEMY_KILL","is_daily":false,"chose_seed":false,"campfire_upgraded":4,"win_rate":0.0,"timestamp":1610424704,"path_taken":["M","?","M","?","M","R","?","R","T","$","?","M","R","M","R","BOSS","M","?","M","?","M","R","E","R","T","M","M","R","?","M","R","BOSS"],"items_purchased_type":["Relic","Card"],"build_version":"2020-12-22","purchased_purges":0,"victory":false,"max_hp_per_floor":[70,70,70,70,70,70,70,70,70,77,77,77,77,77,77,77,77,77,77,77,77,77,77,77,77,77,77,77,77,77,77,77,77,77],"card_choices":[{"not_picked":["Underhanded Strike","Footwork"],"picked":"Deadly Poison","floor":1},{"not_picked":["Flying Knee","Well Laid Plans"],"picked":"Distraction","floor":3},{"not_picked":["Caltrops","Finisher","Leg Sweep"],"picked":"SKIP","floor":5},{"not_picked":["Dagger Spray","Dodge and Roll","Tactician"],"picked":"SKIP","floor":11},{"not_picked":["Heel Hook","Underhanded Strike"],"picked":"All Out Attack","floor":12},{"not_picked":["Acrobatics","Underhanded Strike"],"picked":"Envenom","floor":14},{"not_picked":["Wraith Form v2","Die Die Die"],"picked":"Phantasmal Killer","floor":16},{"not_picked":["Outmaneuver","Dodge and Roll+1"],"picked":"Slice","floor":18},{"not_picked":["Dodge and Roll","Skewer+1"],"picked":"Blade Dance","floor":20},{"not_picked":["Deadly Poison","Flying Knee"],"picked":"Endless Agony","floor":22},{"not_picked":["Riddle With Holes","Calculated Gamble"],"picked":"Poisoned Stab","floor":24},{"not_picked":["Backflip","Skewer"],"picked":"Acrobatics","floor":27},{"not_picked":["Quick Slash","Leg Sweep","PiercingWail"],"picked":"SKIP","floor":28},{"not_picked":["Sucker Punch+1","Acrobatics"],"picked":"Noxious Fumes","floor":31}],"player_experience":9660,"relics_obtained":[{"floor":9,"key":"Regal Pillow"},{"floor":17,"key":"Boot"},{"floor":17,"key":"Mercury Hourglass"},{"floor":17,"key":"Tough Bandages"},{"floor":19,"key":"Bottled Lightning"},{"floor":24,"key":"Ginger"},{"floor":26,"key":"Paper Crane"}],"event_choices":[{"cards_removed":["Strike_G"],"damage_healed":0,"gold_gain":0,"player_choice":"Card Removal","damage_taken":7,"max_hp_gain":0,"max_hp_loss":0,"event_name":"Golden Wing","floor":2,"gold_loss":0},{"damage_healed":0,"gold_gain":0,"player_choice":"Take Damage","damage_taken":17,"relics_obtained":["Golden Idol"],"max_hp_gain":0,"max_hp_loss":0,"event_name":"Golden Idol","floor":4,"gold_loss":0},{"damage_healed":0,"gold_gain":75,"player_choice":"Gather Gold","damage_taken":11,"max_hp_gain":0,"max_hp_loss":0,"event_name":"World of Goop","floor":7,"gold_loss":0},{"damage_healed":0,"gold_gain":0,"player_choice":"Simplicity","damage_taken":0,"max_hp_gain":0,"max_hp_loss":0,"event_name":"Back to Basics","floor":21,"gold_loss":0,"cards_upgraded":["Strike_G","Strike_G","Strike_G","Strike_G","Defend_G","Defend_G","Defend_G","Defend_G","Defend_G"]},{"damage_healed":0,"gold_gain":0,"player_choice":"Stopped","damage_taken":9,"max_hp_gain":0,"max_hp_loss":0,"event_name":"Cursed Tome","floor":30,"gold_loss":0}],"is_beta":false,"boss_relics":[{"not_picked":["Ring of the Serpent","Coffee Dripper"],"picked":"Calling Bell"}],"items_purged_floors":[],"is_endless":false,"potions_floor_spawned":[3,5,11,16,27,28,31],"killed_by":"Automaton","ascension_level":0}}