{"host":"tr12w2fixbnujl15","time":1610481466,"event":{"mods":["2.2 Compatiblity","BaseMod","Better Skull","BetterRewards","Clockwork Mod","Colored Powertips","Evolution","Hermit","Hubris","Infinite Spire","Koishi","Mad Scientist","Minty Spire (QoL Compilation)","Quick Restart","Replay The Spire","Shop Mod","StSLib","SuperFastMode","The Animator","The Bug Knight","The Construct","The Cursed","The Hierophant","The Necromancer","The Sage","The Senshi","The Servant 0.9.4","The Spell Scribe","TheFirefly","WarShipGirlsR/????R mod"],"gold_per_floor":[119,39,39,139,157,182,182,196,196,206,52,69,69,69,69,168,168,184,37,48,62,62,62],"floor_reached":22,"language":"ENG","playtime":681,"items_purged":[],"score":211,"play_id":"86407167-412c-4ccb-840f-e6003041e147","local_time":"20210112145746","is_ascension_mode":false,"campfire_choices":[{"data":"rmod:luckystar","floor":7,"key":"SMITH"},{"floor":13,"key":"REST"},{"data":"rmod:smokecover","floor":15,"key":"SMITH"}],"circlet_count":0,"master_deck":["rmod:tearstotiara","rmod:tearstotiara","rmod:tearstotiara","rmod:strick","rmod:defend","rmod:defend","rmod:defend","rmod:defend","rmod:basicallowance","rmod:maingunfire","rmod:luckystar+1","rmod:generalist","rmod:smokecover+1","rmod:mineteam","rmod:fletcherpendant","rmod:diamondstrike","rmod:abidefaith","rmod:luckystar","rmod:fletcher","rmod:fuelsupply"],"relics":["rmod:firstchargereward","EVO:Axolotl","NeowsBlessing","Replay:Wax Seal","Onion Ring","Bag of Marbles","MerchantsRug","SlaversCollar","MealTicket"],"acts_visited":["Exordium","TheCity"],"potions_floor_usage":[16,16,18],"damage_taken":[{"damage":0,"enemies":"2 Louse","floor":1,"turns":2},{"damage":0,"enemies":"Cultist","floor":5,"turns":1},{"damage":0,"enemies":"HollowMod:MossKnight","floor":6,"turns":1},{"damage":5,"enemies":"Jaw Worm","floor":8,"turns":3},{"damage":7,"enemies":"Blue Slaver","floor":10,"turns":2},{"damage":0,"enemies":"3 Louse","floor":12,"turns":2},{"damage":26,"enemies":"Fading Forest","floor":16,"turns":11},{"damage":36,"enemies":"2 Thieves","floor":18,"turns":4},{"damage":2,"enemies":"Chosen","floor":20,"turns":4},{"damage":40,"enemies":"Centurion and Healer","floor":21,"turns":7},{"damage":10,"enemies":"Cultist and Chosen","floor":22,"turns":1}],"seed_played":"-5770602675142520530","potions_obtained":[{"floor":5,"key":"SpeedPotion"},{"floor":8,"key":"Languid Potion"},{"floor":12,"key":"Explosive Potion"},{"floor":16,"key":"Fruit Juice"},{"floor":21,"key":"Adrenaline Potion"}],"is_trial":false,"path_per_floor":["M","$","?","?","M","E","R","M","T","M","$","M","R","?","R","B",null,"M","$","M","M","M"],"character_chosen":"PRAEFECT","items_purchased":["Replay:Wax Seal","MerchantsRug","MealTicket"],"campfire_rested":1,"item_purchase_floors":[2,11,19],"current_hp_per_floor":[75,75,80,80,80,80,80,75,75,68,68,68,80,80,80,60,80,49,49,47,7,0,0],"gold":62,"neow_bonus":"THREE_ENEMY_KILL","is_daily":false,"chose_seed":false,"campfire_upgraded":2,"win_rate":0.0,"timestamp":1610481466,"path_taken":["M","$","?","?","M","E","R","M","T","M","$","?","R","?","R","BOSS","M","$","M","?","M"],"items_purchased_type":["Relic","Relic","Relic"],"build_version":"2020-12-22","purchased_purges":0,"victory":false,"max_hp_per_floor":[75,75,80,80,80,80,80,80,80,80,80,80,80,80,80,80,80,85,85,85,85,85,85],"card_choices":[{"not_picked":["rmod:aggressivemary","rmod:combined"],"picked":"rmod:luckystar","floor":1},{"not_picked":["rmod:punchline","rmod:spoils"],"picked":"rmod:generalist","floor":5},{"not_picked":["rmod:steelsupply","rmod:spoils"],"picked":"rmod:smokecover","floor":6},{"not_picked":["rmod:luckystar","rmod:combined"],"picked":"rmod:mineteam","floor":8},{"not_picked":["rmod:aluminumsupply","rmod:supportescort"],"picked":"rmod:fletcherpendant","floor":10},{"not_picked":["rmod:garrisonisland","rmod:rockthrower"],"picked":"rmod:diamondstrike","floor":12},{"not_picked":["rmod:seals","rmod:ridicule"],"picked":"rmod:abidefaith","floor":16},{"not_picked":["rmod:smokecover","rmod:circuitoustactics"],"picked":"rmod:luckystar","floor":18},{"not_picked":["rmod:circuitoustactics+1","rmod:aluminumsupply+1"],"picked":"rmod:fletcher","floor":20},{"not_picked":["rmod:punchline","rmod:robin"],"picked":"rmod:fuelsupply","floor":21}],"player_experience":49954,"relics_obtained":[{"floor":6,"key":"Onion Ring"},{"floor":9,"key":"Bag of Marbles"}],"event_choices":[{"damage_healed":0,"gold_gain":0,"player_choice":"Donut","damage_taken":0,"max_hp_gain":5,"max_hp_loss":0,"event_name":"Big Fish","floor":3,"gold_loss":0},{"damage_healed":0,"gold_gain":100,"player_choice":"Pray","damage_taken":0,"max_hp_gain":0,"max_hp_loss":0,"event_name":"Golden Shrine","floor":4,"gold_loss":0},{"damage_healed":0,"gold_gain":0,"player_choice":"Bought 0 Potions","damage_taken":0,"max_hp_gain":0,"max_hp_loss":0,"event_name":"The Woman in Blue","floor":14,"gold_loss":0}],"is_beta":false,"boss_relics":[{"not_picked":["construct:WeddingRing","hubris:Stopwatch"],"picked":"SlaversCollar"}],"items_purged_floors":[],"is_endless":false,"potions_floor_spawned":[5,8,12,16,21],"killed_by":"Cultist and Chosen","ascension_level":0}}