{"host":"337p6miwxbqfki03","time":1610418277,"event":{"mods":["BaseMod","Better Third Choice","Colored Map","Conspire","Downfall","Hubris","Minty Spire (QoL Compilation)","Replay The Spire","Somnambulant","StSLib","The Cursed","The Hierophant","Unceasing Turn Reminder"],"gold_per_floor":[20,34,34,34,34,34,54,64,143,154,166,183,183,211,211,315,315,333,333,344,104,104,135,135,150,150,164,178,178,213,213,213,308,308,327,327,346,87,99,99,99],"floor_reached":40,"playtime":16379,"items_purged":[],"score":630,"play_id":"fa6e68ba-1008-47dc-87ed-37c4a78721a0","local_time":"20210111202437","is_ascension_mode":false,"campfire_choices":[{"floor":6,"key":"RECALL"},{"data":"Hemogenesis","floor":13,"key":"SMITH"},{"data":"Rupture","floor":15,"key":"SMITH"},{"floor":24,"key":"REST"},{"floor":29,"key":"REST"},{"floor":32,"key":"REST"}],"circlet_count":0,"master_deck":["conspire:GhostlyStrike","conspire:GhostlyStrike","conspire:GhostlyStrike","conspire:GhostlyStrike","conspire:GhostlyStrike","conspire:GhostlyDefend","conspire:GhostlyDefend","conspire:GhostlyDefend","conspire:GhostlyDefend","Bash","Hemogenesis+1","ReplayTheSpireMod:LeadingStrike","Havoc","Flame Barrier","Dark Embrace","Iron Wave","Reckless Charge","Hemokinesis","Rupture+1","Thunderclap","Life Link","Dual Wield","Sword Boomerang+1","Evolve","Pummel+1","Warcry","Infernal Blade","Necronomicurse","Barricade","Fire Breathing","Warcry+1","Shrug It Off"],"relics":["Burning Blood","conspire:DeflatedDodgeball","Regal Pillow","hubris:Backtick","Replay:Bottled Flurry","Replay:WaspNest","Boot","hubris:BottledRain","hubris:CrystalStatue","Necronomicon","Sozu","conspire:Dentures"],"acts_visited":["Exordium","TheCity","TheBeyond"],"potions_floor_usage":[23,40,40],"damage_taken":[{"damage":0,"enemies":"2 Louse","floor":1,"turns":3},{"damage":8,"enemies":"Small Slimes","floor":2,"turns":3},{"damage":10,"enemies":"Cultist","floor":7,"turns":4},{"damage":7,"enemies":"Blue Slaver","floor":8,"turns":4},{"damage":6,"enemies":"Large Slime","floor":10,"turns":6},{"damage":9,"enemies":"2 Fungi Beasts","floor":11,"turns":5},{"damage":5,"enemies":"3 Louse","floor":12,"turns":3},{"damage":18,"enemies":"Lagavulin","floor":14,"turns":7},{"damage":62,"enemies":"Hexaghost","floor":16,"turns":9},{"damage":21,"enemies":"Shell Parasite","floor":18,"turns":6},{"damage":38,"enemies":"Spheric Guardian","floor":20,"turns":6},{"damage":73,"enemies":"Slavers","floor":23,"turns":5},{"damage":25,"enemies":"Snake Plant","floor":25,"turns":3},{"damage":52,"enemies":"Cultist and Chosen","floor":27,"turns":5},{"damage":28,"enemies":"Centurion and Healer","floor":28,"turns":8},{"damage":44,"enemies":"Book of Stabbing","floor":30,"turns":4},{"damage":42,"enemies":"Pondfish","floor":33,"turns":8},{"damage":51,"enemies":"3 Darklings","floor":35,"turns":6},{"damage":18,"enemies":"Orb Walker","floor":37,"turns":3},{"damage":76,"enemies":"Maw","floor":39,"turns":7},{"damage":48,"enemies":"Reptomancer","floor":40,"turns":2}],"seed_played":"9052888678482724892","potions_obtained":[{"floor":2,"key":"Fire Potion"},{"floor":4,"key":"Regen Potion"},{"floor":4,"key":"Fire Potion"},{"floor":25,"key":"FearPotion"}],"is_trial":false,"path_per_floor":["M","M","?","?","$","R","M","M","T","M","M","M","R","E","R","B",null,"M","?","M","$","?","E","R","M","T","M","M","R","E","?","R","B",null,"M","?","M","$","M","E"],"character_chosen":"IRONCLAD","items_purchased":["Replay:WaspNest","conspire:Dentures"],"campfire_rested":3,"item_purchase_floors":[21,38],"current_hp_per_floor":[80,78,78,78,78,78,79,78,78,80,80,80,80,80,80,24,80,80,80,77,77,77,39,78,76,76,53,65,80,42,26,65,63,80,77,90,90,90,48,0,0],"gold":99,"neow_bonus":"THREE_RARE_CARDS","is_daily":false,"chose_seed":false,"campfire_upgraded":2,"win_rate":0.0,"timestamp":1610418277,"path_taken":["M","M","?","?","$","R","M","M","T","M","M","?","R","E","R","BOSS","M","?","M","$","?","E","R","M","T","M","M","R","E","?","R","BOSS","M","?","M","$","?","E"],"items_purchased_type":["Relic","Relic"],"build_version":"2020-12-22","purchased_purges":0,"victory":false,"max_hp_per_floor":[80,80,80,80,80,80,80,80,80,80,80,80,80,80,80,80,80,80,80,80,80,80,80,80,80,80,80,80,80,80,80,80,80,80,80,90,90,90,90,90,90],"card_choices":[{"not_picked":["Impervious","Brutality"],"picked":"Hemogenesis","floor":0},{"not_picked":["Pommel Strike","Shrug It Off"],"picked":"ReplayTheSpireMod:LeadingStrike","floor":1},{"not_picked":["Sever Soul","ReplayTheSpireMod:Strike From Hell"],"picked":"Havoc","floor":2},{"not_picked":["Iron Wave","Shockwave"],"picked":"Flame Barrier","floor":7},{"not_picked":["Warcry","Clash"],"picked":"Dark Embrace","floor":8},{"not_picked":["Run Through","Clothesline"],"picked":"Iron Wave","floor":10},{"not_picked":["Warcry","Sword Boomerang"],"picked":"Reckless Charge","floor":11},{"not_picked":["Clothesline","Armaments"],"picked":"Hemokinesis","floor":12},{"not_picked":["Anger","Cleave"],"picked":"Rupture","floor":14},{"not_picked":["Immolate","Reaper"],"picked":"Demon Form","floor":16},{"not_picked":["Flex","Power Through"],"picked":"Thunderclap","floor":18},{"not_picked":["Body Slam","Havoc"],"picked":"Life Link","floor":20},{"not_picked":["conspire:Charge+1","Fire Breathing"],"picked":"Sword Boomerang+1","floor":23},{"not_picked":["Clothesline","Havoc"],"picked":"Evolve","floor":25},{"not_picked":["Warcry+1","ReplayTheSpireMod:Limb From Limb+1"],"picked":"Pummel+1","floor":27},{"not_picked":["Thunderclap","Run Through"],"picked":"Warcry","floor":28},{"not_picked":["Burning Pact","True Grit"],"picked":"Infernal Blade","floor":30},{"not_picked":["Exhume","hubris:StunningStrike"],"picked":"Barricade","floor":33},{"not_picked":["Spot Weakness+1","Shockwave"],"picked":"Fire Breathing","floor":35},{"not_picked":["Run Through+1","Flex"],"picked":"Warcry+1","floor":37},{"not_picked":["Perfected Strike","Clash+1"],"picked":"Shrug It Off","floor":39}],"player_experience":268465,"relics_obtained":[{"floor":9,"key":"conspire:DeflatedDodgeball"},{"floor":14,"key":"Regal Pillow"},{"floor":23,"key":"Boot"},{"floor":26,"key":"hubris:BottledRain"},{"floor":30,"key":"hubris:CrystalStatue"},{"floor":31,"key":"Necronomicon"}],"event_choices":[{"damage_healed":0,"gold_gain":0,"player_choice":"Agree","damage_taken":0,"max_hp_gain":0,"max_hp_loss":0,"event_name":"conspire:LoneGhost","floor":3,"gold_loss":0},{"damage_healed":0,"gold_gain":0,"player_choice":"Got Potions","damage_taken":0,"max_hp_gain":0,"max_hp_loss":0,"event_name":"Lab","floor":4,"gold_loss":0},{"damage_healed":0,"gold_gain":0,"player_choice":"Obtained Book","damage_taken":16,"max_hp_gain":0,"max_hp_loss":0,"event_name":"Cursed Tome","floor":31,"gold_loss":0},{"cards_removed":["Demon Form"],"damage_healed":3,"gold_gain":0,"player_choice":"Offered Rare","damage_taken":0,"max_hp_gain":10,"max_hp_loss":0,"event_name":"Bonfire Elementals","floor":36,"gold_loss":0}],"is_beta":false,"boss_relics":[{"not_picked":["Runic Cube","Replay:Bronze Core"],"picked":"hubris:Backtick"},{"not_picked":["conspire:RunicOctahedron","conspire:SeveredTorchhead"],"picked":"Sozu"}],"items_purged_floors":[],"is_endless":false,"potions_floor_spawned":[2,8,10,20,25,28,35,39],"killed_by":"Reptomancer","ascension_level":0}}