{"host":"3a1ypf1irl30q4k8","time":1610486626,"event":{"mods":["AchievementEnabler","BaseMod","Bestiary","Colored Map","Minty Spire (QoL Compilation)","Relic Stats"],"gold_per_floor":[109,120,134,149,161,161,193,193,193,193,219,239,21,39,39,141,141,158,185,196,196,196,196,196,196,196,196,227,246,274,286,286,390,390,410,11,11,25,39,69,89,89,89,120,139,139,14,39,39,39,39,39,39,74,74,74],"floor_reached":55,"language":"ENG","playtime":3215,"items_purged":["Strike_P","Strike_P","Strike_P"],"score":995,"play_id":"aa01b262-6504-4cd8-9712-3f9c1bcf9cff","local_time":"20210112212346","is_ascension_mode":true,"campfire_choices":[{"floor":6.0,"key":"REST"},{"floor":8.0,"key":"REST"},{"floor":15.0,"key":"REST"},{"data":"1","floor":23.0,"key":"LIFT"},{"data":"2","floor":24.0,"key":"LIFT"},{"data":"3","floor":25.0,"key":"LIFT"},{"floor":27.0,"key":"REST"},{"floor":32.0,"key":"REST"},{"floor":42.0,"key":"RECALL"},{"floor":49,"key":"REST"},{"data":"Eruption","floor":52,"key":"SMITH"}],"circlet_count":0,"master_deck":["Strike_P","Defend_P","Defend_P","Defend_P","Eruption+1","Vigilance","Halt","MentalFortress","Conclude","FollowUp","CutThroughFate","CarveReality","SandsOfTime","Swivel","Ragnarok","Evaluate+1","ClearTheMind","WheelKick","RitualDagger","Halt","Wallop","FlyingSleeves","FlurryOfBlows","Adaptation+1","Blasphemy","EmptyFist+1","FlyingSleeves+1","BowlingBash+1","ThirdEye+1","Vault","Halt+1"],"relics":["PureWater","WingedGreaves","Girya","White Beast Statue","Ancient Tea Set","Vajra","SacredBark","Red Mask","Frozen Egg 2","TungstenRod","Oddly Smooth Stone","Runic Pyramid","Mango","Singing Bowl","Lantern","Art of War","Letter Opener"],"acts_visited":["Exordium","TheCity","TheBeyond","TheEnding"],"potions_floor_usage":[48,50,50,55],"damage_taken":[{"damage":0.0,"enemies":"Small Slimes","floor":1.0,"turns":3.0},{"damage":0.0,"enemies":"Cultist","floor":2.0,"turns":4.0},{"damage":0.0,"enemies":"Jaw Worm","floor":3.0,"turns":3.0},{"damage":18.0,"enemies":"Large Slime","floor":4.0,"turns":5.0},{"damage":18.0,"enemies":"Blue Slaver","floor":5.0,"turns":2.0},{"damage":19.0,"enemies":"3 Sentries","floor":7.0,"turns":4.0},{"damage":23.0,"enemies":"Gremlin Nob","floor":11.0,"turns":4.0},{"damage":14.0,"enemies":"Exordium Thugs","floor":12.0,"turns":5.0},{"damage":0.0,"enemies":"2 Fungi Beasts","floor":14.0,"turns":2.0},{"damage":0.0,"enemies":"Slime Boss","floor":16.0,"turns":6.0},{"damage":10.0,"enemies":"Shell Parasite","floor":18.0,"turns":6.0},{"damage":9.0,"enemies":"Masked Bandits","floor":19.0,"turns":3.0},{"damage":0.0,"enemies":"Chosen","floor":20.0,"turns":3.0},{"damage":6.0,"enemies":"Book of Stabbing","floor":28.0,"turns":4.0},{"damage":4.0,"enemies":"Snecko","floor":29.0,"turns":3.0},{"damage":15.0,"enemies":"Gremlin Leader","floor":30.0,"turns":5.0},{"damage":5.0,"enemies":"3 Cultists","floor":31.0,"turns":4.0},{"damage":72.0,"enemies":"Automaton","floor":33.0,"turns":7.0},{"damage":3.0,"enemies":"3 Darklings","floor":35.0,"turns":3.0},{"damage":3.0,"enemies":"3 Shapes","floor":38.0,"turns":4.0},{"damage":4.0,"enemies":"Jaw Worm Horde","floor":39.0,"turns":2.0},{"damage":0.0,"enemies":"Reptomancer","floor":40.0,"turns":3.0},{"damage":0.0,"enemies":"Sphere and 2 Shapes","floor":41.0,"turns":3.0},{"damage":0.0,"enemies":"Nemesis","floor":44.0,"turns":3.0},{"damage":2.0,"enemies":"Spire Growth","floor":45.0,"turns":3.0},{"damage":22,"enemies":"Reptomancer","floor":48,"turns":5},{"damage":52,"enemies":"Time Eater","floor":50,"turns":7},{"damage":25,"enemies":"Shield and Spear","floor":54,"turns":4},{"damage":130,"enemies":"The Heart","floor":55,"turns":8}],"seed_played":"7132320975532010321","potions_obtained":[{"floor":3.0,"key":"SkillPotion"},{"floor":5.0,"key":"FairyPotion"},{"floor":7.0,"key":"BlessingOfTheForge"},{"floor":11.0,"key":"Ambrosia"},{"floor":12.0,"key":"DistilledChaos"},{"floor":14.0,"key":"SpeedPotion"},{"floor":16.0,"key":"Dexterity Potion"},{"floor":18.0,"key":"SkillPotion"},{"floor":19.0,"key":"Fire Potion"},{"floor":20.0,"key":"BottledMiracle"},{"floor":28.0,"key":"BlessingOfTheForge"},{"floor":29.0,"key":"CultistPotion"},{"floor":30.0,"key":"Fire Potion"},{"floor":31.0,"key":"SteroidPotion"},{"floor":33.0,"key":"Dexterity Potion"},{"floor":35.0,"key":"Energy Potion"},{"floor":38.0,"key":"EssenceOfSteel"},{"floor":39.0,"key":"SkillPotion"},{"floor":40.0,"key":"ColorlessPotion"},{"floor":41.0,"key":"BottledMiracle"},{"floor":44.0,"key":"Regen Potion"},{"floor":45,"key":"FairyPotion"},{"floor":48,"key":"Dexterity Potion"},{"floor":54,"key":"Weak Potion"}],"is_trial":false,"path_per_floor":["M","M","M","M","M","R","E","R","T","?","E","M","$","M","R","B",null,"M","?","M","?","?","R","R","R","T","R","E","M","E","M","R","B",null,"M","$","?","M","M","E","M","R","T","E","M","?","$","E","R","B",null,"R","$","E","B"],"character_chosen":"WATCHER","items_purchased":["Vajra","Mango"],"campfire_rested":6,"item_purchase_floors":[13,36],"current_hp_per_floor":[51,51,51,33,15,36,17,38,38,72,49,35,35,35,56,56,72,62,53,53,47,47,47,47,47,47,68,62,58,43,38,59,43,72,69,83,82,79,75,77,77,77,77,79,79,79,79,57,83,31,88,88,88,63,0,0],"gold":74,"neow_bonus":"ONE_RARE_RELIC","is_daily":false,"chose_seed":false,"campfire_upgraded":1,"win_rate":0.0,"timestamp":1610486626,"path_taken":["M","M","M","M","M","R","E","R","T","?","E","?","$","M","R","BOSS","M","?","M","?","?","R","R","R","T","R","E","M","E","M","R","BOSS","M","$","?","M","M","E","M","R","T","E","M","?","$","E","R","BOSS","R","$","E","BOSS"],"items_purchased_type":["Relic","Relic"],"build_version":"2020-12-22","purchased_purges":3,"victory":false,"max_hp_per_floor":[72,72,72,72,72,72,72,72,72,72,72,72,72,72,72,72,72,72,72,72,72,72,72,72,72,72,72,72,72,72,72,72,72,72,72,86,82,82,82,84,84,84,84,86,88,88,88,88,88,88,88,88,88,88,88,88],"relic_stats":{"Singing Bowl":6,"counters":[29,118],"Art of War":[1],"Letter Opener":[5],"obtain_stats":[{"Girya":7,"Lantern":44,"Singing Bowl":40,"SacredBark":17,"Vajra":13,"Oddly Smooth Stone":30,"Mango":36,"Letter Opener":54,"Frozen Egg 2":26,"Ancient Tea Set":11,"White Beast Statue":9,"WingedGreaves":0,"Red Mask":19,"Art of War":48,"PureWater":0,"TungstenRod":28,"Runic Pyramid":34},{"Girya":6,"Lantern":24,"Singing Bowl":22,"SacredBark":10,"Vajra":8,"Oddly Smooth Stone":16,"Mango":19,"Letter Opener":28,"Frozen Egg 2":13,"Ancient Tea Set":7,"White Beast Statue":6,"WingedGreaves":0,"Red Mask":12,"Art of War":26,"PureWater":0,"TungstenRod":14,"Runic Pyramid":18},{"Girya":21,"Lantern":91,"Singing Bowl":85,"SacredBark":38,"Vajra":30,"Oddly Smooth Stone":62,"Mango":76,"Letter Opener":110,"Frozen Egg 2":50,"Ancient Tea Set":25,"White Beast Statue":21,"WingedGreaves":0,"Red Mask":47,"Art of War":99,"PureWater":0,"TungstenRod":54,"Runic Pyramid":73}],"TungstenRod":55},"card_choices":[{"not_picked":["Nirvana","InnerPeace"],"picked":"Halt","floor":1.0},{"not_picked":["Halt","EmptyFist"],"picked":"MentalFortress","floor":2.0},{"not_picked":["EmptyFist","Crescendo"],"picked":"Conclude","floor":3.0},{"not_picked":["PathToVictory","ForeignInfluence"],"picked":"FollowUp","floor":4.0},{"not_picked":["Prostrate","FollowUp"],"picked":"CutThroughFate","floor":5.0},{"not_picked":["SpiritShield","Consecrate"],"picked":"Sanctity","floor":7.0},{"not_picked":["Evaluate","Pray"],"picked":"CarveReality","floor":11.0},{"not_picked":["JustLucky","SashWhip"],"picked":"SandsOfTime","floor":12.0},{"not_picked":["JustLucky","EmptyBody"],"picked":"Swivel","floor":14.0},{"not_picked":["Devotion","Brilliance"],"picked":"Ragnarok","floor":16.0},{"not_picked":["BowlingBash","Consecrate"],"picked":"Evaluate+1","floor":18.0},{"not_picked":["BowlingBash","FollowUp+1"],"picked":"ClearTheMind","floor":19.0},{"not_picked":["WreathOfFlame+1","Study"],"picked":"WheelKick","floor":20.0},{"not_picked":["WaveOfTheHand+1","ThirdEye"],"picked":"Wallop","floor":28.0},{"not_picked":["Prostrate+1","ThirdEye"],"picked":"FlyingSleeves","floor":29.0},{"not_picked":["Consecrate","BattleHymn+1"],"picked":"FlurryOfBlows","floor":30.0},{"not_picked":["Swivel","Establishment+1"],"picked":"Adaptation+1","floor":31.0},{"not_picked":["SpiritShield","Establishment+1"],"picked":"Blasphemy","floor":33.0},{"not_picked":["PathToVictory","Sanctity+1"],"picked":"EmptyFist+1","floor":35.0},{"not_picked":["CarveReality","SignatureMove+1"],"picked":"FlyingSleeves+1","floor":38.0},{"not_picked":["FlurryOfBlows+1","ThirdEye+1"],"picked":"BowlingBash+1","floor":39.0},{"not_picked":["Halt","EmptyBody","CutThroughFate+1"],"picked":"Singing Bowl","floor":40.0},{"not_picked":["Protect","WindmillStrike+1"],"picked":"ThirdEye+1","floor":41.0},{"not_picked":["Swivel","ThirdEye+1","SignatureMove"],"picked":"Singing Bowl","floor":44.0},{"not_picked":["PathToVictory+1","Sanctity+1","Vengeance+1"],"picked":"Singing Bowl","floor":45},{"not_picked":["Worship+1","Evaluate+1"],"picked":"Vault","floor":48},{"not_picked":["CutThroughFate","Protect"],"picked":"Halt+1","floor":54}],"player_experience":1038540,"relics_obtained":[{"floor":7.0,"key":"Girya"},{"floor":9.0,"key":"White Beast Statue"},{"floor":11.0,"key":"Ancient Tea Set"},{"floor":19.0,"key":"Red Mask"},{"floor":26.0,"key":"Frozen Egg 2"},{"floor":28.0,"key":"TungstenRod"},{"floor":30.0,"key":"Oddly Smooth Stone"},{"floor":40.0,"key":"Singing Bowl"},{"floor":44.0,"key":"Lantern"},{"floor":48,"key":"Art of War"},{"floor":54,"key":"Letter Opener"}],"event_choices":[{"cards_removed":["Sanctity"],"damage_healed":34.0,"max_hp_gain":0.0,"max_hp_loss":0.0,"gold_gain":0.0,"event_name":"Bonfire Elementals","player_choice":"Offered Uncommon","floor":10.0,"gold_loss":0.0,"damage_taken":0.0},{"damage_healed":0.0,"max_hp_gain":0.0,"max_hp_loss":0.0,"gold_gain":0.0,"event_name":"Masked Bandits","player_choice":"Fought Bandits","floor":19.0,"gold_loss":0.0,"damage_taken":0.0},{"damage_healed":0.0,"max_hp_gain":0.0,"max_hp_loss":0.0,"gold_gain":0.0,"event_name":"Nest","player_choice":"Joined the Cult","floor":21.0,"gold_loss":0.0,"damage_taken":6.0,"cards_obtained":["RitualDagger"]},{"damage_healed":0.0,"max_hp_gain":0.0,"max_hp_loss":0.0,"gold_gain":0.0,"event_name":"Duplicator","player_choice":"Copied","floor":22.0,"gold_loss":0.0,"damage_taken":0.0,"cards_obtained":["Halt"]},{"damage_healed":0.0,"max_hp_gain":0.0,"max_hp_loss":4.0,"gold_gain":0.0,"event_name":"Winding Halls","player_choice":"Max HP","floor":37.0,"gold_loss":0.0,"damage_taken":0.0},{"cards_removed":["Defend_P"],"damage_healed":0,"gold_gain":0,"player_choice":"Removed Skill","damage_taken":0,"max_hp_gain":0,"max_hp_loss":0,"event_name":"Falling","floor":46,"gold_loss":0}],"is_beta":false,"boss_relics":[{"not_picked":["Calling Bell","Busted Crown"],"picked":"SacredBark"},{"not_picked":["Snecko Eye","Philosopher\u0027s Stone"],"picked":"Runic Pyramid"}],"items_purged_floors":[13,36,47],"is_endless":false,"potions_floor_spawned":[3,5,7,11,12,14,16,18,19,20,28,29,30,31,33,35,38,39,40,41,44,45,48,54],"killed_by":"The Heart","ascension_level":2}}