{"host":"jggt5i9rbuoqvque","time":1610449337,"event":{"mods":["BaseMod","Colored Map","Minty Spire (QoL Compilation)","StSLib"],"gold_per_floor":[114,132,82,82,82,116,116,66,66,16,56,81,96,109,109,235,235,260,285,92,112,136,136,136],"floor_reached":23,"playtime":605,"items_purged":["Strike_R","Defend_R","Strike_R"],"score":308,"play_id":"64d383af-6955-4518-b0b3-7289ed357c99","local_time":"20210112200217","is_ascension_mode":true,"campfire_choices":[{"data":"Heavy Blade","floor":7.0,"key":"SMITH"},{"floor":15.0,"key":"REST"}],"circlet_count":0,"master_deck":["Strike_R","Strike_R","Strike_R","Defend_R","Defend_R","Bash","Clash","Heavy Blade+1","Iron Wave","Inflame","Armaments","Thunderclap","Clash","Corruption","Shrug It Off+1"],"relics":["Burning Blood","NeowsBlessing","Smiling Mask","Golden Idol","Pear","Magic Flower","Orichalcum","Busted Crown","Membership Card"],"acts_visited":["Exordium","TheCity"],"potions_floor_usage":[21,23],"damage_taken":[{"damage":0.0,"enemies":"2 Louse","floor":1.0,"turns":1.0},{"damage":0.0,"enemies":"Jaw Worm","floor":2.0,"turns":1.0},{"damage":0.0,"enemies":"Lagavulin","floor":6.0,"turns":1.0},{"damage":55.0,"enemies":"3 Sentries","floor":11.0,"turns":9.0},{"damage":0.0,"enemies":"Cultist","floor":12.0,"turns":2.0},{"damage":8.0,"enemies":"3 Louse","floor":13.0,"turns":2.0},{"damage":11.0,"enemies":"Looter","floor":14.0,"turns":3.0},{"damage":31.0,"enemies":"The Guardian","floor":16.0,"turns":8.0},{"damage":6.0,"enemies":"Shell Parasite","floor":18.0,"turns":2.0},{"damage":12.0,"enemies":"Chosen","floor":19.0,"turns":5.0},{"damage":3,"enemies":"Snecko","floor":21,"turns":4},{"damage":37,"enemies":"Shelled Parasite and Fungi","floor":22,"turns":5},{"damage":58,"enemies":"Book of Stabbing","floor":23,"turns":5}],"seed_played":"4033919083022390510","potions_obtained":[{"floor":1.0,"key":"SneckoOil"},{"floor":6.0,"key":"Weak Potion"},{"floor":11.0,"key":"FearPotion"},{"floor":16.0,"key":"SkillPotion"},{"floor":22,"key":"GamblersBrew"}],"is_trial":false,"path_per_floor":["M","M","?","?","?","E","R","$","T","$","E","M","M","M","R","B",null,"M","M","$","M","M","E"],"character_chosen":"IRONCLAD","items_purchased":["Membership Card"],"campfire_rested":1,"item_purchase_floors":[20],"current_hp_per_floor":[78,80,80,68,48,64,64,64,64,64,18,27,28,26,53,31,75,78,75,75,81,53,0,0],"gold":136,"neow_bonus":"THREE_ENEMY_KILL","is_daily":false,"chose_seed":false,"campfire_upgraded":1,"win_rate":0.0,"timestamp":1610449337,"path_taken":["M","M","?","?","?","E","R","?","T","$","E","M","M","M","R","BOSS","M","M","$","M","M","E"],"items_purchased_type":["Relic"],"build_version":"2020-12-22","purchased_purges":3,"victory":false,"max_hp_per_floor":[80,80,80,80,80,90,90,90,90,90,90,90,90,90,90,90,90,90,90,90,90,90,90,90],"card_choices":[{"not_picked":["Shockwave","Warcry"],"picked":"Clash","floor":1.0},{"not_picked":["Perfected Strike","Ghostly Armor"],"picked":"Heavy Blade","floor":2.0},{"not_picked":["Shrug It Off","Warcry"],"picked":"Iron Wave","floor":6.0},{"not_picked":["Feed","Iron Wave"],"picked":"Inflame","floor":11.0},{"not_picked":["Clothesline","Pummel"],"picked":"Armaments","floor":12.0},{"not_picked":["Flex","Pommel Strike"],"picked":"Thunderclap","floor":13.0},{"not_picked":["Headbutt","Thunderclap"],"picked":"Clash","floor":14.0},{"not_picked":["Impervious","Reaper"],"picked":"Corruption","floor":16.0},{"not_picked":[],"picked":"Shrug It Off+1","floor":18.0},{"not_picked":["True Grit"],"picked":"SKIP","floor":19.0},{"not_picked":["Wild Strike"],"picked":"SKIP","floor":21},{"not_picked":["Infernal Blade"],"picked":"SKIP","floor":22}],"player_experience":319736,"relics_obtained":[{"floor":6.0,"key":"Pear"},{"floor":9.0,"key":"Magic Flower"},{"floor":11.0,"key":"Orichalcum"}],"event_choices":[{"cards_removed":["Defend_R"],"damage_healed":0.0,"max_hp_gain":0.0,"max_hp_loss":0.0,"gold_gain":0.0,"event_name":"The Cleric","player_choice":"Card Removal","floor":3.0,"gold_loss":50.0,"damage_taken":0.0},{"damage_healed":0.0,"max_hp_gain":0.0,"max_hp_loss":0.0,"gold_gain":0.0,"event_name":"Scrap Ooze","player_choice":"Success","floor":4.0,"gold_loss":0.0,"damage_taken":12.0,"relics_obtained":["Smiling Mask"]},{"damage_healed":0.0,"max_hp_gain":0.0,"max_hp_loss":0.0,"gold_gain":0.0,"event_name":"Golden Idol","player_choice":"Take Damage","floor":5.0,"gold_loss":0.0,"damage_taken":20.0,"relics_obtained":["Golden Idol"]}],"is_beta":false,"boss_relics":[{"not_picked":["Runic Dome","Pandora\u0027s Box"],"picked":"Busted Crown"}],"items_purged_floors":[8,10,20],"is_endless":false,"potions_floor_spawned":[1,6,11,16,22],"killed_by":"Book of Stabbing","ascension_level":7}}