{"host":"gf95gjygaqy6b70i","time":1610481601,"event":{"mods":["BaseMod","Colored Map","Colored Powertips","Minty Spire (QoL Compilation)"],"gold_per_floor":[118,131,141,155,155,155,179,194,244,274,298,310,342,304,316,426,438,468,480,492,16,32,32,59,59,59,59,70,98,112,112,112],"floor_reached":31,"language":"ENG","playtime":850,"items_purged":["Strike_R"],"score":302,"play_id":"953890a6-977f-4f1a-b524-16fe09701432","local_time":"20210112210001","is_ascension_mode":false,"campfire_choices":[{"data":"Swift Strike","floor":6.0,"key":"SMITH"},{"floor":12,"key":"REST"},{"floor":15,"key":"REST"},{"floor":23,"key":"REST"},{"floor":25,"key":"REST"},{"floor":27,"key":"REST"}],"circlet_count":0,"master_deck":["Strike_R","Strike_R","Strike_R","Defend_R","Defend_R","Defend_R","Defend_R","Bash","Swift Strike+1","Cleave","Anger","Battle Trance","Demon Form","Pommel Strike","Headbutt","Flex","Shrug It Off","Metallicize","The Bomb","Flash of Steel","Flame Barrier","Anger","Battle Trance+1"],"relics":["Burning Blood","Tiny Chest","MawBank","Black Star","Pen Nib","Blood Vial","Pear","Bottled Tornado","Calipers","Eternal Feather","Strawberry"],"acts_visited":["TheCity"],"potions_floor_usage":[10,24,29,30],"damage_taken":[{"damage":0.0,"enemies":"2 Louse","floor":1.0,"turns":3.0},{"damage":8.0,"enemies":"Jaw Worm","floor":2.0,"turns":3.0},{"damage":1.0,"enemies":"Cultist","floor":3.0,"turns":3.0},{"damage":14.0,"enemies":"3 Louse","floor":4.0,"turns":3.0},{"damage":0.0,"enemies":"Large Slime","floor":8.0,"turns":3.0},{"damage":36,"enemies":"Lagavulin","floor":10,"turns":4},{"damage":13,"enemies":"Red Slaver","floor":11,"turns":2},{"damage":9,"enemies":"Exordium Wildlife","floor":13,"turns":4},{"damage":42,"enemies":"The Guardian","floor":16,"turns":6},{"damage":32,"enemies":"Chosen","floor":18,"turns":5},{"damage":21,"enemies":"Spheric Guardian","floor":22,"turns":4},{"damage":58,"enemies":"Slavers","floor":24,"turns":4},{"damage":30,"enemies":"Centurion and Healer","floor":28,"turns":4},{"damage":52,"enemies":"Book of Stabbing","floor":29,"turns":5},{"damage":11,"enemies":"Snake Plant","floor":30,"turns":3},{"damage":13,"enemies":"Shelled Parasite and Fungi","floor":31,"turns":1}],"seed_played":"-691511886073189902","potions_obtained":[{"floor":1.0,"key":"FearPotion"},{"floor":3.0,"key":"SpeedPotion"},{"floor":10,"key":"SteroidPotion"},{"floor":13,"key":"LiquidBronze"},{"floor":28,"key":"PowerPotion"},{"floor":29,"key":"PowerPotion"},{"floor":30,"key":"ElixirPotion"}],"is_trial":false,"path_per_floor":["M","M","M","M","?","R","T","M","T","E","M","R","M","?","R","B",null,"M","?","T","$","M","R","E","R","T","R","M","E","M","M"],"character_chosen":"IRONCLAD","items_purchased":["Blood Vial","The Bomb","Flash of Steel"],"campfire_rested":5,"item_purchase_floors":[21,21,21],"current_hp_per_floor":[80,78,80,72,72,72,72,78,78,48,41,65,62,62,80,44,80,54,48,48,48,35,59,19,46,46,73,51,14,11,0,0],"gold":112,"neow_bonus":"RANDOM_COLORLESS","is_daily":false,"chose_seed":false,"campfire_upgraded":1,"win_rate":0.0,"timestamp":1610481601,"path_taken":["M","M","M","M","?","R","?","M","T","E","M","R","?","?","R","BOSS","M","?","?","?","M","R","E","R","T","R","?","E","M","M"],"items_purchased_type":["Relic","Card","Card"],"build_version":"2020-12-22","purchased_purges":1,"victory":false,"max_hp_per_floor":[80,80,80,80,80,80,80,80,80,80,80,80,80,80,80,80,80,80,80,80,80,80,80,90,90,90,90,90,97,97,97,97],"card_choices":[{"not_picked":["Forethought","PanicButton"],"picked":"Swift Strike","floor":0.0},{"not_picked":["Bloodletting","True Grit"],"picked":"Cleave","floor":1.0},{"not_picked":["Clash","Warcry"],"picked":"Anger","floor":2.0},{"not_picked":["Body Slam","Cleave"],"picked":"Battle Trance","floor":3.0},{"not_picked":["Warcry","Sword Boomerang"],"picked":"Demon Form","floor":4.0},{"not_picked":["True Grit","Armaments"],"picked":"Pommel Strike","floor":8.0},{"not_picked":["Blood for Blood","Bludgeon"],"picked":"Headbutt","floor":10},{"not_picked":["Hemokinesis","Anger"],"picked":"Flex","floor":11},{"not_picked":["Headbutt","Burning Pact"],"picked":"Shrug It Off","floor":13},{"not_picked":["Perfected Strike+1","Sword Boomerang"],"picked":"Metallicize","floor":18},{"not_picked":["Clash","Havoc"],"picked":"Flame Barrier","floor":22},{"not_picked":["Perfected Strike+1","Body Slam","Rupture"],"picked":"SKIP","floor":24},{"not_picked":["Shrug It Off","Sword Boomerang"],"picked":"Anger","floor":28},{"not_picked":["Clothesline","Bloodletting","Perfected Strike+1"],"picked":"SKIP","floor":29},{"not_picked":["Shrug It Off","Perfected Strike+1"],"picked":"Battle Trance+1","floor":30}],"player_experience":57276,"relics_obtained":[{"floor":9,"key":"Tiny Chest"},{"floor":10,"key":"MawBank"},{"floor":20,"key":"Pen Nib"},{"floor":24,"key":"Pear"},{"floor":24,"key":"Bottled Tornado"},{"floor":26,"key":"Calipers"},{"floor":29,"key":"Eternal Feather"},{"floor":29,"key":"Strawberry"}],"event_choices":[{"damage_healed":0.0,"max_hp_gain":0.0,"max_hp_loss":0.0,"gold_gain":0.0,"event_name":"Golden Idol","player_choice":"Ignored","floor":5.0,"gold_loss":0.0,"damage_taken":0.0},{"cards_removed":["Strike_R"],"damage_healed":0,"gold_gain":0,"player_choice":"Card Removal","damage_taken":0,"max_hp_gain":0,"max_hp_loss":0,"event_name":"The Cleric","floor":14,"gold_loss":50},{"damage_healed":0,"gold_gain":0,"player_choice":"","damage_taken":6,"max_hp_gain":0,"max_hp_loss":0,"event_name":"Knowing Skull","floor":19,"potions_obtained":[],"gold_loss":0,"cards_obtained":[]}],"is_beta":false,"boss_relics":[{"not_picked":["Mark of Pain","Runic Cube"],"picked":"Black Star"}],"items_purged_floors":[21],"is_endless":false,"potions_floor_spawned":[1,3,10,13,28,29,30],"killed_by":"Shelled Parasite and Fungi","ascension_level":0}}