{"host":"h4390p13uu6iw1q5","time":1610450984,"event":{"mods":["BaseMod","Colored Map","Minty Spire (QoL Compilation)"],"gold_per_floor":[114,129,144,159,9,9,9,39,39,54,54,84,114,129,129,229,229,244,294,324,24,24,24,54,54,79,94,124,136,148,148],"floor_reached":30,"playtime":1137,"items_purged":[],"score":531,"play_id":"963385b4-f97b-415d-af5a-a7d542cbbe09","local_time":"20210112062944","daily_mods":["Cursed Run","Hoarder","DeadlyEvents"],"is_ascension_mode":false,"campfire_choices":[{"data":"TalkToTheHand","floor":6,"key":"SMITH"},{"data":"TalkToTheHand","floor":15,"key":"SMITH"},{"data":"TalkToTheHand","floor":23,"key":"SMITH"},{"data":"Eruption","floor":25,"key":"SMITH"},{"data":"JustLucky","floor":29,"key":"SMITH"}],"circlet_count":0,"master_deck":["Strike_P","Strike_P","Strike_P+1","Strike_P","Defend_P","Defend_P","Defend_P","Defend_P+1","Eruption+1","Vigilance+1","TalkToTheHand+1","TalkToTheHand+1","TalkToTheHand+1","Adaptation","Adaptation+1","Adaptation","Injury","Injury","Injury","FlurryOfBlows","FlurryOfBlows","FlurryOfBlows","SpiritShield","SpiritShield","SpiritShield","MentalFortress+1","MentalFortress+1","MentalFortress+1","Clumsy","Clumsy","Clumsy","Devotion+1","Devotion+1","Devotion+1","Shame","Shame","Shame","Sanctity","Sanctity","Sanctity","JustLucky+1","JustLucky","JustLucky"],"relics":["Cursed Key","Darkstone Periapt","Du-Vu Doll","Art of War","Frozen Egg 2","Orichalcum","GoldenEye","Calipers","Black Star","Pen Nib","Ornamental Fan","Eternal Feather","Akabeko","War Paint","Vajra","Centennial Puzzle","MawBank"],"acts_visited":["Exordium","TheCity"],"potions_floor_usage":[12,12,16,18,20,24,24],"damage_taken":[{"damage":0,"enemies":"Cultist","floor":1,"turns":2},{"damage":0,"enemies":"2 Louse","floor":2,"turns":2},{"damage":0,"enemies":"Jaw Worm","floor":3,"turns":4},{"damage":0,"enemies":"Looter","floor":4,"turns":4},{"damage":0,"enemies":"Lagavulin","floor":8,"turns":5},{"damage":6,"enemies":"Gremlin Gang","floor":10,"turns":3},{"damage":0,"enemies":"Gremlin Nob","floor":12,"turns":4},{"damage":4,"enemies":"Lagavulin","floor":13,"turns":4},{"damage":0,"enemies":"Large Slime","floor":14,"turns":3},{"damage":27,"enemies":"Hexaghost","floor":16,"turns":11},{"damage":34,"enemies":"2 Thieves","floor":18,"turns":2},{"damage":36,"enemies":"Gremlin Leader","floor":20,"turns":5},{"damage":15,"enemies":"Book of Stabbing","floor":24,"turns":5},{"damage":8,"enemies":"Chosen","floor":27,"turns":5},{"damage":25,"enemies":"Slavers","floor":28,"turns":5},{"damage":0,"enemies":"Gremlin Leader","floor":30,"turns":1}],"seed_played":"-5514344210177769252","potions_obtained":[{"floor":1,"key":"GamblersBrew"},{"floor":3,"key":"Block Potion"},{"floor":8,"key":"GamblersBrew"},{"floor":13,"key":"FearPotion"},{"floor":16,"key":"EssenceOfSteel"},{"floor":20,"key":"SkillPotion"},{"floor":28,"key":"SteroidPotion"}],"is_trial":false,"path_per_floor":["M","M","M","M","$","R","?","E","T","M","$","E","E","M","R","B",null,"M","?","E","$","$","R","E","R","T","M","E","R","E"],"character_chosen":"WATCHER","items_purchased":["Art of War","Eternal Feather","Swift Potion"],"campfire_rested":0,"item_purchase_floors":[5,21,21],"current_hp_per_floor":[72,72,72,72,72,72,58,58,76,70,70,70,66,66,66,57,108,74,74,38,38,38,56,41,59,77,69,44,68,68,68],"gold":148,"neow_bonus":"","is_daily":true,"chose_seed":false,"campfire_upgraded":5,"win_rate":0.0,"timestamp":1610450984,"path_taken":["M","M","?","M","$","R","?","?","T","M","?","?","E","M","R","BOSS","M","?","?","?","$","R","?","R","T","M","E","R","E"],"items_purchased_type":["Relic","Relic","Potion"],"build_version":"2020-12-22","purchased_purges":0,"victory":false,"max_hp_per_floor":[72,72,72,72,72,72,72,72,90,90,90,90,90,90,90,108,108,108,108,108,108,108,108,108,108,126,126,126,126,126,126],"card_choices":[{"not_picked":["Evaluate","DeceiveReality"],"picked":"TalkToTheHand","floor":1},{"not_picked":["FlyingSleeves","ReachHeaven","Fasting2"],"picked":"SKIP","floor":2},{"not_picked":["Consecrate","Study","Protect"],"picked":"SKIP","floor":3},{"not_picked":["BowlingBash","CutThroughFate"],"picked":"Adaptation","floor":4},{"not_picked":["Wireheading+1","FollowUp","SignatureMove"],"picked":"SKIP","floor":8},{"not_picked":["Nirvana+1","ThirdEye"],"picked":"FlurryOfBlows","floor":10},{"not_picked":["Consecrate","Study+1"],"picked":"SpiritShield","floor":12},{"not_picked":["Study+1","Wallop"],"picked":"MentalFortress+1","floor":13},{"not_picked":["Fasting2+1","PathToVictory","Halt"],"picked":"SKIP","floor":14},{"not_picked":["Alpha","ConjureBlade"],"picked":"Devotion+1","floor":16},{"not_picked":["Consecrate+1","CutThroughFate","Prostrate"],"picked":"SKIP","floor":18},{"not_picked":["Conclude","EmptyBody","Weave"],"picked":"SKIP","floor":20},{"not_picked":["FlyingSleeves","PathToVictory","FollowUp"],"picked":"SKIP","floor":24},{"not_picked":["Swivel+1","Establishment+1"],"picked":"Sanctity","floor":27},{"not_picked":["ForeignInfluence","Nirvana+1"],"picked":"JustLucky","floor":28}],"player_experience":2435577,"relics_obtained":[{"floor":8,"key":"Frozen Egg 2"},{"floor":9,"key":"Orichalcum"},{"floor":12,"key":"GoldenEye"},{"floor":13,"key":"Calipers"},{"floor":20,"key":"Pen Nib"},{"floor":20,"key":"Ornamental Fan"},{"floor":24,"key":"Akabeko"},{"floor":24,"key":"War Paint"},{"floor":26,"key":"Vajra"},{"floor":28,"key":"Centennial Puzzle"},{"floor":28,"key":"MawBank"}],"event_choices":[{"damage_healed":0,"gold_gain":0,"player_choice":"Entered Light","damage_taken":14,"max_hp_gain":0,"max_hp_loss":0,"event_name":"Shining Light","floor":7,"gold_loss":0,"cards_upgraded":["Adaptation","Strike_P"]},{"damage_healed":0,"gold_gain":100,"player_choice":"Bet on Murderer","damage_taken":0,"max_hp_gain":0,"max_hp_loss":0,"event_name":"The Joust","floor":19,"gold_loss":50}],"is_beta":false,"boss_relics":[{"not_picked":["Sozu","Tiny House"],"picked":"Black Star"}],"items_purged_floors":[],"is_endless":false,"potions_floor_spawned":[1,3,8,13,16,20,28],"killed_by":"Gremlin Leader","ascension_level":0}}