{"host":"k67zwea37tbl4jhz","time":1610419892,"event":{"mods":["AchievementEnabler","Aspiration","BaseMod","Better Altar","Better Match","Better Sensory Stone","Better Skull","Better Third Choice","BetterRewards","CCEM","Clawfect","Colored Map","Conspire","Downfall","GifTheSpireLib","Googly Eyes","Halation","Highlight Path","Hubris","Mimic Mod","Minty Spire (QoL Compilation)","Permanent Neow","Replay The Spire","Shop Mod","Spicy Shops","StSLib","Stuff the Spire","Unceasing Turn Reminder","everything is the same but u backflip on backflip"],"gold_per_floor":[99,118,118,118,134,134,134,148,164,179,190,203,53,86,100,201,201,201,213,213,300,300,328,359,284,301,312,312,312,79,91,105,105,105,105],"floor_reached":33,"playtime":3077,"items_purged":["champ:StrikeOfGenius"],"score":296,"play_id":"0be625d6-59b0-4ecc-a6c1-79c9f3b4e169","local_time":"20210111215132","is_ascension_mode":false,"campfire_choices":[{"floor":1,"key":"RECALL"},{"floor":13,"key":"REST"},{"data":"Replay:SS_forest_2","floor":18,"key":"SMITH"},{"data":"champ:SkillfulDodge","floor":25,"key":"SMITH"},{"data":"champ:Taunt","floor":29,"key":"SMITH"}],"circlet_count":0,"master_deck":["champ:Strike","champ:Strike","champ:Strike","champ:Strike","champ:Defend","champ:Defend","champ:Defend","champ:Defend","champ:Execute","champ:Taunt+1","Replay:SS_forest_2+1","champ:Circumvent","conspire:Rain","champ:Control","Poisoned Strike","champ:BringItOn","champ:Balance","champ:SkillfulDodge+1","champ:CheapShot","champ:ArenaPreparation","champ:Lariat","champ:ShieldWall+1","Replay:Anticipation+1","champ:EnGarde","ReplayTheSpireMod:Speed Training"],"relics":["champ:ChampionCrown","halation:YellowSoulGem","Pen Nib","downfall:HeartBlessingBlue","downfall:HeartBlessingRed","hubris:Zylophone","halation:PinkAlligatorPlush","Bloody Idol","Blood Vial","PrismaticShard","CCEMRelics:OldTooth","Ornamental Fan","downfall:HeartBlessingGreen","CCEMRelics:WrappedPresent","CCEMRelics:OrganicArmor"],"acts_visited":["Exordium","TheCity"],"potions_floor_usage":[],"damage_taken":[{"damage":8,"enemies":"2 Louse","floor":2,"turns":3},{"damage":0,"enemies":"Small Slimes","floor":5,"turns":4},{"damage":4,"enemies":"Cultist","floor":8,"turns":4},{"damage":5,"enemies":"conspire:2 RoseBushes","floor":9,"turns":7},{"damage":17,"enemies":"Exordium Thugs","floor":10,"turns":5},{"damage":22,"enemies":"Large Slime","floor":11,"turns":6},{"damage":0,"enemies":"3 Louse","floor":12,"turns":4},{"damage":36,"enemies":"3 Sentries","floor":14,"turns":7},{"damage":9,"enemies":"conspire:2 RoseBushes","floor":15,"turns":5},{"damage":41,"enemies":"downfall:Watcher","floor":16,"turns":12},{"damage":31,"enemies":"Shell Parasite","floor":19,"turns":6},{"damage":6,"enemies":"downfall:FleeingMerchant","floor":21,"turns":3},{"damage":44,"enemies":"conspire:SneckoGhost","floor":23,"turns":9},{"damage":28,"enemies":"3 Byrds","floor":24,"turns":7},{"damage":36,"enemies":"3 Byrds","floor":26,"turns":4},{"damage":23,"enemies":"3 Cultists","floor":27,"turns":6},{"damage":5,"enemies":"Cultist and Chosen","floor":31,"turns":9},{"damage":24,"enemies":"conspire:HollyBat","floor":32,"turns":7},{"damage":90,"enemies":"downfall:Silent","floor":33,"turns":7}],"seed_played":"6417803831667291977","potions_obtained":[{"floor":2,"key":"LiquidMemories"},{"floor":11,"key":"Block Potion"},{"floor":23,"key":"Ancient Potion"},{"floor":27,"key":"Guardian:BlockOnCardUsePotion"}],"is_trial":false,"path_per_floor":["R","M","?","?","M","?","T","M","M","M","M","M","R","E","M","B",null,"R","M","?","$","?","E","MIM","R","M","M","?","R","$","M","M","B"],"character_chosen":"THE_CHAMP","items_purchased":["champ:ShieldWall+1","PrismaticShard","champ:EnGarde","CCEMRelics:WrappedPresent"],"campfire_rested":1,"item_purchase_floors":[21,21,30,30],"current_hp_per_floor":[90,82,82,74,74,74,74,70,70,58,49,49,89,68,64,43,100,100,79,3,100,100,66,65,65,56,50,56,56,66,73,81,0,0,0],"gold":105,"neow_bonus":"RANDOM_COLORLESS","is_daily":false,"chose_seed":false,"campfire_upgraded":3,"win_rate":0.0,"timestamp":1610419892,"path_taken":["R","M","?","?","M","?","T","M","M","M","M","?","R","E","M","BOSS","R","M","?","$","?","E","MIM","R","M","?","?","R","?","M","M","BOSS"],"items_purchased_type":["Card","Relic","Card","Relic"],"build_version":"2020-12-22","purchased_purges":1,"victory":false,"max_hp_per_floor":[90,90,90,90,90,90,90,90,90,90,90,90,100,100,100,100,100,100,100,100,100,100,100,100,100,100,100,100,100,105,105,105,105,105,105],"card_choices":[{"not_picked":["Specialist","expansioncontent:Flail"],"picked":"Replay:SS_forest_2","floor":0},{"not_picked":["champ:CrookedStrike","champ:Backstep"],"picked":"champ:Circumvent","floor":2},{"not_picked":["champ:AdrenalArmor","champ:PerfectedStrike"],"picked":"champ:Control","floor":5},{"not_picked":["Specialist","Sadistic Nature"],"picked":"Poisoned Strike","floor":6},{"not_picked":["champ:CrookedStrike","champ:FlashCut"],"picked":"champ:BringItOn","floor":8},{"not_picked":["champ:CrookedStrike","champ:RecklessLeap","champ:PerfectedStrike"],"picked":"SKIP","floor":9},{"not_picked":["champ:Lariat","champ:FaceSlap"],"picked":"champ:StrikeOfGenius","floor":10},{"not_picked":["champ:StanceDance","champ:GutPunch","champ:TornadoPunch"],"picked":"SKIP","floor":11},{"not_picked":["champ:BerserkersShout","champ:GutPunch"],"picked":"champ:Balance","floor":12},{"not_picked":["champ:FanOfKnives","champ:GladiatorStyle","champ:FightOn"],"picked":"SKIP","floor":14},{"not_picked":["champ:FlashCut","champ:ShieldSigil"],"picked":"champ:SkillfulDodge","floor":15},{"not_picked":["champ:DancingMaster","champ:MurderStrike"],"picked":"champ:CheapShot","floor":16},{"not_picked":["champ:RecklessLeap+1","champ:ArenaPreparation","champ:TornadoPunch"],"picked":"SKIP","floor":19},{"not_picked":["champ:RecklessLeap+1","champ:TornadoPunch"],"picked":"champ:ArenaPreparation","floor":19},{"not_picked":["champ:DefensiveStyle","champ:SwordSigil"],"picked":"champ:Lariat","floor":21},{"not_picked":["StuffTheSpire:CleanHardDrive","hexamod:InspiringFlames","sneckomod:Nope"],"picked":"SKIP","floor":23},{"not_picked":["StuffTheSpire:Slingshot","Expertise"],"picked":"Replay:Anticipation+1","floor":24},{"not_picked":["StuffTheSpire:Plugnplay","hexamod:BurningTouch","sneckomod:Nope"],"picked":"SKIP","floor":26},{"not_picked":["Guardian:Recover","Clawfect:ClawingBeam+1","hexamod:SkipABeat"],"picked":"SKIP","floor":27},{"not_picked":["Replay:Undeath\u0027s Touch+1","Clawfect:ClawCell"],"picked":"ReplayTheSpireMod:Speed Training","floor":31},{"not_picked":["expansioncontent:Sear","Stack","Distraction"],"picked":"SKIP","floor":32}],"player_experience":209056,"relics_obtained":[{"floor":14,"key":"hubris:Zylophone"},{"floor":23,"key":"CCEMRelics:OldTooth"},{"floor":24,"key":"Ornamental Fan"},{"floor":30,"key":"CCEMRelics:OrganicArmor"}],"event_choices":[{"damage_healed":0,"gold_gain":1,"player_choice":"1","damage_taken":0,"max_hp_gain":0,"max_hp_loss":0,"event_name":"betterStone:BetterStone","floor":6,"gold_loss":0},{"damage_healed":0,"gold_gain":0,"player_choice":" Idol Vial ","damage_taken":76,"relics_obtained":["Bloody Idol","Blood Vial"],"max_hp_gain":79,"max_hp_loss":3,"event_name":"betterAltar:BetterAltar","floor":20,"potions_obtained":[],"relics_lost":[],"gold_loss":0},{"damage_healed":0,"gold_gain":0,"player_choice":"Leave","damage_taken":0,"max_hp_gain":0,"max_hp_loss":0,"event_name":"conspire:Investor","floor":22,"gold_loss":0},{"damage_healed":6,"gold_gain":0,"player_choice":"LEAVE ","damage_taken":0,"relics_obtained":[],"max_hp_gain":0,"max_hp_loss":0,"event_name":"betterSkull:BetterSkull","floor":28,"gold_loss":0,"cards_upgraded":[]}],"is_beta":false,"boss_relics":[{"not_picked":["Kintsugi","ChewingGum"],"picked":"halation:PinkAlligatorPlush"}],"items_purged_floors":[21],"is_endless":false,"potions_floor_spawned":[2,11,15,23,27,32],"killed_by":"downfall:Silent","ascension_level":0}}