{"host":"t9zjxed0utvsfjwc","time":1610445252,"event":{"mods":["2.2 Compatiblity","Aspiration","BaseMod","Block Reminder","Colored Map","Colored Powertips","Highlight Path","Hubris","Infinite Spire","Minty Spire (QoL Compilation)","Quick Restart","Replay The Spire","StSLib","The Marked","Unceasing Turn Reminder","everything is the same but u backflip on backflip"],"gold_per_floor":[118,132,150,77,88,114,128,138,138,138,150,176,189,208,208,208,208],"floor_reached":16,"playtime":967,"items_purged":[],"score":118,"play_id":"e456f706-59fb-43a5-a12b-09da3220d6cb","local_time":"20210112095412","is_ascension_mode":false,"campfire_choices":[{"floor":10,"key":"RECALL"}],"circlet_count":0,"master_deck":["theMarked:Strike","theMarked:Strike","theMarked:Strike","theMarked:Strike","theMarked:Strike","theMarked:Defend","theMarked:Defend","theMarked:Defend","theMarked:Defend","theMarked:SoldierOfQuellstein","theMarked:SwordAndMagic","EmptyFist","theMarked:Overcharge","theMarked:ComboAttacks","Ragnarok","theMarked:ParalyzingBlade","theMarked:Panic+1","Clash","theMarked:KeepCalmAndFightOn"],"relics":["theMarked:ArtifactOfAir","aspiration:Nostalgia","Replay:M_SmolderingBlood","Replay:Towering Pillar of Hats","Pet Ghost"],"acts_visited":["Exordium"],"potions_floor_usage":[5,6,8,8,12],"damage_taken":[{"damage":0,"enemies":"2 Louse","floor":1,"turns":2},{"damage":1,"enemies":"Jaw Worm","floor":2,"turns":3},{"damage":0,"enemies":"Cultist","floor":3,"turns":2},{"damage":0,"enemies":"Lots of Slimes","floor":5,"turns":3},{"damage":24,"enemies":"Gremlin Nob","floor":6,"turns":4},{"damage":0,"enemies":"Large Slime","floor":7,"turns":2},{"damage":0,"enemies":"2 Fungi Beasts","floor":8,"turns":2},{"damage":0,"enemies":"Blue Slaver","floor":11,"turns":1},{"damage":13,"enemies":"Lagavulin","floor":12,"turns":3},{"damage":4,"enemies":"Red Slaver","floor":13,"turns":2},{"damage":6,"enemies":"Exordium Wildlife","floor":14,"turns":2},{"damage":43,"enemies":"The Guardian","floor":16,"turns":5}],"seed_played":"4597202563847487286","potions_obtained":[{"floor":2,"key":"SteroidPotion"},{"floor":3,"key":"SkillPotion"},{"floor":5,"key":"Milkshake"},{"floor":7,"key":"DistilledChaos"},{"floor":11,"key":"BlessingOfTheForge"}],"is_trial":false,"path_per_floor":["M","M","M","$","M","E","M","M","T","R","M","E","M","M","R_BF","B"],"character_chosen":"THE_DEFAULT","items_purchased":["theMarked:Overcharge"],"campfire_rested":0,"item_purchase_floors":[4],"current_hp_per_floor":[70,69,69,69,69,45,45,45,45,45,45,32,28,22,43,0,0],"gold":208,"neow_bonus":"NOSTALGIA","is_daily":false,"chose_seed":false,"campfire_upgraded":0,"win_rate":0.0,"timestamp":1610445252,"path_taken":["M","M","M","$","M","E","M","M","T","R","M","E","M","M","R_BF","BOSS"],"items_purchased_type":["Card"],"build_version":"2020-12-22","purchased_purges":0,"victory":false,"max_hp_per_floor":[70,70,70,70,70,70,70,70,70,70,70,70,70,70,70,70,70],"card_choices":[{"not_picked":["Infernal Blade","theMarked:Standoff"],"picked":"theMarked:SwordAndMagic","floor":1},{"not_picked":["BowlingBash","Halt"],"picked":"EmptyFist","floor":2},{"not_picked":["Swivel","FlyingSleeves","Halt"],"picked":"SKIP","floor":3},{"not_picked":["theMarked:UnarmedFury","theMarked:ElectricStrings"],"picked":"theMarked:ComboAttacks","floor":5},{"not_picked":["Carnage","theMarked:ContemptForTheProud"],"picked":"Ragnarok","floor":6},{"not_picked":["theMarked:Frustration","theMarked:Improvise"],"picked":"theMarked:ParalyzingBlade","floor":7},{"not_picked":["FollowUp","theMarked:WastefulDefense"],"picked":"theMarked:Panic","floor":8},{"not_picked":["theMarked:WastefulAttack","theMarked:Frustration"],"picked":"Clash","floor":11},{"not_picked":["WreathOfFlame","theMarked:HeightenedSenses","Searing Blow"],"picked":"SKIP","floor":12},{"not_picked":["theMarked:BanishingWave","theMarked:SuspiciousRaven","theMarked:Improvise"],"picked":"SKIP","floor":13},{"not_picked":["FollowUp","Carnage"],"picked":"theMarked:KeepCalmAndFightOn","floor":14}],"player_experience":256743,"relics_obtained":[{"floor":6,"key":"Replay:Towering Pillar of Hats"},{"floor":12,"key":"Pet Ghost"}],"event_choices":[],"is_beta":false,"boss_relics":[],"items_purged_floors":[],"is_endless":false,"potions_floor_spawned":[2,3,5,7,11],"killed_by":"The Guardian","ascension_level":0}}