{"host":"3p4eynvdmgjf7qvn","time":1610484828,"event":{"mods":["Aspiration","BaseMod","Better Note","Better Skull","Colored Powertips","Downfall","Hermit","Marisa????????","Minty Spire (QoL Compilation)","Relic Stats","Replay The Spire","StSLib","The Cursed","The Disciple","The Forsaken","The Hierophant","The Jungle","The Necromancer","TheBandit"],"gold_per_floor":[18,36,50,61,61,61,61,61,61],"floor_reached":8,"language":"ENG","playtime":663,"items_purged":[],"score":48,"play_id":"88eed1b8-7bbf-4054-a3ac-a2b7492c1701","local_time":"20210112215348","is_ascension_mode":false,"campfire_choices":[{"data":"Death_March_Dance","floor":7,"key":"SMITH"}],"circlet_count":0,"master_deck":["Strike_W","Strike_W","Strike_W","Strike_W","Defend_W","Defend_W","Defend_W","Defend_W","Negative_Energy_Arrows","Bone_Wall","Thousand_Bone_Knives","Death_March_Dance+1","Summon_Lich"],"relics":["Vampire_Amulet","Ginger","theForsaken:HumbleEgg","Ring of Fangs"],"acts_visited":["Exordium"],"potions_floor_usage":[4,8],"damage_taken":[{"damage":1,"enemies":"Jaw Worm","floor":1,"turns":6},{"damage":0,"enemies":"Small Slimes","floor":2,"turns":3},{"damage":1,"enemies":"Cultist","floor":3,"turns":4},{"damage":2,"enemies":"Red Slaver","floor":4,"turns":3},{"damage":57,"enemies":"Lagavulin","floor":8,"turns":10}],"seed_played":"-810969153385038154","potions_obtained":[{"floor":2,"key":"SkillPotion"},{"floor":4,"key":"Reflective Coating"}],"is_trial":false,"path_per_floor":["M","M","M","M","?","?","R","E"],"character_chosen":"NECROMANCER","items_purchased":[],"campfire_rested":0,"item_purchase_floors":[],"current_hp_per_floor":[75,75,75,75,57,57,57,0,0],"gold":61,"neow_bonus":"ONE_RARE_RELIC","is_daily":false,"chose_seed":false,"campfire_upgraded":1,"win_rate":0.0,"timestamp":1610484828,"path_taken":["M","M","M","M","?","?","R","E"],"items_purchased_type":[],"build_version":"2020-12-22","purchased_purges":0,"victory":false,"max_hp_per_floor":[75,75,75,75,75,75,75,75,75],"relic_stats":{"counters":[5,26],"Ginger":[0],"obtain_stats":[{"theForsaken:HumbleEgg":5,"Ring of Fangs":6,"Vampire_Amulet":0,"Ginger":0},{"theForsaken:HumbleEgg":4,"Ring of Fangs":4,"Vampire_Amulet":0,"Ginger":0},{"theForsaken:HumbleEgg":16,"Ring of Fangs":16,"Vampire_Amulet":0,"Ginger":0}]},"card_choices":[{"not_picked":["Blood_Whip","Pandemic"],"picked":"Thousand_Bone_Knives","floor":1},{"not_picked":["Bones_to_Steel","Acid_Javelin","Negative_Energy_Javelin"],"picked":"SKIP","floor":2},{"not_picked":["Death_Coil","Bones_to_Steel"],"picked":"Death_March_Dance","floor":3},{"not_picked":["Bones_to_Steel","Strike_from_Beyond"],"picked":"Summon_Lich","floor":4}],"player_experience":287396,"relics_obtained":[{"floor":6,"key":"Ring of Fangs"}],"event_choices":[{"damage_healed":0,"gold_gain":0,"player_choice":"Success","damage_taken":18,"relics_obtained":["theForsaken:HumbleEgg"],"max_hp_gain":0,"max_hp_loss":0,"event_name":"Scrap Ooze","floor":5,"gold_loss":0}],"is_beta":false,"boss_relics":[],"items_purged_floors":[],"is_endless":false,"potions_floor_spawned":[2,4],"killed_by":"Lagavulin","ascension_level":0}}