{"host":"t7mx8yfj1no5p62f","time":1610428501,"event":{"mods":["BaseMod","Bestiary","Colored Map","Colored Powertips","Minty Spire (QoL Compilation)","Relic Stats","StSLib"],"gold_per_floor":[112,128,145,85,104,129,149,149,149,177,177,212,228,256,256,329,329,348,366,379,379,394,394,422,422,422,7,27,53,82,82,82,159,159,173,173,173,448,473,505,505,533,533,560,578,578,591,99,99,99,99,99,99,12,42,42],"floor_reached":57,"playtime":3698,"items_purged":["Regret","Strike_R"],"score":2881,"play_id":"a08c4c85-e005-4221-b637-010595727588","local_time":"20210112001501","is_ascension_mode":true,"campfire_choices":[{"data":"Carnage","floor":8.0,"key":"SMITH"},{"data":"Inflame","floor":11.0,"key":"SMITH"},{"data":"Armaments","floor":15.0,"key":"SMITH"},{"data":"1","floor":23.0,"key":"LIFT"},{"data":"2","floor":25.0,"key":"LIFT"},{"data":"3","floor":32.0,"key":"LIFT"},{"data":"Entrench","floor":46.0,"key":"SMITH"},{"floor":49.0,"key":"RECALL"},{"data":"Panacea","floor":53.0,"key":"SMITH"}],"circlet_count":0,"master_deck":["AscendersBane","Strike_R","Strike_R","Defend_R","Defend_R","Defend_R","Defend_R","Bash","Carnage+1","Flame Barrier","Armaments+1","Headbutt","Battle Trance","True Grit","Inflame+1","Sword Boomerang","Shockwave","Corruption","Brutality","Power Through","Flame Barrier+1","Entrench+1","Evolve+1","Headbutt","Exhume","Panacea+1","PanicButton","True Grit+1","Blood for Blood+1","Feel No Pain","Dark Embrace","Power Through"],"relics":["Burning Blood","Bag of Preparation","Bird Faced Urn","InkBottle","Torii","Juzu Bracelet","Philosopher\u0027s Stone","Girya","Pocketwatch","Smiling Mask","Calipers","WingedGreaves","Ancient Tea Set","Coffee Dripper","CaptainsWheel","Pantograph","Singing Bowl","Bag of Marbles","Bottled Tornado","Orrery","Shuriken"],"acts_visited":["Exordium","TheCity","TheBeyond","TheEnding"],"potions_floor_usage":[56],"damage_taken":[{"damage":2.0,"enemies":"Cultist","floor":1.0,"turns":4.0},{"damage":4.0,"enemies":"Small Slimes","floor":2.0,"turns":3.0},{"damage":0.0,"enemies":"Jaw Worm","floor":3.0,"turns":4.0},{"damage":1.0,"enemies":"Looter","floor":4.0,"turns":5.0},{"damage":13.0,"enemies":"Red Slaver","floor":5.0,"turns":3.0},{"damage":30.0,"enemies":"3 Sentries","floor":6.0,"turns":9.0},{"damage":1.0,"enemies":"2 Fungi Beasts","floor":7.0,"turns":4.0},{"damage":8.0,"enemies":"Gremlin Nob","floor":10.0,"turns":3.0},{"damage":10.0,"enemies":"3 Sentries","floor":12.0,"turns":8.0},{"damage":6.0,"enemies":"Large Slime","floor":13.0,"turns":4.0},{"damage":8.0,"enemies":"Gremlin Nob","floor":14.0,"turns":3.0},{"damage":6.0,"enemies":"Hexaghost","floor":16.0,"turns":9.0},{"damage":18.0,"enemies":"2 Thieves","floor":18.0,"turns":4.0},{"damage":2.0,"enemies":"Spheric Guardian","floor":19.0,"turns":3.0},{"damage":11.0,"enemies":"Shelled Parasite and Fungi","floor":20.0,"turns":4.0},{"damage":3.0,"enemies":"Chosen and Byrds","floor":22.0,"turns":3.0},{"damage":2.0,"enemies":"Gremlin Leader","floor":24.0,"turns":4.0},{"damage":3.0,"enemies":"3 Cultists","floor":28.0,"turns":4.0},{"damage":36.0,"enemies":"Slavers","floor":29.0,"turns":5.0},{"damage":10.0,"enemies":"Gremlin Leader","floor":30.0,"turns":8.0},{"damage":96.0,"enemies":"Collector","floor":33.0,"turns":11.0},{"damage":2.0,"enemies":"3 Shapes","floor":35.0,"turns":4.0},{"damage":8.0,"enemies":"Mind Bloom Boss Battle","floor":39.0,"turns":6.0},{"damage":15.0,"enemies":"Giant Head","floor":40.0,"turns":16.0},{"damage":30.0,"enemies":"Nemesis","floor":42.0,"turns":7.0},{"damage":53.0,"enemies":"Reptomancer","floor":44.0,"turns":8.0},{"damage":6.0,"enemies":"3 Darklings","floor":45.0,"turns":7.0},{"damage":3.0,"enemies":"Sphere and 2 Shapes","floor":47.0,"turns":4.0},{"damage":1.0,"enemies":"Time Eater","floor":50.0,"turns":19.0},{"damage":51.0,"enemies":"Donu and Deca","floor":51.0,"turns":15.0},{"damage":48.0,"enemies":"Shield and Spear","floor":55.0,"turns":8.0},{"damage":57,"enemies":"The Heart","floor":56,"turns":11}],"seed_played":"-7969806308301238955","potions_obtained":[{"floor":1.0,"key":"LiquidBronze"},{"floor":7.0,"key":"Strength Potion"},{"floor":10.0,"key":"Explosive Potion"},{"floor":12.0,"key":"Fire Potion"},{"floor":13.0,"key":"Dexterity Potion"},{"floor":14.0,"key":"PowerPotion"},{"floor":16.0,"key":"SkillPotion"},{"floor":24.0,"key":"SteroidPotion"},{"floor":28.0,"key":"FairyPotion"},{"floor":40.0,"key":"SpeedPotion"},{"floor":45.0,"key":"SkillPotion"}],"is_trial":false,"path_per_floor":["M","M","M","M","M","E","M","R","T","E","R","E","M","E","R","B",null,"M","M","M","T","M","R","E","R","T","$","M","E","E","?","R","B",null,"M","?","?","?","?","E","?","E","T","E","M","R","M","$","R","B","B",null,"R","$","E","B",null],"character_chosen":"IRONCLAD","items_purchased":["Calipers","Entrench","Bottled Tornado","Orrery","Power Through"],"campfire_rested":0,"item_purchase_floors":[27,27,48,48,54],"current_hp_per_floor":[54,56,62,67,60,36,41,41,41,41,41,39,41,41,41,47,68,62,72,73,73,75,75,75,75,75,75,75,49,51,51,51,27,63,75,65,65,65,71,70,70,53,53,16,24,24,37,45,45,85,50,76,76,76,48,34],"gold":42,"neow_bonus":"REMOVE_TWO","is_daily":false,"chose_seed":false,"campfire_upgraded":5,"win_rate":0.0,"timestamp":1610428501,"path_taken":["M","?","M","M","M","E","M","R","T","E","R","E","M","E","R","BOSS","M","M","M","?","M","R","E","R","T","$","M","E","E","?","R","BOSS","M","?","?","?","?","E","?","E","T","E","M","R","M","$","R","BOSS","BOSS","R","$","E","BOSS"],"items_purchased_type":["Relic","Card","Relic","Relic","Card"],"build_version":"2020-12-22","purchased_purges":2,"victory":true,"max_hp_per_floor":[75,75,75,75,75,75,75,75,75,75,75,75,75,75,75,75,75,75,75,75,75,75,75,75,75,75,75,75,75,75,75,75,75,75,75,75,75,75,75,75,71,73,73,75,75,75,77,85,85,85,85,85,85,85,87,87],"relic_stats":{"Torii":57,"Singing Bowl":16,"counters":[32,210],"Bag of Preparation":[52],"Juzu Bracelet":2,"Smiling Mask":75,"Burning Blood":180,"Shuriken":[4],"Bird Faced Urn":[151],"Pantograph":50,"obtain_stats":[{"Girya":21,"Calipers":27,"Torii":12,"Singing Bowl":42,"Bag of Preparation":6,"Juzu Bracelet":14,"Bottled Tornado":48,"Smiling Mask":26,"Ancient Tea Set":30,"Burning Blood":0,"CaptainsWheel":39,"Shuriken":55,"Bird Faced Urn":9,"Pantograph":40,"Orrery":48,"Philosopher\u0027s Stone":17,"WingedGreaves":29,"Coffee Dripper":34,"Bag of Marbles":44,"InkBottle":10,"Pocketwatch":24},{"Girya":15,"Calipers":17,"Torii":9,"Singing Bowl":25,"Bag of Preparation":6,"Juzu Bracelet":11,"Bottled Tornado":28,"Smiling Mask":17,"Ancient Tea Set":20,"Burning Blood":0,"CaptainsWheel":23,"Shuriken":31,"Bird Faced Urn":7,"Pantograph":24,"Orrery":28,"Philosopher\u0027s Stone":12,"WingedGreaves":19,"Coffee Dripper":21,"Bag of Marbles":26,"InkBottle":8,"Pocketwatch":17},{"Girya":70,"Calipers":77,"Torii":43,"Singing Bowl":138,"Bag of Preparation":28,"Juzu Bracelet":50,"Bottled Tornado":157,"Smiling Mask":77,"Ancient Tea Set":94,"Burning Blood":0,"CaptainsWheel":115,"Shuriken":199,"Bird Faced Urn":32,"Pantograph":131,"Orrery":157,"Philosopher\u0027s Stone":59,"WingedGreaves":86,"Coffee Dripper":105,"Bag of Marbles":146,"InkBottle":35,"Pocketwatch":77}],"InkBottle":[65],"Pocketwatch":[153]},"card_choices":[{"not_picked":["True Grit","Heavy Blade"],"picked":"Carnage","floor":1.0},{"not_picked":["Sword Boomerang","Thunderclap"],"picked":"Flame Barrier","floor":2.0},{"not_picked":["True Grit","Seeing Red"],"picked":"Armaments","floor":3.0},{"not_picked":["Ghostly Armor","Rampage"],"picked":"Headbutt","floor":4.0},{"not_picked":["Thunderclap","Clash"],"picked":"Battle Trance","floor":5.0},{"not_picked":["Seeing Red","Double Tap"],"picked":"True Grit","floor":6.0},{"not_picked":["Pommel Strike","Rage"],"picked":"Inflame","floor":7.0},{"not_picked":["Searing Blow","Cleave"],"picked":"Sword Boomerang","floor":10.0},{"not_picked":["Pommel Strike","Armaments"],"picked":"Shockwave","floor":12.0},{"not_picked":["Warcry","Battle Trance","Infernal Blade"],"picked":"SKIP","floor":13.0},{"not_picked":["Iron Wave","Evolve"],"picked":"Corruption","floor":14.0},{"not_picked":["Juggernaut","Double Tap"],"picked":"Brutality","floor":16.0},{"not_picked":["Flex","Twin Strike","Pommel Strike"],"picked":"SKIP","floor":18.0},{"not_picked":["Anger+1","Sword Boomerang","Wild Strike"],"picked":"SKIP","floor":19.0},{"not_picked":["Warcry","Heavy Blade"],"picked":"Power Through","floor":20.0},{"not_picked":["Cleave","Thunderclap","Searing Blow+1"],"picked":"SKIP","floor":22.0},{"not_picked":["Havoc","Burning Pact"],"picked":"Flame Barrier+1","floor":24.0},{"not_picked":["Cleave","Rampage","Sever Soul"],"picked":"SKIP","floor":28.0},{"not_picked":["Metallicize","Dark Embrace"],"picked":"Evolve+1","floor":29.0},{"not_picked":["Flex","Anger+1"],"picked":"Headbutt","floor":30.0},{"not_picked":["Corruption","Double Tap"],"picked":"Exhume","floor":33.0},{"not_picked":["Cleave","Bloodletting","Thunderclap"],"picked":"SKIP","floor":35.0},{"not_picked":["Jack Of All Trades","Blind"],"picked":"Panacea","floor":36.0},{"not_picked":["Mind Blast","Impatience"],"picked":"PanicButton","floor":36.0},{"not_picked":["Clash","Warcry"],"picked":"True Grit+1","floor":39.0},{"not_picked":["Havoc+1","Anger"],"picked":"Blood for Blood+1","floor":40.0},{"not_picked":["Rampage","Warcry","Flex+1"],"picked":"Singing Bowl","floor":42.0},{"not_picked":["Flex+1","Twin Strike","Bloodletting"],"picked":"Singing Bowl","floor":44.0},{"not_picked":["Perfected Strike","Shrug It Off"],"picked":"Feel No Pain","floor":45.0},{"not_picked":["Iron Wave","Sword Boomerang","Burning Pact"],"picked":"Singing Bowl","floor":47.0},{"not_picked":["Combust","Bludgeon"],"picked":"Dark Embrace","floor":48.0},{"not_picked":["Thunderclap","Iron Wave+1","Wild Strike"],"picked":"Singing Bowl","floor":48.0},{"not_picked":["Twin Strike+1","Sever Soul","Intimidate"],"picked":"Singing Bowl","floor":48.0},{"not_picked":["Sword Boomerang+1","Wild Strike","True Grit"],"picked":"Singing Bowl","floor":48.0},{"not_picked":["Dual Wield","Pommel Strike","Hemokinesis"],"picked":"Singing Bowl","floor":48.0},{"not_picked":["Ghostly Armor","Wild Strike+1","Cleave"],"picked":"Singing Bowl","floor":55.0}],"player_experience":1730537,"relics_obtained":[{"floor":6.0,"key":"Bag of Preparation"},{"floor":9.0,"key":"Bird Faced Urn"},{"floor":10.0,"key":"InkBottle"},{"floor":12.0,"key":"Torii"},{"floor":14.0,"key":"Juzu Bracelet"},{"floor":21.0,"key":"Girya"},{"floor":24.0,"key":"Pocketwatch"},{"floor":26.0,"key":"Smiling Mask"},{"floor":29.0,"key":"WingedGreaves"},{"floor":30.0,"key":"Ancient Tea Set"},{"floor":39.0,"key":"CaptainsWheel"},{"floor":40.0,"key":"Pantograph"},{"floor":42.0,"key":"Singing Bowl"},{"floor":44.0,"key":"Bag of Marbles"},{"floor":55.0,"key":"Shuriken"}],"event_choices":[{"damage_healed":0.0,"max_hp_gain":0.0,"max_hp_loss":0.0,"gold_gain":0.0,"event_name":"The Mausoleum","player_choice":"Ignored","floor":31.0,"gold_loss":0.0,"damage_taken":0.0},{"damage_healed":0.0,"max_hp_gain":0.0,"max_hp_loss":0.0,"gold_gain":0.0,"event_name":"SensoryStone","player_choice":"Memory 3","floor":36.0,"gold_loss":0.0,"damage_taken":10.0},{"damage_healed":0.0,"max_hp_gain":0.0,"max_hp_loss":0.0,"gold_gain":0.0,"event_name":"Tomb of Lord Red Mask","player_choice":"Ignored","floor":37.0,"gold_loss":0.0,"damage_taken":0.0},{"damage_healed":0.0,"max_hp_gain":0.0,"max_hp_loss":0.0,"gold_gain":275.0,"event_name":"Golden Shrine","player_choice":"Desecrate","floor":38.0,"gold_loss":0.0,"damage_taken":0.0,"cards_obtained":["Regret"]},{"damage_healed":0.0,"max_hp_gain":0.0,"max_hp_loss":0.0,"gold_gain":0.0,"event_name":"MindBloom","player_choice":"Fight","floor":39.0,"gold_loss":0.0,"damage_taken":0.0},{"damage_healed":0.0,"max_hp_gain":0.0,"max_hp_loss":4.0,"gold_gain":0.0,"event_name":"Winding Halls","player_choice":"Max HP","floor":41.0,"gold_loss":0.0,"damage_taken":0.0}],"is_beta":false,"boss_relics":[{"not_picked":["SacredBark","Black Blood"],"picked":"Philosopher\u0027s Stone"},{"not_picked":["Mark of Pain","Cursed Key"],"picked":"Coffee Dripper"}],"items_purged_floors":[48,54],"is_endless":false,"potions_floor_spawned":[1,7,10,12,13,14,16,18,24,28,30,40,45,47],"ascension_level":20}}