{"host":"sav7uxregyirlf69","time":1610464809,"event":{"mods":["AchievementEnabler","BaseMod","Colored Map","DeckTracker","Keyboard Shortcuts","Minty Spire (QoL Compilation)","READ ME - Guardian Mod","StSLib","SuperFastMode"],"gold_per_floor":[115,125,138,118,129,129,146,146,146,178,193,193,203,217,217,290,290,308,8,8,40,40,70,85,117,117,137,170,170,196,111,111,188,188,205,218,218,232,246,274,14,46,91,119,119,119,136,149,149,149,149,149,149,62,91,91],"floor_reached":57,"playtime":2423,"items_purged":["Cloak And Dagger","Survivor"],"score":3498,"play_id":"9bb44653-bde7-4be9-b7bc-f8a3ffc72e4e","local_time":"20210113002009","is_ascension_mode":true,"campfire_choices":[{"data":"Dash","floor":6.0,"key":"SMITH"},{"data":"Noxious Fumes","floor":8.0,"key":"SMITH"},{"floor":12.0,"key":"REST"},{"data":"Well Laid Plans","floor":15.0,"key":"SMITH"},{"floor":29.0,"key":"REST"},{"data":"Tactician","floor":32.0,"key":"SMITH"},{"floor":46,"key":"REST"},{"floor":49,"key":"RECALL"},{"floor":53,"key":"REST"}],"circlet_count":0,"master_deck":["AscendersBane","Dash+1","Crippling Poison+1","Tactician+1","Noxious Fumes+1","Deadly Poison+1","Well Laid Plans+1","PiercingWail+1","Phantasmal Killer+1","Malaise+1","Bullet Time+1","Dodge and Roll+1","After Image","Doppelganger+1","Blade Dance+1","Burst+1","Blur+1","Backflip+1","Acrobatics+1","Phantasmal Killer+1","Escape Plan+1","After Image","After Image","Accuracy"],"relics":["Ring of the Snake","Toxic Egg 2","Darkstone Periapt","Pandora\u0027s Box","Medical Kit","Red Mask","Singing Bowl","Kunai","Pantograph","MealTicket","Anchor","Dream Catcher","Busted Crown","Meat on the Bone","Boot","Potion Belt","Blue Candle","Calipers"],"acts_visited":["Exordium","TheCity","TheBeyond","TheEnding"],"potions_floor_usage":[51,56],"damage_taken":[{"damage":1.0,"enemies":"Small Slimes","floor":1.0,"turns":4.0},{"damage":0.0,"enemies":"Cultist","floor":2.0,"turns":4.0},{"damage":2.0,"enemies":"Jaw Worm","floor":3.0,"turns":4.0},{"damage":15.0,"enemies":"Exordium Wildlife","floor":5.0,"turns":6.0},{"damage":0.0,"enemies":"Looter","floor":7.0,"turns":4.0},{"damage":28.0,"enemies":"Gremlin Nob","floor":10.0,"turns":5.0},{"damage":3.0,"enemies":"Exordium Thugs","floor":11.0,"turns":5.0},{"damage":0.0,"enemies":"Blue Slaver","floor":13.0,"turns":4.0},{"damage":1.0,"enemies":"Red Slaver","floor":14.0,"turns":4.0},{"damage":17.0,"enemies":"Hexaghost","floor":16.0,"turns":11.0},{"damage":1.0,"enemies":"2 Thieves","floor":18.0,"turns":4.0},{"damage":0.0,"enemies":"Masked Bandits","floor":21.0,"turns":4.0},{"damage":10.0,"enemies":"Gremlin Leader","floor":23.0,"turns":5.0},{"damage":0.0,"enemies":"Shell Parasite","floor":24.0,"turns":6.0},{"damage":0.0,"enemies":"Book of Stabbing","floor":25.0,"turns":5.0},{"damage":13.0,"enemies":"Shelled Parasite and Fungi","floor":27.0,"turns":4.0},{"damage":17.0,"enemies":"Slavers","floor":28.0,"turns":7.0},{"damage":0.0,"enemies":"Book of Stabbing","floor":30.0,"turns":5.0},{"damage":0.0,"enemies":"Collector","floor":33.0,"turns":9.0},{"damage":0.0,"enemies":"3 Shapes","floor":35.0,"turns":6.0},{"damage":0.0,"enemies":"3 Darklings","floor":36.0,"turns":5.0},{"damage":0.0,"enemies":"Jaw Worm Horde","floor":38.0,"turns":5.0},{"damage":0.0,"enemies":"4 Shapes","floor":39.0,"turns":5.0},{"damage":0.0,"enemies":"Giant Head","floor":40.0,"turns":8.0},{"damage":28.0,"enemies":"Reptomancer","floor":42.0,"turns":7.0},{"damage":0,"enemies":"Giant Head","floor":44,"turns":10},{"damage":0,"enemies":"3 Darklings","floor":47,"turns":4},{"damage":3,"enemies":"Jaw Worm Horde","floor":48,"turns":4},{"damage":0,"enemies":"Donu and Deca","floor":50,"turns":11},{"damage":0,"enemies":"Awakened One","floor":51,"turns":14},{"damage":12,"enemies":"Shield and Spear","floor":55,"turns":6},{"damage":72,"enemies":"The Heart","floor":56,"turns":12}],"seed_played":"-6511901669705821998","potions_obtained":[{"floor":1.0,"key":"PowerPotion"},{"floor":2.0,"key":"GamblersBrew"},{"floor":4.0,"key":"Regen Potion"},{"floor":13.0,"key":"Fire Potion"},{"floor":16.0,"key":"Fire Potion"},{"floor":18.0,"key":"CultistPotion"},{"floor":23.0,"key":"DuplicationPotion"},{"floor":33.0,"key":"Poison Potion"},{"floor":35.0,"key":"Swift Potion"},{"floor":47,"key":"Block Potion"},{"floor":55,"key":"LiquidMemories"}],"is_trial":false,"path_per_floor":["M","M","M","?","M","R","M","R","T","E","M","R","M","M","R","B",null,"M","$","?","?","$","E","M","E","T","M","E","R","E","?","R","B",null,"M","M","?","M","M","E","$","E","T","E","?","R","M","M","R","B","B",null,"R","$","E","B",null],"character_chosen":"THE_SILENT","items_purchased":["Medical Kit","Backflip+1","Boot","Accuracy"],"campfire_rested":4,"item_purchase_floors":[19,19,41,54],"current_hp_per_floor":[43,43,41,41,26,26,26,26,26,12,9,28,28,27,27,10,52,51,51,51,51,51,43,43,45,45,34,19,41,43,43,43,68,74,76,78,78,80,82,84,86,60,60,62,62,91,93,92,92,96,96,96,98,98,88,40],"gold":91,"neow_bonus":"TRANSFORM_TWO_CARDS","is_daily":false,"chose_seed":false,"campfire_upgraded":4,"win_rate":0.0,"timestamp":1610464809,"path_taken":["M","M","M","?","M","R","M","R","T","E","M","R","?","?","R","BOSS","M","$","?","?","?","E","?","E","T","M","E","R","E","?","R","BOSS","M","M","?","M","M","E","?","E","T","E","?","R","M","M","R","BOSS","BOSS","R","$","E","BOSS"],"items_purchased_type":["Relic","Card","Relic","Card"],"build_version":"2020-12-22","purchased_purges":2,"victory":true,"max_hp_per_floor":[66,66,66,66,66,66,66,66,66,66,66,66,66,66,66,66,66,66,66,66,66,66,68,68,70,70,72,74,74,76,76,76,76,76,78,80,80,82,84,86,86,88,88,90,90,92,94,96,96,96,96,96,98,98,100,100],"card_choices":[{"not_picked":["Backstab","Poisoned Stab"],"picked":"Crippling Poison","floor":1.0},{"not_picked":["Expertise","PiercingWail","Poisoned Stab"],"picked":"SKIP","floor":2.0},{"not_picked":["Quick Slash","Deadly Poison"],"picked":"Tactician","floor":3.0},{"not_picked":["Dodge and Roll","Well Laid Plans"],"picked":"Noxious Fumes","floor":5.0},{"not_picked":["Masterful Stab","Escape Plan","Terror"],"picked":"SKIP","floor":7.0},{"not_picked":["Night Terror+1","Outmaneuver+1"],"picked":"Deadly Poison+1","floor":10.0},{"not_picked":["Underhanded Strike","Flechettes"],"picked":"Well Laid Plans","floor":11.0},{"not_picked":["Concentrate+1","Crippling Poison+1"],"picked":"PiercingWail+1","floor":13.0},{"not_picked":["Setup+1","Underhanded Strike","Choke"],"picked":"SKIP","floor":14.0},{"not_picked":["Envenom","Doppelganger+1"],"picked":"Phantasmal Killer+1","floor":16.0},{"not_picked":["Dodge and Roll+1","Deflect+1"],"picked":"Blur+1","floor":18.0},{"not_picked":["Sucker Punch","Quick Slash","Infinite Blades"],"picked":"Singing Bowl","floor":23.0},{"not_picked":["Grand Finale","Flying Knee"],"picked":"Escape Plan+1","floor":24.0},{"not_picked":["Slice","Poisoned Stab","Escape Plan+1"],"picked":"Singing Bowl","floor":25.0},{"not_picked":["Accuracy","Blade Dance+1","Eviscerate"],"picked":"Singing Bowl","floor":27.0},{"not_picked":["A Thousand Cuts","Deflect+1","Sucker Punch"],"picked":"Singing Bowl","floor":28.0},{"not_picked":["Bane","Concentrate+1","Underhanded Strike"],"picked":"Singing Bowl","floor":30.0},{"not_picked":["Die Die Die","Burst+1"],"picked":"After Image","floor":33.0},{"not_picked":["Bane+1"],"picked":"Singing Bowl","floor":35.0},{"not_picked":["Backflip+1"],"picked":"Singing Bowl","floor":36.0},{"not_picked":["Accuracy"],"picked":"Singing Bowl","floor":38.0},{"not_picked":["Riddle With Holes"],"picked":"Singing Bowl","floor":39.0},{"not_picked":["Choke"],"picked":"Singing Bowl","floor":40.0},{"not_picked":["Acrobatics+1"],"picked":"Singing Bowl","floor":42.0},{"not_picked":["Burst+1"],"picked":"Singing Bowl","floor":44},{"not_picked":["Dagger Throw"],"picked":"Singing Bowl","floor":46},{"not_picked":["Finisher"],"picked":"Singing Bowl","floor":47},{"not_picked":["Deadly Poison+1"],"picked":"Singing Bowl","floor":48},{"not_picked":["Finisher"],"picked":"Singing Bowl","floor":53},{"not_picked":["Deflect+1"],"picked":"Singing Bowl","floor":55}],"player_experience":1266602,"relics_obtained":[{"floor":9.0,"key":"Toxic Egg 2"},{"floor":10.0,"key":"Darkstone Periapt"},{"floor":21.0,"key":"Red Mask"},{"floor":23.0,"key":"Singing Bowl"},{"floor":25.0,"key":"Kunai"},{"floor":26.0,"key":"Pantograph"},{"floor":28.0,"key":"MealTicket"},{"floor":30.0,"key":"Anchor"},{"floor":40.0,"key":"Meat on the Bone"},{"floor":42.0,"key":"Potion Belt"},{"floor":44,"key":"Blue Candle"},{"floor":55,"key":"Calipers"}],"event_choices":[{"damage_healed":0.0,"max_hp_gain":0.0,"max_hp_loss":0.0,"gold_gain":0.0,"event_name":"The Woman in Blue","player_choice":"Bought 1 Potion","floor":4.0,"gold_loss":0.0,"damage_taken":0.0},{"damage_healed":0.0,"max_hp_gain":0.0,"max_hp_loss":0.0,"gold_gain":0.0,"cards_transformed":["Eviscerate","Neutralize"],"event_name":"Drug Dealer","player_choice":"Became Test Subject","floor":20.0,"gold_loss":0.0,"damage_taken":0.0,"cards_obtained":["Acrobatics","Phantasmal Killer"]},{"damage_healed":0.0,"max_hp_gain":0.0,"max_hp_loss":0.0,"gold_gain":0.0,"event_name":"Masked Bandits","player_choice":"Fought Bandits","floor":21.0,"gold_loss":0.0,"damage_taken":0.0},{"damage_healed":0.0,"max_hp_gain":0.0,"max_hp_loss":0.0,"gold_gain":0.0,"event_name":"Addict","player_choice":"Obtained Relic","floor":31.0,"gold_loss":85.0,"damage_taken":0.0,"relics_obtained":["Dream Catcher"]},{"damage_healed":0.0,"max_hp_gain":0.0,"max_hp_loss":0.0,"gold_gain":0.0,"event_name":"Duplicator","player_choice":"Copied","floor":37.0,"gold_loss":0.0,"damage_taken":0.0,"cards_obtained":["After Image"]},{"damage_healed":0,"gold_gain":0,"player_choice":"Forge","damage_taken":0,"max_hp_gain":0,"max_hp_loss":0,"event_name":"Accursed Blacksmith","floor":45,"gold_loss":0,"cards_upgraded":["Crippling Poison"]}],"is_beta":false,"boss_relics":[{"not_picked":["Ectoplasm","WristBlade"],"picked":"Pandora\u0027s Box"},{"not_picked":["SacredBark","Ring of the Serpent"],"picked":"Busted Crown"}],"items_purged_floors":[19,41],"is_endless":false,"potions_floor_spawned":[1,2,3,13,16,18,23,27,33,35,36,39,47,55],"ascension_level":20}}