{"host":"upk85iu3rnh2l1yz","time":1610463645,"event":{"mods":["BaseMod","CapriCore","Downfall","Hermit","Minty Spire (QoL Compilation)","Replay The Spire","StSLib","The Cursed","The Immortal","The Marked","The Servant 0.9.4"],"gold_per_floor":[118,134,145,161,161,161,186,186,186,220,72,72,111,111,111,216,216,210,260,286,9,32,32,57,105,151,151,207,207,132,174,174,311,311,336,358,358,383,454,454,489,489,489,300,342,342,342,342,342,352,352,352,44,104,132,132,132],"floor_reached":55,"playtime":5891,"items_purged":["Clumsy","Normality","Voices"],"score":771,"play_id":"747fee85-88ce-4f39-bb2c-1c4406d0b4ae","local_time":"20210112230045","is_ascension_mode":false,"campfire_choices":[{"data":"MokouMod:Sear","floor":6,"key":"SMITH"},{"floor":8,"key":"REST"},{"floor":15,"key":"REST"},{"data":"MokouMod:RisingSunBarrier","floor":23,"key":"SMITH"},{"data":"MokouMod:Extinguish","floor":27,"key":"SMITH"},{"floor":29,"key":"REST"},{"floor":32,"key":"REST"},{"data":"MokouMod:EnchantingBambooForest","floor":40,"key":"SMITH"},{"data":"expansioncontent:StudyTheSpire","floor":40,"key":"SMITH"},{"data":"MokouMod:ResonanceReactor","floor":42,"key":"SMITH"},{"data":"MokouMod:SubterraneanCore","floor":42,"key":"SMITH"},{"data":"Replay:Sssssssssshield","floor":46,"key":"SMITH"},{"data":"MokouMod:Cataclysm","floor":46,"key":"SMITH"},{"data":"MokouMod:HeatCyclone","floor":47,"key":"SMITH"},{"data":"MokouMod:InfernalWave","floor":47,"key":"SMITH"},{"floor":49,"key":"RECALL"},{"data":"MokouMod:Scorch","floor":52,"key":"SMITH"},{"data":"MokouMod:SearingShot","floor":52,"key":"SMITH"}],"circlet_count":0,"master_deck":["MokouMod:Strike","MokouMod:Strike","MokouMod:Strike","MokouMod:Defend","MokouMod:Defend","MokouMod:HeatSpark","MokouMod:Sear+1","MokouMod:Ventilation+1","MokouMod:InfernalWave+1","MokouMod:HeatCyclone+1","MokouMod:Geothermal+1","MokouMod:PhoenixFeathers+1","MokouMod:RisingSunBarrier+1","MokouMod:SearingShot+1","MokouMod:Extinguish+1","MokouMod:ImperishableFlame","MokouMod:SubterraneanCore+1","MokouMod:Firecracker","MokouMod:RadiantBlade+1","CurseOfTheBell","MokouMod:EnchantingBambooForest+1","MokouMod:ResonanceReactor+1","MokouMod:Cataclysm+1","Replay:Sssssssssshield+1","MokouMod:Scorch+1","MokouMod:IllusoryBattlefield"],"relics":["MokouMod:PhoenixFeather","Gremlin Horn","Snack Pack","Blood Vial","Replay:Bandana","Pocketwatch","Replay:Ancient Bell","Omamori","Iron Hammer","Replay:PocketPolymizer","Ring of Searing","Ring of Greed","Golden Idol","Membership Card","Mango","Mummified Hand","Centennial Puzzle","Bird Faced Urn","Toolbox","Regal Pillow","Replay:Grab Bag","ChewingGum","SlaversCollar","Calling Bell","Replay:Wax Seal","Ornamental Fan","WingedGreaves","ReplayTheSpireMod:CursedCoin","Vajra","Replay:Arrowhead","Replay:Kaleidoscope","Guide Book","ReplayTheSpireMod:Lightbulb","Divine Protection","FossilizedHelix","Turnip","HandDrill","Pet Ghost","Ginger","Bronze Scales"],"acts_visited":["Exordium","TheCity","TheBeyond","TheEnding"],"potions_floor_usage":[18,25,28,33,33,45,54],"damage_taken":[{"damage":0,"enemies":"2 Louse","floor":1,"turns":3},{"damage":0,"enemies":"Cultist","floor":2,"turns":4},{"damage":6,"enemies":"Jaw Worm","floor":3,"turns":4},{"damage":21,"enemies":"Exordium Thugs","floor":4,"turns":6},{"damage":41,"enemies":"Lagavulin","floor":7,"turns":10},{"damage":15,"enemies":"Replay:BlueRogue","floor":10,"turns":7},{"damage":6,"enemies":"Gremlin Nob","floor":13,"turns":4},{"damage":23,"enemies":"Slime Boss","floor":16,"turns":11},{"damage":20,"enemies":"2 Thieves","floor":18,"turns":4},{"damage":27,"enemies":"Spheric Guardian","floor":20,"turns":5},{"damage":17,"enemies":"Snake Plant","floor":22,"turns":5},{"damage":3,"enemies":"Cultist and Chosen","floor":24,"turns":7},{"damage":27,"enemies":"Slavers","floor":25,"turns":6},{"damage":72,"enemies":"Gremlin Leader","floor":28,"turns":12},{"damage":16,"enemies":"Chosen and Byrds","floor":31,"turns":3},{"damage":78,"enemies":"Automaton","floor":33,"turns":10},{"damage":7,"enemies":"Orb Walker","floor":35,"turns":2},{"damage":21,"enemies":"3 Shapes","floor":38,"turns":5},{"damage":30,"enemies":"Mind Bloom Boss Battle","floor":39,"turns":7},{"damage":0,"enemies":"Maw","floor":41,"turns":5},{"damage":16,"enemies":"3 Darklings","floor":45,"turns":6},{"damage":30,"enemies":"Time Eater","floor":50,"turns":8},{"damage":58,"enemies":"Shield and Spear","floor":54,"turns":10},{"damage":136,"enemies":"The Heart","floor":55,"turns":9}],"seed_played":"1712234680668324816","potions_obtained":[{"floor":3,"key":"champ:CounterPotion"},{"floor":10,"key":"Energy Potion"},{"floor":16,"key":"Regen Potion"},{"floor":18,"key":"ColorlessPotion"},{"floor":22,"key":"Languid Potion"},{"floor":31,"key":"Ancient Potion"},{"floor":39,"key":"Block Potion"},{"floor":45,"key":"Languid Potion"}],"is_trial":false,"path_per_floor":["M","M","M","M","?","R","E","R","T","E","$","T","E","$","R","B",null,"M","?","M","$","M","R","M","E","T","R","E","R","?","M","R","B",null,"M","$","?","M","?","R","M","R","T","$","M","R","R","?","R","B",null,"R","$","E","B"],"character_chosen":"MKU","items_purchased":["Replay:Bandana","expansioncontent:StudyTheSpire","Mango","ReplayTheSpireMod:CursedCoin","Vajra","Divine Protection","Turnip","HandDrill","Pet Ghost"],"campfire_rested":4,"item_purchase_floors":[11,21,21,36,36,44,53,53,53],"current_hp_per_floor":[82,82,76,55,55,55,14,38,38,25,25,25,23,23,47,38,82,64,64,43,57,42,42,43,37,37,37,1,44,44,34,77,13,96,91,91,91,76,60,60,72,72,72,72,70,70,70,70,70,52,96,96,96,46,0,0,0],"gold":132,"neow_bonus":"TEN_PERCENT_HP_BONUS","is_daily":false,"chose_seed":false,"campfire_upgraded":13,"win_rate":0.0,"timestamp":1610463645,"path_taken":["M","M","M","M","?","R","E","R","T","E","$","?","E","?","R","BOSS","M","?","M","$","M","R","M","E","T","R","E","R","?","M","R","BOSS","M","$","?","M","?","R","?","R","T","$","M","R","R","?","R","BOSS","R","$","E","BOSS"],"items_purchased_type":["Relic","Card","Relic","Relic","Relic","Relic","Relic","Relic","Relic"],"build_version":"2020-12-22","purchased_purges":3,"victory":false,"max_hp_per_floor":[82,82,82,82,82,82,82,82,82,82,82,82,82,82,82,82,82,82,82,82,96,96,96,96,96,96,96,96,96,96,96,96,96,96,96,96,96,96,96,96,96,96,96,96,96,96,96,96,96,96,96,96,96,96,96,96,96],"card_choices":[{"not_picked":["MokouMod:Stoke","MokouMod:Sear"],"picked":"MokouMod:IllusoryBattlefield","floor":1},{"not_picked":["MokouMod:UncontrollableSolarReaction","MokouMod:BurningDraft"],"picked":"MokouMod:Sear","floor":2},{"not_picked":["MokouMod:ResoluteFlare","MokouMod:InfernalWave"],"picked":"MokouMod:ShiftIgnition","floor":3},{"not_picked":["MokouMod:SearingShot","MokouMod:BurningDraft"],"picked":"MokouMod:Ventilation","floor":4},{"not_picked":["MokouMod:TemporalFireSeal","MokouMod:FlickeringFlame"],"picked":"MokouMod:InfernalWave","floor":7},{"not_picked":["MokouMod:EternalBurstReactor","MokouMod:Singe"],"picked":"MokouMod:HeatCyclone","floor":10},{"not_picked":["MokouMod:Refresh","MokouMod:HeatFactory"],"picked":"MokouMod:Geothermal","floor":13},{"not_picked":["MokouMod:SacredFire","MokouMod:Ventilation"],"picked":"MokouMod:ProfanedFlare","floor":16},{"not_picked":["Normality","Voices"],"picked":"Regret","floor":17},{"not_picked":["Hallucinations","Regret"],"picked":"Replay:UnknownCurse","floor":17},{"not_picked":["Parasite","ReplayTheSpireMod:Doomed"],"picked":"Clumsy","floor":17},{"not_picked":["MokouMod:Refresh+1","MokouMod:Firecracker+1"],"picked":"MokouMod:PhoenixFeathers+1","floor":18},{"not_picked":["MokouMod:BurningDraft","MokouMod:Meltdown"],"picked":"MokouMod:RisingSunBarrier","floor":20},{"not_picked":["MokouMod:TemporalFireSeal","MokouMod:Refresh","MokouMod:RoaringFlare+1"],"picked":"SKIP","floor":22},{"not_picked":["MokouMod:FusionFlare+1","MokouMod:EternalBurstReactor+1"],"picked":"MokouMod:Extinguish","floor":24},{"not_picked":["MokouMod:GuidingSmoke","MokouMod:IgnitionBlast","MokouMod:Burn"],"picked":"SKIP","floor":25},{"not_picked":["MokouMod:Refresh","MokouMod:Sear"],"picked":"MokouMod:SubterraneanCore","floor":28},{"not_picked":["MokouMod:Burn","MokouMod:FlickeringFlame","MokouMod:DanceofFlames+1"],"picked":"SKIP","floor":31},{"not_picked":["MokouMod:ProfanedFlare","MokouMod:Extinguish"],"picked":"MokouMod:RadiantBlade","floor":33},{"not_picked":["MokouMod:ResoluteFlare","MokouMod:Sear+1","MokouMod:HeatFactory"],"picked":"SKIP","floor":35},{"not_picked":["MokouMod:Stoke","MokouMod:TemporalFireSeal+1","MokouMod:Combust+1"],"picked":"SKIP","floor":38},{"not_picked":["MokouMod:BlazingComet+1","MokouMod:Geothermal"],"picked":"MokouMod:ResonanceReactor","floor":41},{"not_picked":["MokouMod:BurningDraft+1","MokouMod:IndiscriminateIgnition+1","MokouMod:Sear+1"],"picked":"SKIP","floor":45},{"not_picked":["MokouMod:CrimsonFlare+1","MokouMod:HeatFactory","MokouMod:Sear+1"],"picked":"SKIP","floor":54}],"player_experience":149520,"relics_obtained":[{"floor":7,"key":"Gremlin Horn"},{"floor":9,"key":"Snack Pack"},{"floor":10,"key":"Blood Vial"},{"floor":13,"key":"Pocketwatch"},{"floor":19,"key":"Ring of Searing"},{"floor":19,"key":"Ring of Greed"},{"floor":19,"key":"Golden Idol"},{"floor":19,"key":"Membership Card"},{"floor":25,"key":"Mummified Hand"},{"floor":26,"key":"Centennial Puzzle"},{"floor":28,"key":"Bird Faced Urn"},{"floor":28,"key":"Toolbox"},{"floor":28,"key":"Regal Pillow"},{"floor":34,"key":"Replay:Wax Seal"},{"floor":34,"key":"Ornamental Fan"},{"floor":34,"key":"WingedGreaves"},{"floor":39,"key":"Replay:Arrowhead"},{"floor":41,"key":"Replay:Kaleidoscope"},{"floor":41,"key":"Guide Book"},{"floor":43,"key":"ReplayTheSpireMod:Lightbulb"},{"floor":45,"key":"FossilizedHelix"},{"floor":54,"key":"Ginger"},{"floor":54,"key":"Bronze Scales"}],"event_choices":[{"damage_healed":0,"gold_gain":0,"player_choice":"Upgraded","damage_taken":0,"max_hp_gain":0,"max_hp_loss":0,"event_name":"Upgrade Shrine","floor":5,"gold_loss":0,"cards_upgraded":["MokouMod:Ventilation"]},{"cards_removed":["Sickly"],"damage_healed":0,"gold_gain":0,"player_choice":"Gave Gold","damage_taken":0,"max_hp_gain":0,"max_hp_loss":0,"event_name":"Beggar","floor":30,"gold_loss":75},{"damage_healed":0,"gold_gain":0,"player_choice":"Ignored","damage_taken":0,"max_hp_gain":0,"max_hp_loss":0,"event_name":"The Moai Head","floor":37,"gold_loss":0},{"damage_healed":0,"gold_gain":0,"player_choice":"Fight","damage_taken":0,"max_hp_gain":0,"max_hp_loss":0,"event_name":"MindBloom","floor":39,"gold_loss":0},{"cards_removed":["Delirium","Injury","Languid"],"damage_healed":0,"gold_gain":0,"player_choice":"Removed Curses","damage_taken":0,"max_hp_gain":0,"max_hp_loss":0,"event_name":"Fountain of Cleansing","floor":48,"gold_loss":0}],"is_beta":false,"boss_relics":[{"not_picked":["ReplayTheSpireMod:DimensionalGlitch","SacredBark"],"picked":"Replay:Ancient Bell"},{"not_picked":["Bag of Preparation","MawBank"],"picked":"Omamori"},{"not_picked":["Chameleon Ring","HornCleat"],"picked":"Iron Hammer"},{"not_picked":["Prayer Wheel","Old Coin"],"picked":"Replay:PocketPolymizer"},{"not_picked":["Honey Jar","Black Star"],"picked":"Replay:Grab Bag"},{"not_picked":["Velvet Choker","Cursed Key"],"picked":"ChewingGum"},{"not_picked":["Coffee Dripper","Runic Dome"],"picked":"SlaversCollar"},{"not_picked":["Astrolabe","Empty Cage"],"picked":"Calling Bell"}],"items_purged_floors":[21,36,44],"is_endless":false,"potions_floor_spawned":[3,10,16,18,22,24,31,39,45],"killed_by":"The Heart","ascension_level":0}}