{"host":"j4g6ia6asvpyu2b0","time":1610491834,"event":{"mods":["BaseMod","Colored Map","Minty Spire (QoL Compilation)","Permanent Neow","Quick Restart","Relic Stats","StSLib","Unceasing Turn Reminder"],"gold_per_floor":[367,386,336,336,346,357,386,386,410,442,453,453,473,506,506,601,601,612,54,70,70,85,85,117,137,137,167,167,167,167,167],"floor_reached":30,"language":"ENG","playtime":861,"items_purged":["Strike_B"],"score":527,"play_id":"11f50830-c9c3-4a00-bcd7-bed65cda9800","local_time":"20210112155034","is_ascension_mode":true,"campfire_choices":[{"floor":8.0,"key":"REST"},{"floor":12,"key":"REST"},{"data":"Capacitor","floor":15,"key":"SMITH"},{"floor":23,"key":"REST"},{"data":"Storm","floor":29,"key":"SMITH"}],"circlet_count":0,"master_deck":["AscendersBane","Strike_B","Defend_B","Defend_B","Defend_B","Defend_B","Zap","Dualcast","Ball Lightning","Consume","Core Surge","Ball Lightning","Coolheaded","Capacitor+1","Cold Snap","Coolheaded","Coolheaded","Ball Lightning","Core Surge","Chill+1","Self Repair","Gash","Capacitor","Necronomicurse","Sweeping Beam","Loop+1","Redo","Rainbow","Storm+1"],"relics":["Cracked Core","Vajra","Juzu Bracelet","Bag of Preparation","Inserter","OrangePellets","Cables","Necronomicon","Oddly Smooth Stone","Thread and Needle","MealTicket"],"acts_visited":["Exordium","TheCity"],"potions_floor_usage":[14,16,25,27,27],"damage_taken":[{"damage":6.0,"enemies":"Small Slimes","floor":1.0,"turns":3.0},{"damage":6.0,"enemies":"2 Louse","floor":2.0,"turns":3.0},{"damage":0.0,"enemies":"Cultist","floor":5.0,"turns":2.0},{"damage":11.0,"enemies":"Blue Slaver","floor":6.0,"turns":3.0},{"damage":10.0,"enemies":"3 Sentries","floor":7.0,"turns":4.0},{"damage":25,"enemies":"Lagavulin","floor":10,"turns":5},{"damage":4,"enemies":"Looter","floor":11,"turns":2},{"damage":0,"enemies":"2 Fungi Beasts","floor":13,"turns":2},{"damage":5,"enemies":"Gremlin Nob","floor":14,"turns":3},{"damage":0,"enemies":"Slime Boss","floor":16,"turns":6},{"damage":28,"enemies":"2 Thieves","floor":18,"turns":4},{"damage":3,"enemies":"Spheric Guardian","floor":20,"turns":3},{"damage":12,"enemies":"3 Cultists","floor":22,"turns":6},{"damage":32,"enemies":"Slavers","floor":24,"turns":7},{"damage":11,"enemies":"Cultist and Chosen","floor":25,"turns":7},{"damage":1,"enemies":"Book of Stabbing","floor":27,"turns":6},{"damage":32,"enemies":"Gremlin Leader","floor":30,"turns":6}],"seed_played":"-5965549024339981231","potions_obtained":[{"floor":6.0,"key":"Explosive Potion"},{"floor":7.0,"key":"AttackPotion"},{"floor":13,"key":"SteroidPotion"},{"floor":22,"key":"LiquidBronze"},{"floor":24,"key":"Regen Potion"},{"floor":25,"key":"FocusPotion"}],"is_trial":false,"path_per_floor":["M","M","?","?","M","M","E","R","T","E","M","R","M","E","R","B",null,"M","$","M","?","M","R","E","M","T","E","?","R","E"],"character_chosen":"DEFECT","items_purchased":["OrangePellets","Self Repair","Cables","Gash"],"campfire_rested":3,"item_purchase_floors":[19,19,19,19],"current_hp_per_floor":[44,38,38,38,38,27,17,39,39,14,10,32,32,27,27,27,63,35,35,39,23,18,40,15,26,26,32,32,32,0,0],"gold":167,"neow_bonus":"TWO_FIFTY_GOLD","is_daily":false,"chose_seed":false,"campfire_upgraded":2,"win_rate":0.0,"timestamp":1610491834,"path_taken":["M","M","?","?","?","M","E","R","T","E","M","R","M","E","R","BOSS","M","$","M","?","M","R","E","M","T","E","?","R","E"],"items_purchased_type":["Relic","Card","Relic","Card"],"build_version":"2020-12-22","purchased_purges":1,"victory":false,"max_hp_per_floor":[75,75,75,75,75,75,75,75,75,75,75,75,75,75,75,75,75,75,75,75,75,75,75,75,75,75,75,75,75,75,75],"relic_stats":{"OrangePellets":[2],"Inserter":[18],"counters":[17,71],"MealTicket":0,"Juzu Bracelet":0,"Bag of Preparation":[16],"Necronomicon":[0],"obtain_stats":[{"OrangePellets":19,"Inserter":17,"Vajra":7,"Oddly Smooth Stone":24,"Thread and Needle":26,"MealTicket":27,"Juzu Bracelet":10,"Bag of Preparation":14,"Necronomicon":21,"Cracked Core":0,"Cables":19},{"OrangePellets":11,"Inserter":10,"Vajra":5,"Oddly Smooth Stone":14,"Thread and Needle":15,"MealTicket":16,"Juzu Bracelet":6,"Bag of Preparation":9,"Necronomicon":12,"Cracked Core":0,"Cables":11},{"OrangePellets":37,"Inserter":33,"Vajra":15,"Oddly Smooth Stone":53,"Thread and Needle":60,"MealTicket":65,"Juzu Bracelet":20,"Bag of Preparation":27,"Necronomicon":40,"Cracked Core":0,"Cables":37}],"Cables":[33,15,18,0,0]},"card_choices":[{"not_picked":["Leap","Coolheaded"],"picked":"Ball Lightning","floor":1.0},{"not_picked":["Turbo","Hologram"],"picked":"Consume","floor":2.0},{"not_picked":["Cold Snap","Lockon"],"picked":"Ball Lightning","floor":5.0},{"not_picked":["Redo","Hologram"],"picked":"Coolheaded","floor":6.0},{"not_picked":["Streamline","Creative AI"],"picked":"Capacitor","floor":7.0},{"not_picked":["Sunder","Heatsinks"],"picked":"Cold Snap","floor":10},{"not_picked":["Stack","Storm"],"picked":"Coolheaded","floor":11},{"not_picked":["Steam","Turbo"],"picked":"Coolheaded","floor":13},{"not_picked":["Sweeping Beam","Coolheaded"],"picked":"Ball Lightning","floor":14},{"not_picked":["Multi-Cast","Reboot"],"picked":"Core Surge","floor":16},{"not_picked":["Rebound","Ball Lightning"],"picked":"Chill+1","floor":18},{"not_picked":["Stack","Steam"],"picked":"Capacitor","floor":20},{"not_picked":["Go for the Eyes","Hologram"],"picked":"Sweeping Beam","floor":22},{"not_picked":["Conserve Battery+1","Steam"],"picked":"Loop+1","floor":24},{"not_picked":["Genetic Algorithm","Beam Cell"],"picked":"Redo","floor":25},{"not_picked":["Genetic Algorithm","Machine Learning"],"picked":"Rainbow","floor":27}],"player_experience":825413,"relics_obtained":[{"floor":7.0,"key":"Vajra"},{"floor":10,"key":"Juzu Bracelet"},{"floor":14,"key":"Bag of Preparation"},{"floor":21,"key":"Necronomicon"},{"floor":24,"key":"Oddly Smooth Stone"},{"floor":26,"key":"Thread and Needle"},{"floor":27,"key":"MealTicket"}],"event_choices":[{"cards_removed":["Strike_B"],"damage_healed":0.0,"max_hp_gain":0.0,"max_hp_loss":0.0,"gold_gain":0.0,"event_name":"The Cleric","player_choice":"Card Removal","floor":3.0,"gold_loss":50.0,"damage_taken":0.0},{"damage_healed":0.0,"max_hp_gain":0.0,"max_hp_loss":0.0,"gold_gain":0.0,"cards_transformed":["Strike_B"],"event_name":"Transmorgrifier","player_choice":"Transformed","floor":4.0,"gold_loss":0.0,"damage_taken":0.0,"cards_obtained":["Core Surge"]},{"damage_healed":0,"gold_gain":0,"player_choice":"Obtained Book","damage_taken":16,"max_hp_gain":0,"max_hp_loss":0,"event_name":"Cursed Tome","floor":21,"gold_loss":0},{"damage_healed":0,"gold_gain":0,"player_choice":"Read","damage_taken":0,"max_hp_gain":0,"max_hp_loss":0,"event_name":"The Library","floor":28,"gold_loss":0,"cards_obtained":["Storm"]}],"is_beta":false,"boss_relics":[{"not_picked":["Pandora\u0027s Box","Runic Pyramid"],"picked":"Inserter"}],"items_purged_floors":[19],"is_endless":false,"potions_floor_spawned":[6,7,13,22,24,25],"killed_by":"Gremlin Leader","ascension_level":11}}