{"host":"k2mw1od0xoi9pcfj","time":1610410954,"event":{"mods":["100% Spire Juice","AchievementEnabler","Act Like it!","Aspiration","BaseMod","Better Altar","Better Match","Better Note","Better Sensory Stone","Better Skull","Better Third Choice","Conspire","Defuse TimeMaze Blight","Downfall","Energized Spire","Friendly Minions","Gensokyo","Halation","Hallownest","Highlight Path","Infinite Spire","Minty Spire (QoL Compilation)","Permanent Neow","Prisma Mod","Quick Restart","Random Character Button","Relic Sorter","Relic Stats","Replay The Spire","Spicy Shops","StSLib","Synergy Search","The Hierophant","Treasure Hunter","everything is the same but u backflip on backflip","slay the spire mod where everything is the same but ironclad has a cowboy hat"],"gold_per_floor":[110,110,125,46,46,78,98,132,132,133,133],"floor_reached":10,"playtime":713,"items_purged":[],"score":80,"play_id":"b0f77b2b-ac48-40d2-bc64-c3f684b35356","local_time":"20210111182234","is_ascension_mode":true,"campfire_choices":[],"circlet_count":0,"master_deck":["Strike_B","Strike_B","Strike_B","Strike_B","Defend_B","Defend_B","Defend_B","Defend_B","Zap","Dualcast","Replay:Parry","Defragment","Echo Form","TH:TreasureMap","Conserve Battery","TH:CopperCoins","TH:ArmorSpikes"],"relics":["Runic Pyramid","conspire:GiftBox","Replay:Antivirus Software","Dead Branch","TH:Anvil"],"acts_visited":["Exordium"],"potions_floor_usage":[8],"damage_taken":[{"damage":1,"enemies":"Jaw Worm","floor":1,"turns":4},{"damage":4,"enemies":"Small Slimes","floor":3,"turns":5},{"damage":38,"enemies":"Gremlin Nob","floor":6,"turns":5},{"damage":15,"enemies":"Cultist","floor":7,"turns":4},{"damage":15,"enemies":"3 Sentries","floor":8,"turns":7},{"damage":8,"enemies":"Gremlin Nob","floor":10,"turns":2}],"seed_played":"3123363895874240733","potions_obtained":[{"floor":7,"key":"Explosive Potion"}],"is_trial":false,"path_per_floor":["M","?","M","$","?","E","M","E","T","E"],"character_chosen":"DEFECT","items_purchased":["conspire:GiftBox"],"campfire_rested":0,"item_purchase_floors":[4],"current_hp_per_floor":[74,74,70,70,75,37,22,7,7,0,0],"gold":133,"neow_bonus":"BOSS_RELIC","is_daily":false,"chose_seed":false,"campfire_upgraded":0,"win_rate":0.0,"timestamp":1610410954,"path_taken":["M","?","M","?","?","E","?","E","T","E"],"items_purchased_type":["Relic"],"build_version":"2020-12-22","purchased_purges":0,"victory":false,"max_hp_per_floor":[75,75,75,75,80,80,80,80,80,80,80],"relic_stats":{"counters":[6,27],"Dead Branch":[2],"obtain_stats":[{"conspire:GiftBox":4,"TH:Anvil":9,"Dead Branch":8,"Replay:Antivirus Software":6,"Cracked Core":0,"Runic Pyramid":0},{"conspire:GiftBox":2,"TH:Anvil":5,"Dead Branch":5,"Replay:Antivirus Software":3,"Cracked Core":0,"Runic Pyramid":0},{"conspire:GiftBox":9,"TH:Anvil":25,"Dead Branch":25,"Replay:Antivirus Software":14,"Cracked Core":0,"Runic Pyramid":0}]},"card_choices":[{"not_picked":["Barrage","ReplayTheSpireMod:Dual Polarity","Rebound"],"picked":"SKIP","floor":1},{"not_picked":["Trip","Thinking Ahead"],"picked":"Replay:Parry","floor":2},{"not_picked":["Steam","Genetic Algorithm"],"picked":"Defragment","floor":3},{"not_picked":["Creative AI","Core Surge"],"picked":"Echo Form","floor":4},{"not_picked":["TH:ElvenBoots"],"picked":"TH:TreasureMap","floor":6},{"not_picked":["conspire:Rain","Coolheaded","BasicCrystalCard"],"picked":"SKIP","floor":6},{"not_picked":["Cold Snap","Capacitor"],"picked":"Conserve Battery","floor":7},{"not_picked":["TH:ElvenBoots"],"picked":"TH:CopperCoins","floor":8},{"not_picked":["Steam","ReplayTheSpireMod:Reroute Power","Hologram"],"picked":"SKIP","floor":8},{"not_picked":["TH:PixieDust"],"picked":"TH:ArmorSpikes","floor":9}],"player_experience":874410,"relics_obtained":[{"floor":6,"key":"Replay:Antivirus Software"},{"floor":8,"key":"Dead Branch"},{"floor":9,"key":"TH:Anvil"}],"event_choices":[{"damage_healed":0,"gold_gain":1,"player_choice":"1","damage_taken":0,"max_hp_gain":0,"max_hp_loss":0,"event_name":"betterStone:BetterStone","floor":2,"gold_loss":0},{"damage_healed":0,"gold_gain":0,"player_choice":"Donut","damage_taken":0,"max_hp_gain":5,"max_hp_loss":0,"event_name":"Big Fish","floor":5,"gold_loss":0}],"is_beta":false,"boss_relics":[],"items_purged_floors":[],"is_endless":false,"potions_floor_spawned":[7],"killed_by":"Gremlin Nob","ascension_level":1}}