{"host":"33eci8hn4byprget","time":1610465906,"event":{"mods":["BaseMod","Downfall","Duelist Mod","GifTheSpireLib","Hubris","Minty Spire (QoL Compilation)","StSLib","The Construct"],"gold_per_floor":[99,99,99,99,99,5,5,5,5,5,5,5,5,0,0,0,0,0],"floor_reached":16,"playtime":964,"items_purged":[],"score":96,"play_id":"2385c9e1-3901-4026-9413-cba2068350cf","local_time":"20210112233826","is_ascension_mode":false,"campfire_choices":[{"data":"Slimebound:Split","floor":1.0,"key":"SMITH"},{"floor":13.0,"key":"REST"}],"circlet_count":0,"master_deck":["Slimebound:Strike_Slimebound","Slimebound:Strike_Slimebound","Slimebound:Strike_Slimebound","Slimebound:Tackle","Slimebound:Defend_Slimebound","Slimebound:Defend_Slimebound","Slimebound:Defend_Slimebound","Slimebound:Defend_Slimebound","Slimebound:Split+1","Slimebound:CorrosiveSpit","Slimebound:SplitAcid","Slimebound:FinishingTackle","Slimebound:SlimeBarrage","Slimebound:SlimeTap","Slimebound:ViciousTackle","Slimebound:MegaLick","Slimebound:Equalize","Slimebound:SamplingLick","Slimebound:Replication","Slimebound:LeechLife","Slimebound:SamplingLick"],"relics":["downfall:Hecktoplasm","hubris:Icosahedron","hubris:Towel","Anchor"],"acts_visited":["Exordium"],"potions_floor_usage":[16,16,16],"damage_taken":[{"damage":10.0,"enemies":"Cultist","floor":2.0,"turns":3.0},{"damage":3.0,"enemies":"2 Louse","floor":4.0,"turns":1.0},{"damage":20.0,"enemies":"downfall:FleeingMerchant","floor":6.0,"turns":4.0},{"damage":7.0,"enemies":"Jaw Worm","floor":8.0,"turns":2.0},{"damage":19.0,"enemies":"Gremlin Gang","floor":9.0,"turns":3.0},{"damage":7.0,"enemies":"2 Fungi Beasts","floor":10.0,"turns":3.0},{"damage":27.0,"enemies":"Exordium Thugs","floor":11.0,"turns":4.0},{"damage":12.0,"enemies":"Lots of Slimes","floor":12.0,"turns":2.0},{"damage":22.0,"enemies":"downfall:FleeingMerchant","floor":14.0,"turns":4.0},{"damage":2.0,"enemies":"3 Louse","floor":15.0,"turns":3.0},{"damage":53,"enemies":"downfall:Defect","floor":16,"turns":4}],"seed_played":"-8315203953453150280","potions_obtained":[{"floor":8.0,"key":"Ancient Potion"},{"floor":10.0,"key":"champ:CounterPotion"},{"floor":12.0,"key":"PowerPotion"},{"floor":15.0,"key":"BlessingOfTheForge"}],"is_trial":false,"path_per_floor":["R","M","?","M","?","$","T","M","M","M","M","M","R","$","M","B"],"character_chosen":"SLIMEBOUND","items_purchased":["Slimebound:SlimeTap"],"campfire_rested":1,"item_purchase_floors":[6],"current_hp_per_floor":[60,58,58,55,55,47,47,44,37,34,21,23,41,31,33,0,0,0],"gold":0,"neow_bonus":"BOSS_RELIC","is_daily":false,"chose_seed":false,"campfire_upgraded":1,"win_rate":0.0,"timestamp":1610465906,"path_taken":["R","M","?","M","?","$","T","M","?","M","M","?","R","$","M","BOSS"],"items_purchased_type":["Card"],"build_version":"2020-12-22","purchased_purges":0,"victory":false,"max_hp_per_floor":[60,60,60,60,60,60,60,60,60,60,60,60,60,60,60,60,60,60],"card_choices":[{"not_picked":["Slimebound:RollThrough","Slimebound:LeechEnergy"],"picked":"Slimebound:SplitAcid","floor":2.0},{"not_picked":["Slimebound:Schlurp","Slimebound:SplitAcid"],"picked":"Slimebound:FinishingTackle","floor":4.0},{"not_picked":["Slimebound:FormOfPuddle","Slimebound:ProtectTheBoss"],"picked":"Slimebound:SlimeBarrage","floor":6.0},{"not_picked":["Slimebound:SlimeSpikes","Slimebound:SlimeSlap"],"picked":"Slimebound:ViciousTackle","floor":8.0},{"not_picked":["Slimebound:SplitAcid","Slimebound:GrowthPunch"],"picked":"Slimebound:MegaLick","floor":9.0},{"not_picked":["Slimebound:LeechingTouch","Slimebound:SplitBruiser"],"picked":"Slimebound:Equalize","floor":10.0},{"not_picked":["Slimebound:Repurpose","Slimebound:SlimeSpikes"],"picked":"Slimebound:SamplingLick","floor":11.0},{"not_picked":["Slimebound:SplitAcid","Slimebound:RollThrough"],"picked":"Slimebound:Replication","floor":12.0},{"not_picked":["Slimebound:RainOfGoop","Slimebound:FlameTackle"],"picked":"Slimebound:LeechLife","floor":14.0},{"not_picked":["Slimebound:SplitAcid","Slimebound:SplitBruiser"],"picked":"Slimebound:SamplingLick","floor":15.0}],"player_experience":136774,"relics_obtained":[{"floor":7.0,"key":"Anchor"}],"event_choices":[],"is_beta":false,"boss_relics":[],"items_purged_floors":[],"is_endless":false,"potions_floor_spawned":[8,10,12,15],"killed_by":"downfall:Defect","ascension_level":0}}