{"host":"ixenv8b8actib82w","time":1610490071,"event":{"mods":["100% Spire Juice","Act Like it!","BaseMod","Conspire","Downfall","Energized Spire","Hermit","Minty Spire (QoL Compilation)","Replay The Spire","Spicy Shops","StSLib","The Blackbeard","The Gatherer","The Hierophant","The Marked","vexMod"],"gold_per_floor":[113,113,88,4,23,23,23,51,51,68,94,94,89,98,98,98,98],"floor_reached":16,"language":"ZHS","playtime":786,"items_purged":[],"score":102,"play_id":"6bfccdd9-6a04-4778-abc1-fc618a66a72e","local_time":"20210113062111","is_ascension_mode":false,"campfire_choices":[{"data":"hierophant:Determination","floor":6.0,"key":"SMITH"},{"data":"hierophant:Punish","floor":12.0,"key":"SMITH"},{"data":"hierophant:HolyVerse","floor":15.0,"key":"SMITH"}],"circlet_count":0,"master_deck":["hierophant:Strike_Hierophant","hierophant:Strike_Hierophant","hierophant:Strike_Hierophant","hierophant:Strike_Hierophant","hierophant:Punish+1","hierophant:Defend_Hierophant","hierophant:Defend_Hierophant","hierophant:Defend_Hierophant","hierophant:Defend_Hierophant","hierophant:ChurchCoffers","Neutralize","hierophant:Defend_Hierophant","hierophant:Determination+1","hierophant:Encroach","hierophant:Doubloon","hierophant:Remorse","hierophant:MirrorShield","hierophant:Smite","hierophant:HolyVerse+1","hierophant:MorningPrayer","hierophant:Levitation"],"relics":["hierophant:PropheticMaskRelic","Kunai","Counterbalance","Golden Idol","Chameleon Ring","vexMod:ConsolationPrize"],"acts_visited":["Exordium"],"potions_floor_usage":[],"damage_taken":[{"damage":8.0,"enemies":"Jaw Worm","floor":1.0,"turns":4.0},{"damage":8.0,"enemies":"Small Slimes","floor":5.0,"turns":4.0},{"damage":0.0,"enemies":"2 Louse","floor":8.0,"turns":2.0},{"damage":19.0,"enemies":"Gremlin Nob","floor":10.0,"turns":5.0},{"damage":16.0,"enemies":"Exordium Thugs","floor":11.0,"turns":5.0},{"damage":3.0,"enemies":"Large Slime","floor":13.0,"turns":4.0},{"damage":5.0,"enemies":"Blue Slaver","floor":14.0,"turns":3.0},{"damage":0,"enemies":"Hexaghost","floor":16,"turns":2}],"seed_played":"8754739134114642250","potions_obtained":[{"floor":10.0,"key":"Flashbang"},{"floor":11.0,"key":"Milkshake"}],"is_trial":false,"path_per_floor":["M","?","?","$","M","R","?","M","T","E","M","R","M","M","R","B"],"character_chosen":"HIEROPHANT","items_purchased":["Counterbalance"],"campfire_rested":0,"item_purchase_floors":[4],"current_hp_per_floor":[67,64,64,64,56,56,56,58,58,43,32,32,37,39,39,39,39],"gold":98,"neow_bonus":"THREE_RARE_CARDS","is_daily":false,"chose_seed":false,"campfire_upgraded":3,"win_rate":0.0,"timestamp":1610490071,"path_taken":["M","?","?","$","M","R","?","?","T","E","M","R","M","M","R","BOSS"],"items_purchased_type":["Relic"],"build_version":"2020-12-22","purchased_purges":0,"victory":false,"max_hp_per_floor":[75,75,75,75,75,75,69,69,69,69,69,69,69,69,69,69,69],"card_choices":[{"not_picked":["hierophant:Generosity","hierophant:LocustPlague"],"picked":"hierophant:Determination","floor":0.0},{"not_picked":["hierophant:Empathy","hierophant:RustyCrate"],"picked":"hierophant:Encroach","floor":1.0},{"not_picked":["hierophant:AuricBeam","hierophant:EyeForCoin"],"picked":"hierophant:Remorse","floor":5.0},{"not_picked":["hierophant:RustyCrate","hierophant:Prophecy"],"picked":"hierophant:MirrorShield","floor":8.0},{"not_picked":["hierophant:Purify","hierophant:Encroach"],"picked":"hierophant:Smite","floor":10.0},{"not_picked":["hierophant:Prophecy","hierophant:OrnateJavelin"],"picked":"hierophant:HolyVerse","floor":11.0},{"not_picked":["hierophant:FlamingChariot","hierophant:Shelter"],"picked":"hierophant:MorningPrayer","floor":13.0},{"not_picked":["hierophant:DisplayOfPower","hierophant:PassingBell"],"picked":"hierophant:Levitation","floor":14.0}],"player_experience":186570,"relics_obtained":[{"floor":9.0,"key":"Chameleon Ring"},{"floor":10.0,"key":"vexMod:ConsolationPrize"}],"event_choices":[{"damage_healed":0.0,"max_hp_gain":0.0,"max_hp_loss":0.0,"gold_gain":0.0,"event_name":"Scrap Ooze","player_choice":"Success","floor":2.0,"gold_loss":0.0,"damage_taken":3.0,"relics_obtained":["Kunai"]},{"damage_healed":0.0,"max_hp_gain":0.0,"max_hp_loss":6.0,"gold_gain":0.0,"event_name":"Golden Idol","player_choice":"Lose Max HP","floor":7.0,"gold_loss":0.0,"damage_taken":0.0,"relics_obtained":["Golden Idol"]}],"is_beta":false,"boss_relics":[],"items_purged_floors":[],"is_endless":false,"potions_floor_spawned":[10,11,13],"killed_by":"Hexaghost","ascension_level":0}}