{"host":"h4390p13uu6iw1q5","time":1610454101,"event":{"mods":["BaseMod","Colored Map","Minty Spire (QoL Compilation)"],"gold_per_floor":[114,129,144,159,9,9,9,39,39,54,54,84,114,129,129,229,229,244,294,324,74,99,99,129,144,144,159,159,174,204,231,243,355,367,394,606,733,155,170,325,365,365,365,365,365,165,180,195,195,195],"floor_reached":51,"playtime":3092,"items_purged":[],"score":1234,"play_id":"ce43a86f-70ef-4924-a2b7-e9f9314fd4cf","local_time":"20210112072141","daily_mods":["Cursed Run","Hoarder","DeadlyEvents"],"is_ascension_mode":false,"campfire_choices":[{"data":"TalkToTheHand","floor":6,"key":"SMITH"},{"data":"Eruption","floor":15,"key":"SMITH"},{"data":"TalkToTheHand","floor":23,"key":"SMITH"},{"data":"Omniscience","floor":32,"key":"SMITH"},{"data":"Wish","floor":42,"key":"SMITH"},{"data":"Wish","floor":44,"key":"SMITH"},{"data":"Wish","floor":49,"key":"SMITH"}],"circlet_count":0,"master_deck":["Strike_P","Strike_P","Strike_P+1","Strike_P","Defend_P","Defend_P","Defend_P+1","Defend_P+1","Eruption+1","TalkToTheHand+1","TalkToTheHand","TalkToTheHand+1","CutThroughFate","CutThroughFate+1","CutThroughFate","Wireheading+1","Wireheading+1","Wireheading+1","Injury","Injury","Injury","Nirvana+1","Nirvana+1","Nirvana+1","Clumsy","Clumsy","Clumsy","CutThroughFate","CutThroughFate","CutThroughFate","Weave","Weave","Weave","Clumsy","Clumsy","Clumsy","CutThroughFate","CutThroughFate","CutThroughFate","Doubt","Doubt","Doubt","Nirvana+1","Nirvana+1","Nirvana+1","JustLucky","JustLucky","JustLucky","Omniscience","Omniscience+1","Omniscience","Doubt","Doubt","Doubt","Wish+1","Wish+1","Wish+1","CurseOfTheBell","CurseOfTheBell","CurseOfTheBell","CutThroughFate+1","CutThroughFate+1","CutThroughFate+1","Panache+1","Panache+1","Panache+1","Purity","Purity","Purity","Normality","Normality","Normality","Decay","Decay","Decay"],"relics":["Cursed Key","Darkstone Periapt","Du-Vu Doll","Art of War","Frozen Egg 2","Orichalcum","GoldenEye","Calipers","Black Star","Pen Nib","Ornamental Fan","Eternal Feather","Akabeko","War Paint","Vajra","Centennial Puzzle","MawBank","Strawberry","Calling Bell","Damaru","Pear","Lizard Tail","Torii","Potion Belt","Frozen Eye","Question Card","MealTicket","Ginger","HandDrill"],"acts_visited":["Exordium","TheCity","TheBeyond"],"potions_floor_usage":[4,12,20,29,29,29,33,41,50,50,50],"damage_taken":[{"damage":0,"enemies":"Cultist","floor":1,"turns":2},{"damage":0,"enemies":"2 Louse","floor":2,"turns":2},{"damage":0,"enemies":"Jaw Worm","floor":3,"turns":4},{"damage":0,"enemies":"Looter","floor":4,"turns":3},{"damage":0,"enemies":"Lagavulin","floor":8,"turns":7},{"damage":2,"enemies":"Gremlin Gang","floor":10,"turns":3},{"damage":0,"enemies":"Gremlin Nob","floor":12,"turns":4},{"damage":0,"enemies":"Lagavulin","floor":13,"turns":6},{"damage":0,"enemies":"Large Slime","floor":14,"turns":4},{"damage":26,"enemies":"Hexaghost","floor":16,"turns":6},{"damage":12,"enemies":"2 Thieves","floor":18,"turns":3},{"damage":0,"enemies":"Gremlin Leader","floor":20,"turns":4},{"damage":8,"enemies":"Book of Stabbing","floor":24,"turns":3},{"damage":0,"enemies":"Chosen","floor":25,"turns":1},{"damage":0,"enemies":"3 Cultists","floor":27,"turns":3},{"damage":3,"enemies":"Cultist and Chosen","floor":29,"turns":3},{"damage":10,"enemies":"Slavers","floor":30,"turns":2},{"damage":0,"enemies":"Sentry and Sphere","floor":31,"turns":2},{"damage":4,"enemies":"Champ","floor":33,"turns":6},{"damage":11,"enemies":"3 Darklings","floor":35,"turns":4},{"damage":0,"enemies":"Mind Bloom Boss Battle","floor":36,"turns":4},{"damage":0,"enemies":"3 Shapes","floor":37,"turns":2},{"damage":0,"enemies":"Jaw Worm Horde","floor":39,"turns":1},{"damage":2,"enemies":"Giant Head","floor":40,"turns":4},{"damage":9,"enemies":"4 Shapes","floor":41,"turns":5},{"damage":0,"enemies":"3 Darklings","floor":47,"turns":1},{"damage":0,"enemies":"Sphere and 2 Shapes","floor":48,"turns":1},{"damage":19,"enemies":"Time Eater","floor":50,"turns":4}],"seed_played":"-5514344210177769252","potions_obtained":[{"floor":1,"key":"GamblersBrew"},{"floor":3,"key":"Block Potion"},{"floor":8,"key":"GamblersBrew"},{"floor":13,"key":"FearPotion"},{"floor":16,"key":"EssenceOfSteel"},{"floor":20,"key":"SkillPotion"},{"floor":27,"key":"EntropicBrew"},{"floor":29,"key":"BlessingOfTheForge"},{"floor":33,"key":"Fruit Juice"},{"floor":35,"key":"Dexterity Potion"},{"floor":39,"key":"Swift Potion"},{"floor":40,"key":"ColorlessPotion"}],"is_trial":false,"path_per_floor":["M","M","M","M","$","R","?","E","T","M","$","E","E","M","R","B",null,"M","?","E","$","T","R","E","M","T","M","?","M","E","M","R","B",null,"M","?","M","$","M","E","M","R","T","R","?","$","M","M","R","B",null],"character_chosen":"WATCHER","items_purchased":["Art of War","Eternal Feather","Panache+1","Purity","Potion Belt","Frozen Eye","HandDrill","AttackPotion"],"campfire_rested":0,"item_purchase_floors":[5,21,38,38,38,38,46,46],"current_hp_per_floor":[72,72,72,72,72,72,58,58,76,74,74,74,74,74,74,66,108,96,96,96,96,114,126,118,118,136,136,105,102,99,99,129,148,207,196,196,196,196,196,194,185,207,225,225,225,225,225,225,225,224],"gold":195,"neow_bonus":"","is_daily":true,"chose_seed":false,"campfire_upgraded":7,"win_rate":0.0,"timestamp":1610454101,"path_taken":["M","M","?","M","$","R","?","?","T","M","?","?","E","M","R","BOSS","M","?","?","$","?","R","?","M","T","?","?","M","E","M","R","BOSS","M","?","M","$","M","E","M","R","T","R","?","$","?","M","R","BOSS"],"items_purchased_type":["Relic","Relic","Card","Card","Relic","Relic","Relic","Potion"],"build_version":"2020-12-22","purchased_purges":0,"victory":true,"max_hp_per_floor":[72,72,72,72,72,72,72,72,90,90,90,90,90,90,90,108,108,108,108,108,108,126,126,126,126,144,144,149,149,156,156,156,179,207,207,207,207,207,207,207,207,207,225,225,225,225,225,225,225,243],"card_choices":[{"not_picked":["Evaluate","DeceiveReality"],"picked":"TalkToTheHand","floor":1},{"not_picked":["FlyingSleeves","ReachHeaven","Fasting2"],"picked":"SKIP","floor":2},{"not_picked":["Consecrate","Study","Protect"],"picked":"SKIP","floor":3},{"not_picked":["BowlingBash","Adaptation"],"picked":"CutThroughFate","floor":4},{"not_picked":["FollowUp","SignatureMove"],"picked":"Wireheading+1","floor":8},{"not_picked":["ThirdEye","FlurryOfBlows"],"picked":"Nirvana+1","floor":10},{"not_picked":["Consecrate","Study+1","SpiritShield"],"picked":"SKIP","floor":12},{"not_picked":["Study+1","Wallop","MentalFortress+1"],"picked":"SKIP","floor":13},{"not_picked":["Fasting2+1","PathToVictory","Halt"],"picked":"SKIP","floor":14},{"not_picked":["Consecrate+1","Prostrate"],"picked":"CutThroughFate","floor":18},{"not_picked":["Conclude","EmptyBody"],"picked":"Weave","floor":20},{"not_picked":["Perseverance+1","FearNoEvil"],"picked":"CutThroughFate","floor":24},{"not_picked":["ClearTheMind","EmptyMind","BowlingBash"],"picked":"SKIP","floor":25},{"not_picked":["CrushJoints+1","ForeignInfluence"],"picked":"Nirvana+1","floor":27},{"not_picked":["ForeignInfluence","Nirvana+1"],"picked":"JustLucky","floor":29},{"not_picked":["Vengeance","Sanctity"],"picked":"Omniscience","floor":30},{"not_picked":["Consecrate","Protect","EmptyFist"],"picked":"SKIP","floor":31},{"not_picked":["DevaForm+1","DeusExMachina"],"picked":"Wish","floor":33},{"not_picked":["ClearTheMind+1","WheelKick+1","BattleHymn+1"],"picked":"SKIP","floor":35},{"not_picked":["FlurryOfBlows+1","Evaluate"],"picked":"CutThroughFate+1","floor":37},{"not_picked":["WheelKick+1","FollowUp","SashWhip+1"],"picked":"SKIP","floor":39},{"not_picked":["BowlingBash+1","PathToVictory","Crescendo"],"picked":"SKIP","floor":40},{"not_picked":["Protect+1","Indignation+1","Prostrate+1","Worship+1"],"picked":"SKIP","floor":41},{"not_picked":["Meditate+1","Perseverance","CutThroughFate+1","Consecrate+1"],"picked":"SKIP","floor":47},{"not_picked":["Wireheading+1","SpiritShield","FearNoEvil+1","BattleHymn+1"],"picked":"SKIP","floor":48}],"player_experience":2436714,"relics_obtained":[{"floor":8,"key":"Frozen Egg 2"},{"floor":9,"key":"Orichalcum"},{"floor":12,"key":"GoldenEye"},{"floor":13,"key":"Calipers"},{"floor":20,"key":"Pen Nib"},{"floor":20,"key":"Ornamental Fan"},{"floor":22,"key":"Akabeko"},{"floor":24,"key":"War Paint"},{"floor":24,"key":"Vajra"},{"floor":26,"key":"Centennial Puzzle"},{"floor":30,"key":"MawBank"},{"floor":30,"key":"Strawberry"},{"floor":34,"key":"Damaru"},{"floor":34,"key":"Pear"},{"floor":34,"key":"Lizard Tail"},{"floor":36,"key":"Torii"},{"floor":40,"key":"Question Card"},{"floor":40,"key":"MealTicket"},{"floor":43,"key":"Ginger"}],"event_choices":[{"damage_healed":0,"gold_gain":0,"player_choice":"Entered Light","damage_taken":14,"max_hp_gain":0,"max_hp_loss":0,"event_name":"Shining Light","floor":7,"gold_loss":0,"cards_upgraded":["CutThroughFate","Strike_P"]},{"damage_healed":0,"gold_gain":100,"player_choice":"Bet on Murderer","damage_taken":0,"max_hp_gain":0,"max_hp_loss":0,"event_name":"The Joust","floor":19,"gold_loss":50},{"damage_healed":0,"gold_gain":0,"player_choice":"Shed Blood","damage_taken":36,"max_hp_gain":5,"max_hp_loss":0,"event_name":"Forgotten Altar","floor":28,"gold_loss":0},{"damage_healed":0,"gold_gain":0,"player_choice":"Fight","damage_taken":0,"max_hp_gain":0,"max_hp_loss":0,"event_name":"MindBloom","floor":36,"gold_loss":0},{"cards_removed":["Vigilance"],"damage_healed":0,"gold_gain":0,"player_choice":"Removed Skill","damage_taken":0,"max_hp_gain":0,"max_hp_loss":0,"event_name":"Falling","floor":45,"gold_loss":0}],"is_beta":false,"boss_relics":[{"not_picked":["Sozu","Tiny House"],"picked":"Black Star"},{"not_picked":["SacredBark","Pandora\u0027s Box"],"picked":"Calling Bell"}],"items_purged_floors":[],"is_endless":false,"potions_floor_spawned":[1,3,8,13,16,20,27,29,33,35,39,40],"ascension_level":0}}