{"host":"04aht2z7d1qbuefv","time":1610480652,"event":{"mods":["AchievementEnabler","BaseMod","Downfall","Minty Spire (QoL Compilation)","StSLib","The Cursed","The Necromancer"],"gold_per_floor":[99,119,119,104,117,149,149,163,111,124,49,49,81,66,84,84,84,84],"floor_reached":16,"language":"SPA","playtime":667,"items_purged":[],"score":141,"play_id":"2faeed9e-af9e-4b2c-8405-25e2108bc200","local_time":"20210112164412","is_ascension_mode":true,"campfire_choices":[{"floor":1,"key":"RECALL"},{"floor":11,"key":"REST"}],"circlet_count":0,"master_deck":["Slimebound:Strike_Slimebound","Slimebound:Strike_Slimebound","Slimebound:Tackle","Slimebound:Defend_Slimebound","Slimebound:Defend_Slimebound","Slimebound:Defend_Slimebound","Slimebound:Defend_Slimebound","Slimebound:Split","Slimebound:CorrosiveSpit","Slimebound:DisruptingSlam","Slimebound:PressTheAttack","Slimebound:SlimeSpikes","Slimebound:SplitBruiser","Slimebound:MinionMaster","Slimebound:AcidTongue","Slimebound:Chomp","Slimebound:Overexert","Shame","Slimebound:SamplingLick"],"relics":["Slimebound:AbsorbEndCombat","Tiny Chest","Bird Faced Urn","downfall:HeartBlessingRed","Slimebound:MaxSlimesRelic"],"acts_visited":["Exordium"],"potions_floor_usage":[13,13,14,16],"damage_taken":[{"damage":8,"enemies":"Cultist","floor":2,"turns":3},{"damage":10,"enemies":"downfall:FleeingMerchant","floor":4,"turns":4},{"damage":0,"enemies":"Small Slimes","floor":5,"turns":3},{"damage":45,"enemies":"Lagavulin","floor":6,"turns":8},{"damage":4,"enemies":"2 Louse","floor":8,"turns":4},{"damage":21,"enemies":"downfall:FleeingMerchant","floor":9,"turns":4},{"damage":15,"enemies":"Blue Slaver","floor":10,"turns":4},{"damage":29,"enemies":"3 Sentries","floor":13,"turns":5},{"damage":30,"enemies":"downfall:FleeingMerchant","floor":14,"turns":4},{"damage":19,"enemies":"2 Fungi Beasts","floor":15,"turns":3},{"damage":40,"enemies":"downfall:Silent","floor":16,"turns":4}],"seed_played":"-8885470258887857271","potions_obtained":[{"floor":2,"key":"Fruit Juice"},{"floor":6,"key":"Dexterity Potion"},{"floor":10,"key":"FearPotion"},{"floor":15,"key":"LiquidMemories"}],"is_trial":false,"path_per_floor":["R","M","?","$","M","E","T","M","$","M","R","?","E","$","M","B"],"character_chosen":"SLIMEBOUND","items_purchased":["Slimebound:AcidTongue"],"campfire_rested":1,"item_purchase_floors":[9],"current_hp_per_floor":[54,56,56,58,60,31,31,35,28,25,46,46,36,28,23,0,0,0],"gold":84,"neow_bonus":"TWENTY_PERCENT_HP_BONUS","is_daily":false,"chose_seed":false,"campfire_upgraded":0,"win_rate":0.0,"timestamp":1610480652,"path_taken":["R","M","?","$","M","E","T","?","$","M","R","?","E","?","M","BOSS"],"items_purchased_type":["Card"],"build_version":"2020-12-22","purchased_purges":0,"victory":false,"max_hp_per_floor":[72,72,72,72,72,72,72,72,72,72,72,72,77,77,77,77,77,77],"card_choices":[{"not_picked":["Slimebound:SplitMire","Slimebound:Schlurp"],"picked":"Slimebound:DisruptingSlam","floor":2},{"not_picked":["Slimebound:ViciousTackle","Slimebound:Prepare"],"picked":"Slimebound:PressTheAttack","floor":4},{"not_picked":["Slimebound:ComboTackle","Slimebound:LeechingTouch"],"picked":"Slimebound:SlimeSpikes","floor":5},{"not_picked":["Slimebound:LeechingTouch","Slimebound:LeechEnergy","Slimebound:PressTheAttack"],"picked":"SKIP","floor":6},{"not_picked":["Slimebound:ProtectTheBoss","Slimebound:LeechingTouch"],"picked":"Slimebound:SplitBruiser","floor":8},{"not_picked":["Slimebound:PressTheAttack","Slimebound:FinishingTackle"],"picked":"Slimebound:MinionMaster","floor":9},{"not_picked":["Slimebound:Schlurp","Slimebound:SplitBruiser"],"picked":"Slimebound:Chomp","floor":10},{"not_picked":["Slimebound:MassFeed","Slimebound:SlimeBrawl","Slimebound:DivideAndConquer"],"picked":"SKIP","floor":13},{"not_picked":["Slimebound:Prepare","Slimebound:ForwardTackle","Slimebound:CheckThePlaybook"],"picked":"SKIP","floor":14},{"not_picked":["Slimebound:TongueLash","Slimebound:PressTheAttack"],"picked":"Slimebound:SamplingLick","floor":15}],"player_experience":173976,"relics_obtained":[{"floor":6,"key":"Tiny Chest"},{"floor":7,"key":"Bird Faced Urn"},{"floor":13,"key":"Slimebound:MaxSlimesRelic"}],"event_choices":[{"cards_removed":["Slimebound:Strike_Slimebound"],"damage_healed":0,"gold_gain":0,"player_choice":"Purged","damage_taken":0,"max_hp_gain":0,"max_hp_loss":0,"event_name":"Purifier","floor":3,"gold_loss":0}],"is_beta":false,"boss_relics":[],"items_purged_floors":[],"is_endless":false,"potions_floor_spawned":[2,6,10,15],"killed_by":"downfall:Silent","ascension_level":1}}