{"host":"ayh4nqhr0ddw4ozv","time":1610429030,"event":{"mods":["BaseMod","Minty Spire (QoL Compilation)","Relic Stats","Replay The Spire","Robot Space Explorer","StSLib"],"gold_per_floor":[114,130,130,142,142,176,197,197,221,249,249,276,326,368,368,473,473,502,514,514],"floor_reached":19,"playtime":1247,"items_purged":[],"score":398,"play_id":"1e20f23d-249d-44bd-8d05-7d586184d3da","local_time":"20210111212350","is_ascension_mode":true,"campfire_choices":[{"floor":8,"key":"REST"},{"data":"RobotSpaceExplorer:Electropulse","floor":11,"key":"SMITH"},{"data":"RobotSpaceExplorer:IronShell","floor":15,"key":"SMITH"}],"circlet_count":0,"master_deck":["AscendersBane","RobotSpaceExplorer:Strike","RobotSpaceExplorer:Strike","RobotSpaceExplorer:Strike","RobotSpaceExplorer:Defend","RobotSpaceExplorer:Defend","RobotSpaceExplorer:Scan","RobotSpaceExplorer:MiniLasers","RobotSpaceExplorer:Electropulse+1","RobotSpaceExplorer:IronShell+1","RobotSpaceExplorer:Fix","RobotSpaceExplorer:SelfCleaning","RobotSpaceExplorer:SurgingShield","RobotSpaceExplorer:MetalStrike","RobotSpaceExplorer:ChargingLaser"],"relics":["RobotSpaceExplorer:RoboCore","Golden Idol","Regal Pillow","Replay:Bandana","Simple Rune","Empty Cage"],"acts_visited":["Exordium","TheCity"],"potions_floor_usage":[6,16,16],"damage_taken":[{"damage":3,"enemies":"2 Louse","floor":1,"turns":3},{"damage":1,"enemies":"Cultist","floor":2,"turns":3},{"damage":12,"enemies":"Small Slimes","floor":4,"turns":3},{"damage":32,"enemies":"3 Sentries","floor":6,"turns":12},{"damage":4,"enemies":"Red Slaver","floor":7,"turns":5},{"damage":7,"enemies":"Exordium Wildlife","floor":10,"turns":8},{"damage":11,"enemies":"2 Fungi Beasts","floor":12,"turns":5},{"damage":24,"enemies":"Lagavulin","floor":14,"turns":7},{"damage":14,"enemies":"The Guardian","floor":16,"turns":11},{"damage":28,"enemies":"Spheric Guardian","floor":18,"turns":10},{"damage":33,"enemies":"3 Byrds","floor":19,"turns":5}],"seed_played":"8813934863426760834","potions_obtained":[{"floor":1,"key":"PowerPotion"},{"floor":4,"key":"Weak Potion"},{"floor":14,"key":"Doom Potion"}],"is_trial":false,"path_per_floor":["M","M","?","M","?","E","M","R","T","M","R","M","?","E","R","B",null,"M","M"],"character_chosen":"RobotSpaceExplorer","items_purchased":[],"campfire_rested":1,"item_purchase_floors":[],"current_hp_per_floor":[61,60,53,41,41,13,13,47,47,44,44,37,37,17,17,7,50,26,0,0],"gold":514,"neow_bonus":"RANDOM_EVENT","is_daily":false,"chose_seed":false,"campfire_upgraded":2,"win_rate":0.0,"timestamp":1610429030,"path_taken":["M","M","?","M","?","E","M","R","T","M","R","M","?","E","R","BOSS","M","M"],"items_purchased_type":[],"build_version":"2020-12-22","purchased_purges":0,"victory":false,"max_hp_per_floor":[71,71,71,71,64,64,64,64,64,64,64,64,64,64,64,64,64,64,64,64],"relic_stats":{"Regal Pillow":15,"counters":[11,71],"Golden Idol":46,"obtain_stats":[{"Regal Pillow":6,"Replay:Bandana":9,"Golden Idol":5,"RobotSpaceExplorer:RoboCore":0,"Simple Rune":14,"Empty Cage":17},{"Regal Pillow":4,"Replay:Bandana":5,"Golden Idol":3,"RobotSpaceExplorer:RoboCore":0,"Simple Rune":8,"Empty Cage":9},{"Regal Pillow":21,"Replay:Bandana":26,"Golden Idol":9,"RobotSpaceExplorer:RoboCore":0,"Simple Rune":46,"Empty Cage":56}]},"card_choices":[{"not_picked":["RobotSpaceExplorer:SlimeMissile","RobotSpaceExplorer:Fix"],"picked":"RobotSpaceExplorer:Electropulse","floor":1},{"not_picked":["RobotSpaceExplorer:ImprovisedAttack","RobotSpaceExplorer:GlueShot"],"picked":"RobotSpaceExplorer:IronShell","floor":2},{"not_picked":["RobotSpaceExplorer:MetalStrike","RobotSpaceExplorer:FrostMissile"],"picked":"RobotSpaceExplorer:Fix","floor":4},{"not_picked":["RobotSpaceExplorer:ScrapMissile","RobotSpaceExplorer:SlimeMissile"],"picked":"RobotSpaceExplorer:SelfCleaning","floor":6},{"not_picked":["RobotSpaceExplorer:ShockKick","RobotSpaceExplorer:Probe","RobotSpaceExplorer:ImprovisedAttack"],"picked":"SKIP","floor":7},{"not_picked":["RobotSpaceExplorer:Autoloader","RobotSpaceExplorer:ScrapMissile"],"picked":"RobotSpaceExplorer:SurgingShield","floor":10},{"not_picked":["RobotSpaceExplorer:SurgingStrike","RobotSpaceExplorer:GlueShot","RobotSpaceExplorer:Probe"],"picked":"SKIP","floor":12},{"not_picked":["RobotSpaceExplorer:Ammunition","RobotSpaceExplorer:SurgingStrike"],"picked":"RobotSpaceExplorer:MetalStrike","floor":14},{"not_picked":["RobotSpaceExplorer:Explosion","RobotSpaceExplorer:BlastShield"],"picked":"RobotSpaceExplorer:ChargingLaser","floor":16},{"not_picked":["RobotSpaceExplorer:ShovelStrike","RobotSpaceExplorer:PowerCollector","RobotSpaceExplorer:SwiftStep"],"picked":"SKIP","floor":18}],"player_experience":333769,"relics_obtained":[{"floor":6,"key":"Regal Pillow"},{"floor":9,"key":"Replay:Bandana"},{"floor":14,"key":"Simple Rune"}],"event_choices":[{"cards_removed":["RobotSpaceExplorer:Defend"],"damage_healed":0,"gold_gain":0,"player_choice":"Card Removal","damage_taken":7,"max_hp_gain":0,"max_hp_loss":0,"event_name":"Golden Wing","floor":3,"gold_loss":0},{"damage_healed":0,"gold_gain":0,"player_choice":"Lose Max HP","damage_taken":0,"relics_obtained":["Golden Idol"],"max_hp_gain":0,"max_hp_loss":7,"event_name":"Golden Idol","floor":5,"gold_loss":0},{"damage_healed":0,"gold_gain":50,"player_choice":"Pray","damage_taken":0,"max_hp_gain":0,"max_hp_loss":0,"event_name":"Golden Shrine","floor":13,"gold_loss":0}],"is_beta":false,"boss_relics":[{"not_picked":["Replay:Grab Bag","Replay:Drink Me"],"picked":"Empty Cage"}],"items_purged_floors":[],"is_endless":false,"potions_floor_spawned":[1,4,14],"killed_by":"3 Byrds","ascension_level":19}}