{"host":"j4g6ia6asvpyu2b0","time":1610458494,"event":{"mods":["BaseMod","Colored Map","Minty Spire (QoL Compilation)","Permanent Neow","Quick Restart","Relic Stats","StSLib","Unceasing Turn Reminder"],"gold_per_floor":[118,130,148,163,183,183,210,210,210,231,257,274,274,286,286,286,286],"floor_reached":16,"playtime":425,"items_purged":[],"score":177,"play_id":"908ee6d0-c0dd-4452-8499-e26c0c1b1125","local_time":"20210112063454","is_ascension_mode":true,"campfire_choices":[{"data":"Anger","floor":6.0,"key":"SMITH"},{"data":"Whirlwind","floor":8.0,"key":"SMITH"},{"data":"Uppercut","floor":13.0,"key":"SMITH"},{"data":"True Grit","floor":15,"key":"SMITH"}],"circlet_count":0,"master_deck":["AscendersBane","Strike_R","Strike_R","Strike_R","Strike_R","Strike_R","Defend_R","Defend_R","Defend_R","Defend_R","Bash+1","Whirlwind+1","Anger+1","Feel No Pain","Disarm","Headbutt","Cleave","Burning Pact","Reaper","Uppercut+1","True Grit+1"],"relics":["Burning Blood","InkBottle","Odd Mushroom","Tiny Chest"],"acts_visited":["Exordium"],"potions_floor_usage":[16],"damage_taken":[{"damage":2.0,"enemies":"Jaw Worm","floor":1.0,"turns":3.0},{"damage":1.0,"enemies":"2 Louse","floor":2.0,"turns":4.0},{"damage":8.0,"enemies":"Small Slimes","floor":3.0,"turns":4.0},{"damage":9.0,"enemies":"Red Slaver","floor":4.0,"turns":3.0},{"damage":8.0,"enemies":"3 Louse","floor":5.0,"turns":4.0},{"damage":28.0,"enemies":"Gremlin Nob","floor":7.0,"turns":5.0},{"damage":13.0,"enemies":"The Mushroom Lair","floor":10.0,"turns":3.0},{"damage":13.0,"enemies":"Lagavulin","floor":11.0,"turns":3.0},{"damage":14.0,"enemies":"Exordium Wildlife","floor":12.0,"turns":4.0},{"damage":1,"enemies":"2 Fungi Beasts","floor":14,"turns":4},{"damage":31,"enemies":"Slime Boss","floor":16,"turns":5}],"seed_played":"-7100771631590498235","potions_obtained":[{"floor":1.0,"key":"SteroidPotion"},{"floor":4.0,"key":"EssenceOfSteel"},{"floor":7.0,"key":"DistilledChaos"},{"floor":11.0,"key":"ElixirPotion"},{"floor":12.0,"key":"SteroidPotion"}],"is_trial":false,"path_per_floor":["M","M","M","M","M","R","E","R","T","?","E","M","R","M","R","B"],"character_chosen":"IRONCLAD","items_purchased":[],"campfire_rested":0,"item_purchase_floors":[],"current_hp_per_floor":[76,80,78,75,73,73,51,51,51,44,37,37,37,50,50,19,19],"gold":286,"neow_bonus":"UPGRADE_CARD","is_daily":false,"chose_seed":false,"campfire_upgraded":4,"win_rate":0.0,"timestamp":1610458494,"path_taken":["M","M","M","M","M","R","E","R","T","?","E","M","R","M","R","BOSS"],"items_purchased_type":[],"build_version":"2020-12-22","purchased_purges":0,"victory":false,"max_hp_per_floor":[80,80,80,80,80,80,80,80,80,80,80,80,80,80,80,80,80],"relic_stats":{"counters":[11,42],"Tiny Chest":0,"obtain_stats":[{"Tiny Chest":11,"Odd Mushroom":10,"Burning Blood":0,"InkBottle":7},{"Tiny Chest":8,"Odd Mushroom":7,"Burning Blood":0,"InkBottle":6},{"Tiny Chest":29,"Odd Mushroom":26,"Burning Blood":0,"InkBottle":23}],"Burning Blood":59,"InkBottle":[4]},"card_choices":[{"not_picked":["Feel No Pain","Headbutt"],"picked":"Whirlwind","floor":1.0},{"not_picked":["Warcry","Shrug It Off"],"picked":"Anger","floor":2.0},{"not_picked":["Flex","Sentinel"],"picked":"Feel No Pain","floor":3.0},{"not_picked":["Shrug It Off","Iron Wave"],"picked":"Disarm","floor":4.0},{"not_picked":["Anger","Rage"],"picked":"Headbutt","floor":5.0},{"not_picked":["Fire Breathing","Sword Boomerang"],"picked":"Cleave","floor":7.0},{"not_picked":["Wild Strike","Sword Boomerang"],"picked":"Burning Pact","floor":10.0},{"not_picked":["Evolve","Wild Strike"],"picked":"Reaper","floor":11.0},{"not_picked":["Anger","Havoc"],"picked":"Uppercut","floor":12.0},{"not_picked":["Clash","Burning Pact"],"picked":"True Grit","floor":14}],"player_experience":814928,"relics_obtained":[{"floor":7.0,"key":"InkBottle"},{"floor":10.0,"key":"Odd Mushroom"},{"floor":11.0,"key":"Tiny Chest"}],"event_choices":[{"damage_healed":0.0,"max_hp_gain":0.0,"max_hp_loss":0.0,"gold_gain":0.0,"event_name":"Mushrooms","player_choice":"Fought Mushrooms","floor":10.0,"gold_loss":0.0,"damage_taken":0.0}],"is_beta":false,"boss_relics":[],"items_purged_floors":[],"is_endless":false,"potions_floor_spawned":[1,4,7,11,12],"killed_by":"Slime Boss","ascension_level":11}}