{"host":"zex3ujd3lwod1gma","time":1610442396,"event":{"mods":["BaseMod","Better Vampires","Custom Start","Minty Spire (QoL Compilation)","StSLib","[地精首领爬塔]The Maniac","【功能Mod】精心准备","老伊莉雅"],"gold_per_floor":[116,116,41,55,55,86,86,101,101,117,132,160,175,185,185,287,287,304,47,146,21,34,66,66,66,66],"floor_reached":25,"playtime":1060,"items_purged":["PrismaMod:IllyaCommonDefend","PrismaMod:IllyaCommonAttack+1","PrismaMod:IllyaCommonDefend+1"],"score":308,"play_id":"ee325a1b-93bd-4fd3-a2cf-b09f4a1e830c","local_time":"20210112170636","is_ascension_mode":false,"campfire_choices":[{"floor":7.0,"key":"RECALL"},{"data":"PrismaMod:IllyaCommandSeal","floor":15.0,"key":"SMITH"}],"circlet_count":0,"master_deck":["PrismaMod:IllyaCommonAttack+1","PrismaMod:IllyaCommonDefend+1","PrismaMod:IllyaCommonAttack+1","PrismaMod:IllyaCommonAttack+1","PrismaMod:IllyaCommonDefend+1","PrismaMod:IllyaUncommonAttack+1","PrismaMod:IllyaUncommonDefend+1","PrismaMod:IllyaGrail+1","PrismaMod:IllyaCommandSeal+1","PrismaMod:IllyaInstallSaber","PrismaMod:ChloeExhaustTwo+1"],"relics":["NeowsBlessing","maniac:EnchantedAnvil","Pocketwatch","Blue Candle","Cursed Key","PrismaticShard","Regal Pillow"],"acts_visited":["Exordium","TheCity"],"potions_floor_usage":[],"damage_taken":[{"damage":0.0,"enemies":"Jaw Worm","floor":1.0,"turns":1.0},{"damage":0.0,"enemies":"2 Louse","floor":4.0,"turns":1.0},{"damage":0.0,"enemies":"3 Sentries","floor":6.0,"turns":1.0},{"damage":0.0,"enemies":"Cultist","floor":8.0,"turns":2.0},{"damage":0.0,"enemies":"Blue Slaver","floor":10.0,"turns":3.0},{"damage":0.0,"enemies":"2 Fungi Beasts","floor":11.0,"turns":3.0},{"damage":0.0,"enemies":"Gremlin Nob","floor":12.0,"turns":4.0},{"damage":0.0,"enemies":"Looter","floor":13.0,"turns":3.0},{"damage":0.0,"enemies":"Exordium Wildlife","floor":14.0,"turns":4.0},{"damage":21.0,"enemies":"Slime Boss","floor":16.0,"turns":10.0},{"damage":0.0,"enemies":"Chosen","floor":18.0,"turns":4.0},{"damage":10.0,"enemies":"2 Thieves","floor":22.0,"turns":4.0},{"damage":0.0,"enemies":"Book of Stabbing","floor":23.0,"turns":6.0},{"damage":0,"enemies":"3 Cultists","floor":25,"turns":1}],"seed_played":"7297346494107025450","potions_obtained":[{"floor":4.0,"key":"ColorlessPotion"},{"floor":6.0,"key":"Fire Potion"},{"floor":11.0,"key":"Regen Potion"},{"floor":12.0,"key":"LiquidMemories"}],"is_trial":false,"path_per_floor":["M","?","$","M","?","E","R","M","T","M","M","E","M","M","R","B",null,"M","$","?","$","M","E","?","M"],"character_chosen":"ILLYA","items_purchased":["PrismaticShard"],"campfire_rested":0,"item_purchase_floors":[19],"current_hp_per_floor":[75,68,68,68,68,68,68,68,68,68,68,68,68,68,68,62,75,75,75,75,75,65,73,59,59,59],"gold":66,"neow_bonus":"THREE_ENEMY_KILL","is_daily":false,"chose_seed":false,"campfire_upgraded":1,"win_rate":0.0,"timestamp":1610442396,"path_taken":["M","?","$","M","?","E","R","M","T","M","M","E","M","?","R","BOSS","M","$","?","$","M","E","?","M"],"items_purchased_type":["Relic"],"build_version":"2020-12-22","purchased_purges":3,"victory":false,"max_hp_per_floor":[75,75,75,75,75,75,75,75,75,75,75,75,75,75,75,75,75,75,75,75,75,75,75,80,80,80],"card_choices":[{"not_picked":["PrismaMod:IllyaHassanGift","PrismaMod:IllyaCommonEvoke","PrismaMod:IllyaRussianRoulette"],"picked":"SKIP","floor":1.0},{"not_picked":["PrismaMod:IllyaCommonEvoke","PrismaMod:IllyaCheapAttack","PrismaMod:IllyaPoisonTippedWeapons"],"picked":"SKIP","floor":4.0},{"not_picked":["PrismaMod:IllyaRussianRoulette","PrismaMod:IllyaHassanGift","PrismaMod:IllyaCheapDefend"],"picked":"SKIP","floor":6.0},{"not_picked":["PrismaMod:IllyaPoisonBomb","PrismaMod:IllyaCheapChannelAttack"],"picked":"PrismaMod:IllyaGrail","floor":8.0},{"not_picked":["PrismaMod:IllyaUberPoisonBlock","PrismaMod:IllyaAssassinRevenge","PrismaMod:IllyaMinorRapidFire"],"picked":"SKIP","floor":10.0},{"not_picked":["PrismaMod:IllyaUberPoisonBlock","PrismaMod:IllyaAssassinRevenge","PrismaMod:IllyaMinorRapidFire"],"picked":"SKIP","floor":10.0},{"not_picked":["PrismaMod:IllyaCheapDefend","PrismaMod:IllyaCheapChannelAttack","PrismaMod:IllyaPoisonBomb"],"picked":"SKIP","floor":11.0},{"not_picked":["PrismaMod:IllyaBoysLove","PrismaMod:IllyaInstallAssassin","PrismaMod:IllyaAssassinRevenge"],"picked":"SKIP","floor":12.0},{"not_picked":["PrismaMod:IllyaBoysLove","PrismaMod:IllyaRussianRoulette","PrismaMod:IllyaSaphire"],"picked":"SKIP","floor":13.0},{"not_picked":["PrismaMod:IllyaFeed","PrismaMod:IllyaAOECommonAttack"],"picked":"PrismaMod:IllyaCommandSeal","floor":14.0},{"not_picked":["PrismaMod:IllyaInstallShielder","PrismaMod:IllyaUberPoisonChannel"],"picked":"PrismaMod:IllyaInstallSaber","floor":16.0},{"not_picked":["PrismaMod:IllyaBlindPoisonToss+1","PrismaMod:IllyaMinorZwei","PrismaMod:IllyaDevil"],"picked":"SKIP","floor":18.0},{"not_picked":["Consecrate","maniac:Hasten+1"],"picked":"PrismaMod:ChloeExhaustTwo+1","floor":22.0},{"not_picked":["Bouncing Flask","Corruption","PrismaMod:IllyaTestament"],"picked":"SKIP","floor":23.0}],"player_experience":1014562,"relics_obtained":[{"floor":6.0,"key":"Pocketwatch"},{"floor":12.0,"key":"Blue Candle"},{"floor":23.0,"key":"Regal Pillow"}],"event_choices":[{"cards_removed":["PrismaMod:IllyaCommonDefend"],"damage_healed":0.0,"max_hp_gain":0.0,"max_hp_loss":0.0,"gold_gain":0.0,"event_name":"Golden Wing","player_choice":"Card Removal","floor":2.0,"gold_loss":0.0,"damage_taken":7.0},{"cards_removed":["PrismaMod:IllyaCommonAttack"],"damage_healed":0.0,"max_hp_gain":0.0,"max_hp_loss":0.0,"gold_gain":0.0,"event_name":"Purifier","player_choice":"Purged","floor":5.0,"gold_loss":0.0,"damage_taken":0.0},{"damage_healed":0.0,"max_hp_gain":0.0,"max_hp_loss":0.0,"gold_gain":99.0,"event_name":"Nest","player_choice":"Stole From Cult","floor":20.0,"gold_loss":0.0,"damage_taken":0.0},{"damage_healed":0.0,"max_hp_gain":5.0,"max_hp_loss":0.0,"gold_gain":0.0,"event_name":"Forgotten Altar","player_choice":"Shed Blood","floor":24.0,"gold_loss":0.0,"damage_taken":19.0}],"is_beta":false,"boss_relics":[{"not_picked":["Astrolabe","Ectoplasm"],"picked":"Cursed Key"}],"items_purged_floors":[3,19,21],"is_endless":false,"potions_floor_spawned":[4,6,11,12,14],"killed_by":"3 Cultists","ascension_level":0}}