{"host":"6dypmz777xraikqf","time":1610494580,"event":{"mods":["AchievementEnabler","BaseMod","BetterRewards","Colored Map","Colored Powertips","Downfall","Highlight Path","Hubris","Infinite Spire","Minty Spire (QoL Compilation)","Replay The Spire","StSLib"],"gold_per_floor":[109,129,139,156,156,189,207,207,257,274,288,288,288,363,363,462,512,527,527,263,278,278,278],"floor_reached":22,"language":"ENG","playtime":1333,"items_purged":["Hallucinations"],"score":418,"play_id":"c300399d-9d27-4243-bff0-41b7fb9cf866","local_time":"20210112233620","is_ascension_mode":true,"campfire_choices":[{"data":"Entrench","floor":8,"key":"SMITH"},{"data":"Iron Wave","floor":12,"key":"SMITH"},{"floor":15,"key":"REST"}],"circlet_count":0,"master_deck":["Strike_R","Strike_R","Strike_R","Strike_R","Strike_R","Defend_R+1","Defend_R","Defend_R","Defend_R","Bash","Entrench+1","Iron Wave+1","Pommel Strike","Ghostly Armor","Perfected Strike","Self Repair+1","Perfected Strike","Shrug It Off","Perfected Strike","Inflame","Replay:Dark Deal"],"relics":["Calipers","Iron Core","hubris:TenFootPole","Nunchaku","Ring of Hypnosis","ReplayTheSpireMod:Ring of Challenge","Tiny House","hubris:Towel"],"acts_visited":["Exordium","TheCity"],"potions_floor_usage":[6,11,16,22,22],"damage_taken":[{"damage":5,"enemies":"2 Louse","floor":1,"turns":5},{"damage":3,"enemies":"Small Slimes","floor":2,"turns":4},{"damage":6,"enemies":"Cultist","floor":3,"turns":3},{"damage":6,"enemies":"Looter","floor":4,"turns":4},{"damage":35,"enemies":"3 Sentries","floor":6,"turns":11},{"damage":11,"enemies":"Blue Slaver","floor":7,"turns":3},{"damage":6,"enemies":"Exordium Wildlife","floor":10,"turns":4},{"damage":17,"enemies":"Lots of Slimes","floor":11,"turns":5},{"damage":43,"enemies":"Slime Boss","floor":16,"turns":10},{"damage":20,"enemies":"3 Byrds","floor":18,"turns":7},{"damage":33,"enemies":"Shell Parasite","floor":21,"turns":6},{"damage":37,"enemies":"Shelled Parasite and Fungi","floor":22,"turns":5}],"seed_played":"-4330771971941936940","potions_obtained":[{"floor":4,"key":"SteroidPotion"},{"floor":7,"key":"AttackPotion"},{"floor":10,"key":"Strength Potion"},{"floor":11,"key":"champ:CounterPotion"},{"floor":16,"key":"LiquidBronze"},{"floor":17,"key":"Death Potion"},{"floor":21,"key":"Fire Potion"}],"is_trial":false,"path_per_floor":["M","M","M","M","?","E","M","R","T","M","M","R","?","?","R","B",null,"M","?","$","M","M"],"character_chosen":"IRONCLAD","items_purchased":["Entrench","Replay:Dark Deal"],"campfire_rested":1,"item_purchase_floors":[0,20],"current_hp_per_floor":[59,62,62,62,62,37,36,36,36,40,33,33,33,28,52,19,70,60,60,60,37,0,0],"gold":278,"neow_bonus":"","is_daily":false,"chose_seed":false,"campfire_upgraded":2,"win_rate":0.0,"timestamp":1610494580,"path_taken":["M","M","M","M","?","E","M","R","T","M","M","R","?","?","R","BOSS","M","?","$","M","M"],"items_purchased_type":["Card","Card"],"build_version":"2020-12-22","purchased_purges":1,"victory":false,"max_hp_per_floor":[80,80,80,80,80,80,80,80,80,80,80,80,80,80,80,80,85,85,85,85,85,85,85],"card_choices":[{"not_picked":["Spot Weakness","Headbutt"],"picked":"Iron Wave","floor":1},{"not_picked":["True Grit","Cleave"],"picked":"Pommel Strike","floor":2},{"not_picked":["Clash","Havoc"],"picked":"Ghostly Armor","floor":3},{"not_picked":["Dual Wield","Rupture"],"picked":"Perfected Strike","floor":4},{"not_picked":["ReplayReversal","Evolve"],"picked":"Perfected Strike","floor":6},{"not_picked":["Armaments","Iron Wave"],"picked":"Shrug It Off","floor":7},{"not_picked":["Cleave","Abandon","Thunderclap"],"picked":"SKIP","floor":10},{"not_picked":["Heavy Blade","Combust"],"picked":"Perfected Strike","floor":11},{"not_picked":["Massacre","hubris:SharpeningStone"],"picked":"Inflame","floor":18},{"not_picked":["Rage","Headbutt","Eclipse"],"picked":"SKIP","floor":21}],"player_experience":148694,"relics_obtained":[{"floor":6,"key":"hubris:TenFootPole"},{"floor":9,"key":"Nunchaku"},{"floor":13,"key":"Ring of Hypnosis"},{"floor":13,"key":"ReplayTheSpireMod:Ring of Challenge"}],"event_choices":[{"damage_healed":0,"gold_gain":75,"player_choice":"Gather Gold","damage_taken":11,"max_hp_gain":0,"max_hp_loss":0,"event_name":"World of Goop","floor":14,"gold_loss":0}],"is_beta":false,"boss_relics":[{"not_picked":["Runic Pyramid","Electric Blood"],"picked":"Tiny House"}],"items_purged_floors":[20],"is_endless":false,"potions_floor_spawned":[4,7,10,11,16,21],"killed_by":"Shelled Parasite and Fungi","ascension_level":9}}