{"host":"7l2t4psy44vpcd9q","time":1610446473,"event":{"mods":["AchievementEnabler","BaseMod","DeckTracker","Minty Spire (QoL Compilation)","SuperFastMode"],"gold_per_floor":[112,122,3,3,3,34,50,50,50,50,97,131,144,144,144,218,218,229,99,114,114,114,144,144,159,159,171,206,206,224,244,244,244,244],"floor_reached":33,"playtime":1181,"items_purged":["Strike_R"],"score":690,"play_id":"a8dfa7f9-9636-412d-b34e-c3822956f716","local_time":"20210112191433","is_ascension_mode":true,"campfire_choices":[{"floor":8.0,"key":"REST"},{"data":"Fire Breathing","floor":10.0,"key":"SMITH"},{"floor":15.0,"key":"REST"},{"floor":24,"key":"REST"},{"floor":29,"key":"REST"},{"floor":32,"key":"REST"}],"circlet_count":0,"master_deck":["AscendersBane","Strike_R","Strike_R","Strike_R","Strike_R","Defend_R","Defend_R","Defend_R","Defend_R","Bash","Headbutt","Carnage","Fire Breathing+1","Blood for Blood","Pain","Evolve","Wild Strike","Rupture","Offering+1","Spot Weakness+1","Seeing Red+1","Heavy Blade+1","Ghostly Armor+1","Reaper","Feel No Pain","Havoc+1","Shrug It Off+1"],"relics":["Mark of Pain","WarpedTongs","White Beast Statue","Toxic Egg 2","Smiling Mask","InkBottle","Runic Cube","Akabeko","HornCleat","Molten Egg 2"],"acts_visited":["Exordium","TheCity"],"potions_floor_usage":[16,16,16,20,23,25,27,28,30,31,33],"damage_taken":[{"damage":0.0,"enemies":"Cultist","floor":1.0,"turns":3.0},{"damage":4.0,"enemies":"Jaw Worm","floor":2.0,"turns":5.0},{"damage":34.0,"enemies":"Gremlin Nob","floor":6.0,"turns":4.0},{"damage":10.0,"enemies":"Small Slimes","floor":7.0,"turns":3.0},{"damage":13.0,"enemies":"3 Sentries","floor":12.0,"turns":4.0},{"damage":6.0,"enemies":"Blue Slaver","floor":13.0,"turns":2.0},{"damage":2,"enemies":"Slime Boss","floor":16,"turns":4},{"damage":17,"enemies":"Spheric Guardian","floor":18,"turns":3},{"damage":8,"enemies":"Chosen","floor":20,"turns":2},{"damage":29,"enemies":"Gremlin Leader","floor":23,"turns":4},{"damage":21,"enemies":"Shelled Parasite and Fungi","floor":25,"turns":2},{"damage":13,"enemies":"Sentry and Sphere","floor":27,"turns":3},{"damage":13,"enemies":"Slavers","floor":28,"turns":3},{"damage":7,"enemies":"Snecko","floor":30,"turns":2},{"damage":24,"enemies":"Snake Plant","floor":31,"turns":2},{"damage":84,"enemies":"Champ","floor":33,"turns":8}],"seed_played":"-5540399764338064787","potions_obtained":[{"floor":2.0,"key":"Explosive Potion"},{"floor":7.0,"key":"FearPotion"},{"floor":12.0,"key":"LiquidMemories"},{"floor":13.0,"key":"EntropicBrew"},{"floor":16,"key":"Energy Potion"},{"floor":18,"key":"Fruit Juice"},{"floor":20,"key":"GamblersBrew"},{"floor":23,"key":"Weak Potion"},{"floor":25,"key":"HeartOfIron"},{"floor":27,"key":"ColorlessPotion"},{"floor":28,"key":"AttackPotion"},{"floor":30,"key":"Weak Potion"},{"floor":31,"key":"Ancient Potion"}],"is_trial":false,"path_per_floor":["M","M","$","?","$","E","M","R","T","R","T","E","M","$","R","B",null,"M","$","M","?","?","E","R","M","T","M","E","R","M","M","R","B"],"character_chosen":"IRONCLAD","items_purchased":["Fire Breathing","Blood for Blood","Seeing Red+1"],"campfire_rested":5,"item_purchase_floors":[3,3,19],"current_hp_per_floor":[68,64,64,64,64,30,20,42,42,42,42,29,23,23,45,43,67,50,50,47,47,47,18,42,21,21,14,14,38,31,7,31,0,0],"gold":244,"neow_bonus":"BOSS_RELIC","is_daily":false,"chose_seed":false,"campfire_upgraded":1,"win_rate":0.0,"timestamp":1610446473,"path_taken":["M","M","$","?","?","E","M","R","T","R","?","E","M","$","R","BOSS","M","$","M","?","?","E","R","M","T","M","E","R","M","M","R","BOSS"],"items_purchased_type":["Card","Card","Card"],"build_version":"2020-12-22","purchased_purges":1,"victory":false,"max_hp_per_floor":[75,75,75,75,75,75,75,75,75,75,75,75,75,75,75,75,75,75,75,80,80,80,80,80,80,80,80,80,80,80,80,80,80,80],"card_choices":[{"not_picked":["Heavy Blade","Havoc"],"picked":"Headbutt","floor":1.0},{"not_picked":["Disarm","Perfected Strike"],"picked":"Carnage","floor":2.0},{"not_picked":["Headbutt","Brutality"],"picked":"Evolve","floor":6.0},{"not_picked":["Headbutt","Body Slam","Clash"],"picked":"SKIP","floor":7.0},{"not_picked":["Bloodletting+1","Twin Strike"],"picked":"Wild Strike","floor":12.0},{"not_picked":["Sword Boomerang","Inflame"],"picked":"Rupture","floor":13.0},{"not_picked":["Immolate","Bludgeon"],"picked":"Offering+1","floor":16},{"not_picked":["Perfected Strike","Shockwave+1"],"picked":"Spot Weakness+1","floor":18},{"not_picked":["Thunderclap","Cleave"],"picked":"Heavy Blade+1","floor":20},{"not_picked":["Body Slam","Heavy Blade"],"picked":"Ghostly Armor+1","floor":23},{"not_picked":["Clothesline","Feel No Pain+1"],"picked":"Reaper","floor":25},{"not_picked":["Clothesline+1","Searing Blow","Flex+1"],"picked":"SKIP","floor":27},{"not_picked":["Headbutt+1","Anger+1"],"picked":"Feel No Pain","floor":28},{"not_picked":["Thunderclap+1","Sever Soul+1"],"picked":"Havoc+1","floor":30},{"not_picked":["Reckless Charge+1","Sentinel+1"],"picked":"Shrug It Off+1","floor":31}],"player_experience":1212467,"relics_obtained":[{"floor":6.0,"key":"White Beast Statue"},{"floor":9.0,"key":"Toxic Egg 2"},{"floor":11.0,"key":"Smiling Mask"},{"floor":12.0,"key":"InkBottle"},{"floor":23,"key":"Akabeko"},{"floor":26,"key":"HornCleat"},{"floor":28,"key":"Molten Egg 2"}],"event_choices":[{"damage_healed":0.0,"max_hp_gain":0.0,"max_hp_loss":0.0,"gold_gain":0.0,"event_name":"Accursed Blacksmith","player_choice":"Rummage","floor":4.0,"gold_loss":0.0,"damage_taken":0.0,"relics_obtained":["WarpedTongs"],"cards_obtained":["Pain"]},{"damage_healed":0,"gold_gain":0,"player_choice":"Ignored","damage_taken":0,"max_hp_gain":0,"max_hp_loss":0,"event_name":"Cursed Tome","floor":21,"gold_loss":0},{"damage_healed":0,"gold_gain":0,"player_choice":"Ignored","damage_taken":0,"max_hp_gain":0,"max_hp_loss":0,"event_name":"N\u0027loth","floor":22,"gold_loss":0}],"is_beta":false,"boss_relics":[{"not_picked":["Pandora\u0027s Box","Calling Bell"],"picked":"Runic Cube"}],"items_purged_floors":[19],"is_endless":false,"potions_floor_spawned":[2,7,12,13,16,18,20,23,25,27,28,30,31],"killed_by":"Champ","ascension_level":20}}