{"host":"Ruben","time":1610484534,"event":{"mods":["AchievementEnabler","Aspiration","BaseMod","Better Altar","Better Match","Better Note","Better Sensory Stone","Better Skull","Better Third Choice","BetterRewards","Colored Map","Conspire","Downfall","GifTheSpireLib","Highlight Path","Hubris","Mimic Mod","Minty Spire (QoL Compilation)","Permanent Neow","Replay The Spire","Shop Mod","Spicy Shops","StSLib","Stuff the Spire","everything is the same but u backflip on backflip","slay the spire mod where everything is the same but ironclad has a cowboy hat"],"gold_per_floor":[116,41,141,158,172,172,198,198,279,27,39,73,89,117,117,213,213,187,9,9,20,30,30,30],"floor_reached":23,"playtime":1742,"items_purged":["Strike_B","Defend_B","Regret"],"score":211,"play_id":"8cf786fd-601f-4d33-b975-befd63a6b189","local_time":"20210112214854","is_ascension_mode":false,"campfire_choices":[{"data":"Hologram","floor":6,"key":"SMITH"},{"floor":8,"key":"REST"}],"circlet_count":0,"master_deck":["Defend_B","Zap","Dualcast","Hologram+1","Gash","Defragment","Rebound","Sweeping Beam","Fusion","Auto Shields","Capacitor","Defragment","Tempest+1","Shame","StuffTheSpire:Synthwave","StuffTheSpire:LoadUp","Turbo","Ball Lightning","Force Field+1","Gash+1","Streamline"],"relics":["Cracked Core","Ancient Tea Set","Potion Belt","Mummified Hand","Prayer Wheel","StuffTheSpire:HeavyRock","BranchBurnRelic","Kintsugi","Prayer Wheel","ReplayFunnel"],"acts_visited":["Exordium","TheCity"],"potions_floor_usage":[7,14,14,18,18],"damage_taken":[{"damage":1,"enemies":"Jaw Worm","floor":1,"turns":3},{"damage":1,"enemies":"Cultist","floor":4,"turns":4},{"damage":5,"enemies":"Small Slimes","floor":5,"turns":3},{"damage":22,"enemies":"3 Sentries","floor":7,"turns":5},{"damage":12,"enemies":"3 Louse","floor":11,"turns":4},{"damage":21,"enemies":"Lagavulin","floor":12,"turns":5},{"damage":8,"enemies":"Red Slaver","floor":13,"turns":3},{"damage":16,"enemies":"Gremlin Nob","floor":14,"turns":4},{"damage":32,"enemies":"The Guardian","floor":16,"turns":8},{"damage":44,"enemies":"2 Thieves","floor":18,"turns":5},{"damage":0,"enemies":"Spheric Guardian","floor":21,"turns":3},{"damage":10,"enemies":"Chosen and Byrds","floor":22,"turns":3},{"damage":32,"enemies":"Slavers","floor":23,"turns":2}],"seed_played":"-6369349035492808188","potions_obtained":[{"floor":1,"key":"Elixir"},{"floor":11,"key":"BlessingOfTheForge"},{"floor":12,"key":"EssenceOfSteel"},{"floor":16,"key":"Adrenaline Potion"},{"floor":18,"key":"Fruit Juice"}],"is_trial":false,"path_per_floor":["M","$","?","M","M","R","E","R","T","$","M","E","M","E","R_BF","B",null,"M","$","?","M","M","E"],"character_chosen":"DEFECT","items_purchased":["Rebound","ReplayTheSpireMod:Fabricate Wheel","Ball Lightning"],"campfire_rested":1,"item_purchase_floors":[10,10,19],"current_hp_per_floor":[74,74,74,73,68,68,46,68,68,68,56,35,27,11,33,16,75,36,36,36,36,26,0,0],"gold":30,"neow_bonus":"RANDOM_COMMON_RELIC","is_daily":false,"chose_seed":false,"campfire_upgraded":1,"win_rate":0.0,"timestamp":1610484534,"path_taken":["M","$","?","M","M","R","E","R","T","?","M","E","M","E","R_BF","BOSS","M","$","?","?","M","E"],"items_purchased_type":["Card","Card","Card"],"build_version":"2020-12-18","purchased_purges":3,"victory":false,"max_hp_per_floor":[75,75,75,75,75,75,75,75,75,75,75,75,75,75,75,75,75,80,80,80,80,80,80,80],"card_choices":[{"not_picked":["Panic Button","Beam Cell"],"picked":"Compile Driver","floor":1},{"not_picked":["ReplayTheSpireMod:Calculation Training","Undo"],"picked":"Hologram","floor":4},{"not_picked":["Conserve Battery","ReplayTheSpireMod:Omega Cannon"],"picked":"Gash","floor":5},{"not_picked":["StuffTheSpire:CleanHardDrive","hubris:PowerSurge"],"picked":"Defragment","floor":7},{"not_picked":["Defragment","ReplayTheSpireMod:Dual Polarity"],"picked":"Sweeping Beam","floor":11},{"not_picked":["Auto Shields","Conserve Battery"],"picked":"Fusion","floor":11},{"not_picked":["Lockon","Steam"],"picked":"Auto Shields","floor":12},{"not_picked":["ReplayTheSpireMod:Fabricate Wheel","Barrage"],"picked":"Capacitor","floor":13},{"not_picked":["Ball Lightning","ReplayTheSpireMod:System Scan"],"picked":"Defragment","floor":13},{"not_picked":["ReplayTheSpireMod:GoodbyeWorld","Blizzard"],"picked":"Tempest","floor":14},{"not_picked":["Amplify","Core Surge"],"picked":"ReplayTheSpireMod:Fabricate Wheel","floor":16},{"not_picked":["Sweeping Beam","Crystallizer+1"],"picked":"StuffTheSpire:Synthwave","floor":18},{"not_picked":["Hello World+1","Sunder+1"],"picked":"StuffTheSpire:LoadUp","floor":18},{"not_picked":["Steam","StuffTheSpire:LoadUp"],"picked":"Turbo","floor":18},{"not_picked":["Recycle","StuffTheSpire:ShieldGenerator"],"picked":"Force Field+1","floor":21},{"not_picked":["Redo","Melter+1"],"picked":"Gash+1","floor":21},{"not_picked":["Tempest","Go for the Eyes","Fusion"],"picked":"SKIP","floor":21},{"not_picked":["Redo","Compile Driver"],"picked":"Streamline","floor":22},{"not_picked":["Go for the Eyes","Scrape","ReplayTheSpireMod:Fabricate Wheel"],"picked":"SKIP","floor":22},{"not_picked":["Steam Power+1","Cold Snap","StuffTheSpire:NuclearReactor"],"picked":"SKIP","floor":22}],"player_experience":249609,"relics_obtained":[{"floor":7,"key":"Potion Belt"},{"floor":9,"key":"Mummified Hand"},{"floor":12,"key":"StuffTheSpire:HeavyRock"},{"floor":14,"key":"Dead Branch"}],"event_choices":[{"damage_healed":0,"gold_gain":100,"player_choice":"Pray","damage_taken":0,"max_hp_gain":0,"max_hp_loss":0,"event_name":"Golden Shrine","floor":3,"gold_loss":0},{"cards_removed":["Compile Driver"],"damage_healed":0,"gold_gain":0,"player_choice":"Gave Card","damage_taken":0,"relics_obtained":["ReplayFunnel"],"max_hp_gain":0,"max_hp_loss":0,"event_name":"WeMeetAgain","floor":20,"gold_loss":0}],"is_beta":true,"boss_relics":[{"not_picked":["hubris:VirtuousBlindfold","Ectoplasm"],"picked":"Kintsugi"}],"items_purged_floors":[2,10,19],"is_endless":false,"potions_floor_spawned":[1,11,12,16,18],"killed_by":"Slavers","ascension_level":0}}