{"host":"qijhzzkmbgiiyux7","time":1610463275,"event":{"mods":["BaseMod","Downfall","Hermit","Minty Spire (QoL Compilation)","Replay The Spire","StSLib","The Cursed"],"gold_per_floor":[113,128,148,111,99,125,125,125,125],"floor_reached":8,"playtime":511,"items_purged":[],"score":58,"play_id":"d800b46d-73b4-4464-a86c-d74fdbc5373d","local_time":"20210112175435","is_ascension_mode":false,"campfire_choices":[{"floor":7,"key":"REST"}],"circlet_count":0,"master_deck":["Strike_R","Strike_R","Strike_R","Strike_R","Strike_R","Defend_R","Defend_R","Defend_R","Defend_R","Bash","Brutality","Clothesline","Clash","Feel No Pain","Power Through","Headbutt","ReplayTheSpireMod:Strike From Hell"],"relics":["Burning Blood","ReplayTheSpireMod:Lightbulb"],"acts_visited":["Exordium"],"potions_floor_usage":[6],"damage_taken":[{"damage":8,"enemies":"Cultist","floor":1,"turns":3},{"damage":3,"enemies":"Jaw Worm","floor":2,"turns":5},{"damage":15,"enemies":"Small Slimes","floor":3,"turns":3},{"damage":21,"enemies":"Exordium Thugs","floor":5,"turns":7},{"damage":48,"enemies":"3 Sentries","floor":6,"turns":10},{"damage":41,"enemies":"Gremlin Nob","floor":8,"turns":4}],"seed_played":"-1223096321327748599","potions_obtained":[{"floor":1,"key":"Explosive Potion"},{"floor":6,"key":"LiquidMemories"}],"is_trial":false,"path_per_floor":["M","M","M","$","M","E","R","E"],"character_chosen":"IRONCLAD","items_purchased":["Power Through"],"campfire_rested":1,"item_purchase_floors":[4],"current_hp_per_floor":[78,80,71,71,56,14,38,0,0],"gold":125,"neow_bonus":"ONE_RANDOM_RARE_CARD","is_daily":false,"chose_seed":false,"campfire_upgraded":0,"win_rate":0.0,"timestamp":1610463275,"path_taken":["M","M","?","$","M","E","R","E"],"items_purchased_type":["Card"],"build_version":"2020-12-22","purchased_purges":0,"victory":false,"max_hp_per_floor":[80,80,80,80,80,80,80,80,80],"card_choices":[{"not_picked":["Inflame","ReplayTheSpireMod:Strike From Hell"],"picked":"Clothesline","floor":1},{"not_picked":["Pommel Strike","Disarm"],"picked":"Clash","floor":2},{"not_picked":["Iron Wave","Headbutt"],"picked":"Feel No Pain","floor":3},{"not_picked":["Replay:Undeath\u0027s Touch","Twin Strike"],"picked":"Headbutt","floor":5},{"not_picked":["ReplayTheSpireMod:Corrosion Curse","Replay:Undeath\u0027s Touch"],"picked":"ReplayTheSpireMod:Strike From Hell","floor":6}],"player_experience":25987,"relics_obtained":[{"floor":6,"key":"ReplayTheSpireMod:Lightbulb"}],"event_choices":[],"is_beta":false,"boss_relics":[],"items_purged_floors":[],"is_endless":false,"potions_floor_spawned":[1,6],"killed_by":"Gremlin Nob","ascension_level":0}}