{"host":"1a3cjta80tad0aqj","time":1610433154,"event":{"mods":["2.2 Compatiblity","AchievementEnabler","BaseMod","Colored Map","DeckTracker","KOR Keyword Fix","Keyboard Shortcuts","Minty Spire (QoL Compilation)","Permanent Neow","Quick Restart","Random Character Button","StSLib","SuperFastMode","everything is the same but u backflip on backflip"],"gold_per_floor":[210,310,326,48,61,61,96,96,121,196,196,196,215,68,68,193,193,213,213,13,13,26,26,66,66,66,82,82,103,146,21,21,142,142,155,9,29,29,42,42,42,62,62,81,81,105,105,105,105,105],"floor_reached":51,"playtime":2385,"items_purged":["Defend_R","Injury","Pain"],"score":758,"play_id":"6f0450bd-e341-41f6-a018-919a71976de6","local_time":"20210112153234","is_ascension_mode":false,"campfire_choices":[{"data":"Bash","floor":6.0,"key":"SMITH"},{"data":"Shrug It Off","floor":8.0,"key":"SMITH"},{"data":"Wild Strike","floor":15.0,"key":"SMITH"},{"data":"Warcry","floor":23.0,"key":"SMITH"},{"data":"Pommel Strike","floor":25.0,"key":"SMITH"},{"floor":28.0,"key":"REST"},{"floor":32.0,"key":"REST"},{"data":"True Grit","floor":40,"key":"SMITH"},{"floor":45,"key":"REST"},{"floor":47,"key":"REST"},{"floor":49,"key":"REST"}],"circlet_count":0,"master_deck":["Strike_R+1","Strike_R+1","Strike_R+1","Strike_R+1","Strike_R+1","Defend_R+1","Defend_R+1","Defend_R+1","Bash+1","Armaments+1","Warcry+1","Pommel Strike+1","Shrug It Off+1","Wild Strike+1","J.A.X.","True Grit+1","Shrug It Off","Shrug It Off+1","Pommel Strike+1","Twin Strike+1","Pommel Strike+1"],"relics":["Burning Blood","Happy Flower","War Paint","Red Skull","Golden Idol","Lee\u0027s Waffle","Cursed Key","White Beast Statue","Self Forming Clay","Mango","SacredBark","Omamori","The Courier"],"acts_visited":["Exordium","TheCity","TheBeyond"],"potions_floor_usage":[50,50],"damage_taken":[{"damage":3.0,"enemies":"2 Louse","floor":1.0,"turns":3.0},{"damage":5.0,"enemies":"Cultist","floor":3.0,"turns":4.0},{"damage":2.0,"enemies":"Small Slimes","floor":5.0,"turns":4.0},{"damage":43.0,"enemies":"3 Sentries","floor":7.0,"turns":10.0},{"damage":0.0,"enemies":"3 Louse","floor":13.0,"turns":2.0},{"damage":10.0,"enemies":"Slime Boss","floor":16.0,"turns":10.0},{"damage":11.0,"enemies":"2 Thieves","floor":18.0,"turns":4.0},{"damage":3.0,"enemies":"Spheric Guardian","floor":22.0,"turns":3.0},{"damage":32.0,"enemies":"Gremlin Leader","floor":24.0,"turns":5.0},{"damage":9.0,"enemies":"Centurion and Healer","floor":27.0,"turns":5.0},{"damage":14.0,"enemies":"Snake Plant","floor":29.0,"turns":4.0},{"damage":21.0,"enemies":"Slavers","floor":30.0,"turns":7.0},{"damage":51.0,"enemies":"Champ","floor":33.0,"turns":9.0},{"damage":8.0,"enemies":"3 Shapes","floor":35.0,"turns":6.0},{"damage":3.0,"enemies":"Orb Walker","floor":37.0,"turns":3.0},{"damage":23.0,"enemies":"4 Shapes","floor":39.0,"turns":6.0},{"damage":27,"enemies":"Spire Growth","floor":42,"turns":5},{"damage":33,"enemies":"Writhing Mass","floor":44,"turns":9},{"damage":18,"enemies":"Sphere and 2 Shapes","floor":46,"turns":7},{"damage":146,"enemies":"Time Eater","floor":50,"turns":14}],"seed_played":"-4392119747676178876","potions_obtained":[{"floor":1.0,"key":"Weak Potion"},{"floor":7.0,"key":"DuplicationPotion"},{"floor":29.0,"key":"BloodPotion"},{"floor":37.0,"key":"Explosive Potion"},{"floor":39,"key":"FearPotion"}],"is_trial":false,"path_per_floor":["M","?","M","$","M","R","E","R","T","?","?","?","M","$","R","B",null,"M","?","$","?","M","R","E","R","T","M","R","M","E","$","R","B",null,"M","$","M","?","M","R","?","M","T","M","R","M","R","$","R","B",null],"character_chosen":"IRONCLAD","items_purchased":["Happy Flower","Fire Potion","Lee\u0027s Waffle","FairyPotion","Omamori"],"campfire_rested":5,"item_purchase_floors":[4,4,14,20,36],"current_hp_per_floor":[80,80,80,80,80,80,43,43,43,32,32,16,22,87,87,83,87,82,82,82,82,85,85,59,59,59,56,82,74,73,73,101,56,101,99,99,101,101,84,84,84,63,63,36,66,54,84,84,101,66],"gold":105,"neow_bonus":"HUNDRED_GOLD","is_daily":false,"chose_seed":false,"campfire_upgraded":6,"win_rate":0.0,"timestamp":1610433154,"path_taken":["M","?","M","$","?","R","E","R","T","?","?","?","M","$","R","BOSS","M","?","$","?","M","R","E","R","T","M","R","M","E","?","R","BOSS","M","$","M","?","M","R","?","M","T","M","R","M","R","$","R","BOSS"],"items_purchased_type":["Relic","Potion","Relic","Potion","Relic"],"build_version":"2020-12-22","purchased_purges":3,"victory":true,"max_hp_per_floor":[80,80,80,80,80,80,80,80,80,80,80,80,80,87,87,87,87,87,87,87,87,87,87,87,87,87,87,87,87,101,101,101,101,101,101,101,101,101,101,101,101,101,101,101,101,101,101,101,101,101],"card_choices":[{"not_picked":["Shockwave","Sword Boomerang"],"picked":"Armaments","floor":1.0},{"not_picked":["Body Slam","Thunderclap"],"picked":"Warcry","floor":3.0},{"not_picked":["Cleave","Wild Strike"],"picked":"Pommel Strike","floor":5.0},{"not_picked":["Headbutt","Clash"],"picked":"Shrug It Off","floor":7.0},{"not_picked":["Pommel Strike","Heavy Blade"],"picked":"Wild Strike","floor":13.0},{"not_picked":["Evolve","Carnage","Intimidate"],"picked":"SKIP","floor":18.0},{"not_picked":["Whirlwind","Anger","Rupture+1"],"picked":"SKIP","floor":22.0},{"not_picked":["Flame Barrier+1","Clothesline","Rupture"],"picked":"SKIP","floor":24.0},{"not_picked":["Clash+1","Warcry"],"picked":"True Grit","floor":27.0},{"not_picked":["Ghostly Armor","Warcry"],"picked":"Shrug It Off","floor":29.0},{"not_picked":["Battle Trance","Iron Wave","Sword Boomerang"],"picked":"SKIP","floor":30.0},{"not_picked":["Clothesline","Second Wind+1"],"picked":"Shrug It Off+1","floor":35.0},{"not_picked":["Blood for Blood","Sentinel"],"picked":"Pommel Strike+1","floor":37.0},{"not_picked":["Cleave+1","Sentinel"],"picked":"Twin Strike+1","floor":39},{"not_picked":["Havoc","Ghostly Armor+1"],"picked":"Pommel Strike+1","floor":42},{"not_picked":["Sever Soul","Cleave","Second Wind"],"picked":"SKIP","floor":44},{"not_picked":["Power Through+1","Cleave","Rupture"],"picked":"SKIP","floor":46}],"player_experience":314845,"relics_obtained":[{"floor":7.0,"key":"War Paint"},{"floor":9.0,"key":"Red Skull"},{"floor":24.0,"key":"White Beast Statue"},{"floor":26.0,"key":"Self Forming Clay"},{"floor":30.0,"key":"Mango"},{"floor":43,"key":"The Courier"}],"event_choices":[{"damage_healed":0.0,"max_hp_gain":0.0,"max_hp_loss":0.0,"gold_gain":100.0,"event_name":"Golden Shrine","player_choice":"Pray","floor":2.0,"gold_loss":0.0,"damage_taken":0.0},{"damage_healed":0.0,"max_hp_gain":0.0,"max_hp_loss":0.0,"gold_gain":75.0,"event_name":"World of Goop","player_choice":"Gather Gold","floor":10.0,"gold_loss":0.0,"damage_taken":11.0},{"damage_healed":0.0,"max_hp_gain":0.0,"max_hp_loss":0.0,"gold_gain":0.0,"event_name":"Golden Idol","player_choice":"Take Wound","floor":11.0,"gold_loss":0.0,"damage_taken":0.0,"relics_obtained":["Golden Idol"],"cards_obtained":["Injury"]},{"damage_healed":0.0,"max_hp_gain":0.0,"max_hp_loss":0.0,"gold_gain":0.0,"event_name":"Shining Light","player_choice":"Entered Light","floor":12.0,"gold_loss":0.0,"damage_taken":16.0,"cards_upgraded":["Strike_R","Strike_R"]},{"damage_healed":0.0,"max_hp_gain":0.0,"max_hp_loss":0.0,"gold_gain":0.0,"event_name":"Back to Basics","player_choice":"Simplicity","floor":19.0,"gold_loss":0.0,"damage_taken":0.0,"cards_upgraded":["Strike_R","Strike_R","Strike_R","Defend_R","Defend_R"]},{"damage_healed":0.0,"max_hp_gain":0.0,"max_hp_loss":0.0,"gold_gain":0.0,"event_name":"Drug Dealer","player_choice":"Obtain J.A.X.","floor":21.0,"gold_loss":0.0,"damage_taken":0.0,"cards_obtained":["J.A.X."]},{"damage_healed":0.0,"max_hp_gain":0.0,"max_hp_loss":0.0,"gold_gain":0.0,"event_name":"Mysterious Sphere","player_choice":"Ignored","floor":38.0,"gold_loss":0.0,"damage_taken":0.0},{"damage_healed":0,"gold_gain":0,"player_choice":"Ignored","damage_taken":0,"max_hp_gain":0,"max_hp_loss":0,"event_name":"Tomb of Lord Red Mask","floor":41,"gold_loss":0}],"is_beta":false,"boss_relics":[{"not_picked":["Runic Dome","Calling Bell"],"picked":"Cursed Key"},{"not_picked":["Pandora\u0027s Box","Black Star"],"picked":"SacredBark"}],"items_purged_floors":[4,20,31],"is_endless":false,"potions_floor_spawned":[1,7,18,22,27,29,30,33,35,37,39,42,44,46],"ascension_level":0}}