{"host":"79xc9gyszz0y96gi","time":1610482439,"event":{"mods":["BaseMod","Better Altar","Better Match","Better Sensory Stone","Better Skull","Better Third Choice","Better Vampires","BetterRewards","Block Reminder","Colored Powertips","Displayed Cursed Tome","Dota2Spire","Downfall","Energized Spire","GifTheSpireLib","Googly Eyes","Infinite Spire","Minty Spire (QoL Compilation)","Quick Restart","Rare Cards Sparkle","Replay The Spire","Retaliation","Shop Mod","StSLib","Stuff the Spire"],"gold_per_floor":[110,123,123,139,153,153,163,84,84,119,219,234,234,249,249,348,348,360,12,12,12,25,51,51,51,123,138,138,178,178,93,93,194,194,210,225,260,260,0,0,0,55,55,82,82,98,116,116,116,217,217,217],"floor_reached":51,"language":"ENG","playtime":1370,"items_purged":[],"score":742,"play_id":"92917412-b59b-409a-9d41-38321ee35ffd","local_time":"20210112151358","is_ascension_mode":false,"campfire_choices":[{"floor":6.0,"key":"REST"},{"data":"Replay:SS_forest_2","floor":13.0,"key":"SMITH"},{"data":"Defend_R","floor":15.0,"key":"SMITH"},{"data":"Feed","floor":24,"key":"SMITH"},{"data":"StuffTheSpire:Ambrosia","floor":28,"key":"SMITH"},{"data":"Life Link","floor":32,"key":"SMITH"},{"floor":40,"key":"RECALL"},{"floor":45,"key":"REST"},{"floor":49,"key":"REST"}],"circlet_count":0,"master_deck":["Strike_R+1","Strike_R+1","Strike_R+1","Strike_R+1","Strike_R+1","Defend_R+1","Defend_R+1","Defend_R+1","Defend_R+1","Bash+1","Anger+1","ReplayTheSpireMod:Muscle Training+1","Replay:SS_forest_2+1","Shrug It Off+1","ReplayTheSpireMod:Stacked+1","Sword Boomerang+1","Feed+1","Disarm+1","Metallicize+1","Perfected Strike+1","ReplayTheSpireMod:Limb From Limb+1","Juggernaut+1","DDmod:UnstoppableAttack+1","HandOfGreed+1","Life Link+1","Ghostly Armor+1","StuffTheSpire:Ambrosia+1","Bloodletting+1","Headbutt+1","Bludgeon+1","Perfected Strike+1","StuffTheSpire:Pyroclast+1","infinitespire:Collect","infinitespire:Execution","ReplayTheSpireMod:Echoes of Time"],"relics":["Burning Blood","Onion Ring","Sling","Dota2Spire:Satanic","Question Card","TungstenRod","StuffTheSpire:Nightcore","infinitespire:Burning Sword","MutagenicStrength","StoneCalendar","Sundial","Dota2Spire:Butterfly","energizedSpire:StickyHand","Mark of the Bloom","Red Mask","Fusion Hammer","infinitespire:Joker Card","Unceasing Top","infinitespire:EmpoweringShard","Dota2Spire:PowerTreads","energizedSpire:MagnifyingGlass"],"acts_visited":["Exordium","TheCity","TheBeyond"],"potions_floor_usage":[50],"damage_taken":[{"damage":3.0,"enemies":"2 Louse","floor":1.0,"turns":3.0},{"damage":4.0,"enemies":"Jaw Worm","floor":2.0,"turns":2.0},{"damage":0.0,"enemies":"Cultist","floor":4.0,"turns":2.0},{"damage":3.0,"enemies":"Red Slaver","floor":5.0,"turns":2.0},{"damage":8.0,"enemies":"Blue Slaver","floor":7.0,"turns":3.0},{"damage":0.0,"enemies":"Lagavulin","floor":10.0,"turns":3.0},{"damage":2.0,"enemies":"2 Fungi Beasts","floor":12.0,"turns":3.0},{"damage":0.0,"enemies":"Looter","floor":14.0,"turns":1.0},{"damage":19.0,"enemies":"Hexaghost","floor":16.0,"turns":8.0},{"damage":8.0,"enemies":"2 Thieves","floor":18.0,"turns":2.0},{"damage":8,"enemies":"Shell Parasite","floor":22,"turns":2},{"damage":5,"enemies":"Nightmare","floor":23,"turns":3},{"damage":0,"enemies":"Snake Plant","floor":27,"turns":1},{"damage":1,"enemies":"Chosen and Byrds","floor":29,"turns":3},{"damage":59,"enemies":"Automaton","floor":33,"turns":8},{"damage":0,"enemies":"Orb Walker","floor":35,"turns":1},{"damage":13,"enemies":"3 Darklings","floor":36,"turns":2},{"damage":2,"enemies":"Spire Growth","floor":37,"turns":2},{"damage":11,"enemies":"2 Orb Walkers","floor":42,"turns":2},{"damage":0,"enemies":"Transient","floor":46,"turns":5},{"damage":0,"enemies":"3 Darklings","floor":47,"turns":3},{"damage":49,"enemies":"Time Eater","floor":50,"turns":6}],"seed_played":"-1499899226319147643","potions_obtained":[{"floor":4.0,"key":"SpeedPotion"},{"floor":5.0,"key":"Explosive Potion"},{"floor":12.0,"key":"Swift Potion"},{"floor":23,"key":"Dota2Spire:HealingSalve"},{"floor":27,"key":"Reflective Coating"},{"floor":35,"key":"DuplicationPotion"},{"floor":42,"key":"SkillPotion"}],"is_trial":false,"path_per_floor":["M","M","?","M","M","R","M","$","T","E","?","M","R","M","R","B",null,"M","$","?","?","M","NM","R","?","T","M","R","M","$","?","R","B",null,"M","M","M","?","?","R","AVR","?","T","T","R","M","M","?","R","B",null],"character_chosen":"IRONCLAD","items_purchased":["Anger+1","ReplayTheSpireMod:Muscle Training","Onion Ring","Sling","Replay:SS_forest_2","Guardian:BlockOnCardUsePotion","Disarm","HandOfGreed","Blood Vial"],"campfire_rested":3,"item_purchase_floors":[0,0,0,0,0,0,8,19,19],"current_hp_per_floor":[47,49,19,25,28,52,50,50,50,56,56,63,63,69,69,59,86,84,84,84,84,84,86,86,86,86,87,87,89,89,89,89,54,91,97,96,102,102,102,102,102,91,91,91,91,91,91,64,64,15,15,15],"gold":217,"neow_bonus":"","is_daily":false,"chose_seed":false,"campfire_upgraded":5,"win_rate":0.0,"timestamp":1610482438,"path_taken":["M","M","?","M","M","R","M","$","T","E","?","?","R","M","R","BOSS","M","$","?","?","M","NM","R","?","T","M","R","M","$","?","R","BOSS","M","M","M","?","?","R","AVR","?","T","?","R","M","M","?","R","BOSS"],"items_purchased_type":["Card","Card","Relic","Relic","Card","Potion","Card","Card","Relic"],"build_version":"2020-12-22","purchased_purges":0,"victory":false,"max_hp_per_floor":[80,80,80,80,80,80,80,80,80,80,80,83,83,83,83,86,86,86,86,86,86,86,86,86,86,86,87,87,89,89,89,89,91,91,97,103,105,105,105,105,105,107,107,107,107,109,111,111,111,113,113,113],"card_choices":[{"not_picked":["Anger","ReplayTheSpireMod:Strike From Hell"],"picked":"Shrug It Off","floor":1.0},{"not_picked":["Defy Death","True Grit"],"picked":"ReplayTheSpireMod:Stacked","floor":2.0},{"not_picked":["Pommel Strike","ReplayTheSpireMod:Muscle Training","DDmod:EasePowerCard"],"picked":"Sword Boomerang","floor":4.0},{"not_picked":["Second Wind","Anger","ReplayTheSpireMod:Strike From Hell","StuffTheSpire:RagingBull"],"picked":"SKIP","floor":5.0},{"not_picked":["DDmod:SpikedSkill","Anger","Rage"],"picked":"Feed","floor":7.0},{"not_picked":["Run Through","DDmod:ScaleUpSkill","StuffTheSpire:Slingshot"],"picked":"Metallicize","floor":10.0},{"not_picked":["Clothesline","Havoc","Iron Wave"],"picked":"Perfected Strike","floor":12.0},{"not_picked":["DDmod:EasePowerCard","Intimidate","Warcry"],"picked":"ReplayTheSpireMod:Limb From Limb","floor":14.0},{"not_picked":["Impervious","Fiend Fire","Replay:Many Hands"],"picked":"Juggernaut","floor":16.0},{"not_picked":["Perfected Strike","ReplayTheSpireMod:Corrosion Curse","Disarm"],"picked":"DDmod:UnstoppableAttack","floor":18},{"not_picked":["Warcry","Flex","Burning Pact+1"],"picked":"Life Link","floor":22},{"not_picked":["Warcry","Clash","Sever Soul"],"picked":"Ghostly Armor","floor":23},{"not_picked":["StuffTheSpire:Innocence","StuffTheSpire:Harmony","StuffTheSpire:Vigor"],"picked":"StuffTheSpire:Ambrosia","floor":25},{"not_picked":["StuffTheSpire:RagingBull","Clash+1","StuffTheSpire:Resist+1","Double Tap"],"picked":"SKIP","floor":27},{"not_picked":["ReplayTheSpireMod:Stacked","DDmod:SpikedSkill","Twin Strike"],"picked":"Bloodletting","floor":29},{"not_picked":["StuffTheSpire:Pyroclast+1","Feel No Pain+1","Evolve","Perfected Strike+1"],"picked":"SKIP","floor":35},{"not_picked":["Headbutt+1","Perfected Strike+1","StuffTheSpire:Pyroclast"],"picked":"Bludgeon","floor":36},{"not_picked":["Replay:Undeath\u0027s Touch","ReplayReversal","DDmod:SpikedSkill","Sword Boomerang+1"],"picked":"SKIP","floor":37},{"not_picked":["DDmod:ScaleUpSkill+1","Pummel","DDmod:EasePowerCard+1","ReplayTheSpireMod:Strike From Hell"],"picked":"SKIP","floor":46},{"not_picked":["DDmod:PokeAttack+1","DDmod:CallousedSkill","Run Through","Shockwave+1"],"picked":"SKIP","floor":47},{"not_picked":["infinitespire:Collect","ReplayTheSpireMod:Echoes of Time"],"picked":"infinitespire:Execution","floor":48}],"player_experience":529805,"relics_obtained":[{"floor":9.0,"key":"TungstenRod"},{"floor":10.0,"key":"StuffTheSpire:Nightcore"},{"floor":23,"key":"StoneCalendar"},{"floor":26,"key":"Sundial"},{"floor":42,"key":"Unceasing Top"},{"floor":43,"key":"infinitespire:EmpoweringShard"},{"floor":44,"key":"Dota2Spire:PowerTreads"}],"event_choices":[{"damage_healed":0.0,"max_hp_gain":0.0,"max_hp_loss":0.0,"gold_gain":1.0,"event_name":"betterThird:BetterScrap","player_choice":"Relic ","floor":3.0,"gold_loss":0.0,"damage_taken":30.0,"cards_obtained":["StuffTheSpire:Incursion"]},{"damage_healed":0.0,"max_hp_gain":0.0,"max_hp_loss":0.0,"gold_gain":100.0,"event_name":"Golden Shrine","player_choice":"Pray","floor":11.0,"gold_loss":0.0,"damage_taken":0.0},{"damage_healed":0,"gold_gain":0,"player_choice":"Inject Mutagens","damage_taken":0,"relics_obtained":["MutagenicStrength"],"max_hp_gain":0,"max_hp_loss":0,"event_name":"Drug Dealer","floor":21,"gold_loss":0},{"damage_healed":0,"gold_gain":0,"player_choice":"Obtained Relic","damage_taken":0,"relics_obtained":["Dota2Spire:Butterfly"],"max_hp_gain":0,"max_hp_loss":0,"event_name":"Addict","floor":31,"gold_loss":85},{"damage_healed":0,"gold_gain":0,"player_choice":"Upgrade","damage_taken":0,"relics_obtained":["Mark of the Bloom"],"max_hp_gain":0,"max_hp_loss":0,"event_name":"MindBloom","floor":38,"gold_loss":0,"cards_upgraded":["Strike_R","Strike_R","Strike_R","Strike_R","Strike_R","Defend_R","Defend_R","Defend_R","Bash","ReplayTheSpireMod:Muscle Training","Shrug It Off","ReplayTheSpireMod:Stacked","Sword Boomerang","Disarm","Metallicize","Perfected Strike","ReplayTheSpireMod:Limb From Limb","Juggernaut","DDmod:UnstoppableAttack","HandOfGreed","Ghostly Armor","Bloodletting","Bludgeon","StuffTheSpire:Pyroclast"]},{"damage_healed":0,"gold_gain":0,"player_choice":"Paid","damage_taken":0,"relics_obtained":["Red Mask"],"max_hp_gain":0,"max_hp_loss":0,"event_name":"Tomb of Lord Red Mask","floor":39,"gold_loss":260},{"damage_healed":0,"gold_gain":0,"player_choice":"Fight","damage_taken":0,"max_hp_gain":0,"max_hp_loss":0,"event_name":"Mysterious Sphere","floor":42,"gold_loss":0}],"is_beta":false,"boss_relics":[{"not_picked":["energizedSpire:EnergizedDie","ReplayTheSpireMod:DimensionalGlitch"],"picked":"infinitespire:Burning Sword"},{"not_picked":["Replay:Grab Bag","Cursed Key"],"picked":"energizedSpire:StickyHand"},{"not_picked":["Replay:Wanted Poster","Ring of Chaos"],"picked":"energizedSpire:MagnifyingGlass"}],"items_purged_floors":[],"is_endless":true,"potions_floor_spawned":[4,5,7,12,23,27,29,35,42,46],"ascension_level":0}}