{"host":"q0ozth74idsfmf0a","time":1610484592,"event":{"mods":["BaseMod","Colored Powertips","Downfall","Minty Spire (QoL Compilation)","Relic Stats","StSLib"],"gold_per_floor":[112,112,112,133,208,208,244,244,244,99,119,138,171,205,205,336,336,361,286,310,184,94,118,134,134,134],"floor_reached":25,"language":"ENG","playtime":1006,"items_purged":["Strike_B"],"score":236,"play_id":"3a5e4e14-c063-44e5-9fa0-c742a798a34c","local_time":"20210112154952","is_ascension_mode":false,"campfire_choices":[{"data":"Ball Lightning","floor":6,"key":"SMITH"},{"floor":15,"key":"REST"}],"circlet_count":0,"master_deck":["Strike_B","Defend_B","Zap","Dualcast","Hologram","Ball Lightning+1","Hologram","Loop","Coolheaded","Capacitor","Ball Lightning","Electrodynamics","Doom and Gloom+1","Doom and Gloom+1","Loop+1","Coolheaded+1","Capacitor","Compile Driver+1","Compile Driver"],"relics":["Cracked Core","NeowsBlessing","Golden Idol","Eternal Feather","Nunchaku","Kunai","ClockworkSouvenir","Odd Mushroom","Ginger","Astrolabe"],"acts_visited":["Exordium","TheCity"],"potions_floor_usage":[16,16,24,24,25],"damage_taken":[{"damage":0,"enemies":"2 Louse","floor":1,"turns":1},{"damage":0,"enemies":"Jaw Worm","floor":4,"turns":1},{"damage":0,"enemies":"Gremlin Nob","floor":7,"turns":1},{"damage":0,"enemies":"Cultist","floor":11,"turns":2},{"damage":8,"enemies":"Large Slime","floor":12,"turns":4},{"damage":28,"enemies":"The Mushroom Lair","floor":13,"turns":5},{"damage":25,"enemies":"3 Sentries","floor":14,"turns":7},{"damage":27,"enemies":"The Guardian","floor":16,"turns":9},{"damage":12,"enemies":"Spheric Guardian","floor":18,"turns":5},{"damage":23,"enemies":"Shell Parasite","floor":20,"turns":6},{"damage":21,"enemies":"Centurion and Healer","floor":23,"turns":6},{"damage":35,"enemies":"Sentry and Sphere","floor":24,"turns":10},{"damage":5,"enemies":"Cultist and Chosen","floor":25,"turns":3}],"seed_played":"-1522056534322497305","potions_obtained":[{"floor":1,"key":"Weak Potion"},{"floor":4,"key":"SmokeBomb"},{"floor":8,"key":"Strength Potion"},{"floor":8,"key":"FairyPotion"},{"floor":14,"key":"Fire Potion"},{"floor":16,"key":"Swift Potion"},{"floor":20,"key":"GamblersBrew"},{"floor":24,"key":"EssenceOfSteel"}],"is_trial":false,"path_per_floor":["M","?","T","M","?","R","E","?","T","$","M","M","?","E","R","B",null,"M","?","M","$","?","M","M","M"],"character_chosen":"DEFECT","items_purchased":["ClockworkSouvenir","Compile Driver"],"campfire_rested":1,"item_purchase_floors":[10,21],"current_hp_per_floor":[75,69,69,69,58,64,64,64,64,64,64,56,28,3,32,5,69,57,57,34,34,34,13,4,0,0],"gold":134,"neow_bonus":"THREE_ENEMY_KILL","is_daily":false,"chose_seed":false,"campfire_upgraded":1,"win_rate":0.0,"timestamp":1610484592,"path_taken":["M","?","?","?","?","R","E","?","T","$","M","?","?","E","R","BOSS","M","?","M","$","?","M","M","M"],"items_purchased_type":["Relic","Card"],"build_version":"2020-12-22","purchased_purges":1,"victory":false,"max_hp_per_floor":[75,69,69,69,69,69,69,69,69,69,69,69,69,69,69,69,69,69,69,69,69,69,69,69,69,69],"relic_stats":{"Nunchaku":[5],"counters":[13,60],"Golden Idol":77,"Astrolabe":["Doom and Gloom","Doom and Gloom","Loop"],"Eternal Feather":15,"Kunai":[2],"Ginger":[0],"obtain_stats":[{"Nunchaku":7,"NeowsBlessing":0,"Golden Idol":2,"Astrolabe":17,"Eternal Feather":3,"Kunai":9,"Ginger":14,"Odd Mushroom":13,"Cracked Core":0,"ClockworkSouvenir":10},{"Nunchaku":3,"NeowsBlessing":0,"Golden Idol":1,"Astrolabe":8,"Eternal Feather":1,"Kunai":3,"Ginger":7,"Odd Mushroom":6,"Cracked Core":0,"ClockworkSouvenir":3},{"Nunchaku":3,"NeowsBlessing":0,"Golden Idol":1,"Astrolabe":30,"Eternal Feather":1,"Kunai":3,"Ginger":21,"Odd Mushroom":14,"Cracked Core":0,"ClockworkSouvenir":3}]},"card_choices":[{"not_picked":["Self Repair","Steam"],"picked":"Hologram","floor":1},{"not_picked":["Streamline","Compile Driver"],"picked":"Ball Lightning","floor":4},{"not_picked":["Steam","Leap"],"picked":"Hologram","floor":7},{"not_picked":["Gash","Cold Snap"],"picked":"Loop","floor":11},{"not_picked":["Steam Power","Force Field"],"picked":"Coolheaded","floor":12},{"not_picked":["Steam Power","Auto Shields"],"picked":"Capacitor","floor":13},{"not_picked":["Tempest","Beam Cell"],"picked":"Ball Lightning","floor":14},{"not_picked":["Buffer","Thunder Strike"],"picked":"Electrodynamics","floor":16},{"not_picked":["Double Energy","Go for the Eyes"],"picked":"Coolheaded+1","floor":18},{"not_picked":["Chaos","Scrape+1"],"picked":"Capacitor","floor":20},{"not_picked":["Gash","Reprogram+1"],"picked":"Compile Driver","floor":23},{"not_picked":["Skim","FTL","Chaos"],"picked":"SKIP","floor":24}],"player_experience":36975,"relics_obtained":[{"floor":3,"key":"Eternal Feather"},{"floor":7,"key":"Nunchaku"},{"floor":9,"key":"Kunai"},{"floor":13,"key":"Odd Mushroom"},{"floor":14,"key":"Ginger"}],"event_choices":[{"damage_healed":0,"gold_gain":0,"player_choice":"Lose Max HP","damage_taken":0,"relics_obtained":["Golden Idol"],"max_hp_gain":0,"max_hp_loss":6,"event_name":"Golden Idol","floor":2,"gold_loss":0},{"damage_healed":0,"gold_gain":75,"player_choice":"Gather Gold","damage_taken":11,"max_hp_gain":0,"max_hp_loss":0,"event_name":"World of Goop","floor":5,"gold_loss":0},{"damage_healed":0,"gold_gain":0,"player_choice":"Got Potions","damage_taken":0,"max_hp_gain":0,"max_hp_loss":0,"event_name":"Lab","floor":8,"gold_loss":0},{"damage_healed":0,"gold_gain":0,"player_choice":"Fought Mushrooms","damage_taken":0,"max_hp_gain":0,"max_hp_loss":0,"event_name":"Mushrooms","floor":13,"gold_loss":0},{"cards_removed":["Defend_B"],"damage_healed":0,"gold_gain":0,"player_choice":"Gave Gold","damage_taken":0,"max_hp_gain":0,"max_hp_loss":0,"event_name":"Beggar","floor":19,"gold_loss":75},{"cards_removed":["Defend_B"],"damage_healed":0,"gold_gain":0,"player_choice":"Upgrade and Remove","damage_taken":0,"max_hp_gain":0,"max_hp_loss":0,"event_name":"Designer","floor":22,"gold_loss":90,"cards_upgraded":["Compile Driver"]}],"is_beta":false,"boss_relics":[{"not_picked":["Ectoplasm","Sozu"],"picked":"Astrolabe"}],"items_purged_floors":[21],"is_endless":false,"potions_floor_spawned":[1,4,13,14,16,20,24],"killed_by":"Cultist and Chosen","ascension_level":0}}