{"host":"0cgp910o8339lr91","time":1610452821,"event":{"mods":["BaseMod","Block Reminder","Colored Map","Colored Powertips","Filter the Spire","Minty Spire (QoL Compilation)","Relic Stats","Slay-I","ojb\u0027s Better Paths Mod","ojb\u0027s Info Mod"],"gold_per_floor":[114,133,308,76,26,59,79,79,104,104,179,129,129,157,157,157,157],"floor_reached":16,"playtime":669,"items_purged":["Doubt","Decay"],"score":203,"play_id":"a0c0d773-9aaf-4b15-a5a4-a510f4ce5e42","local_time":"20210112130021","is_ascension_mode":true,"campfire_choices":[{"data":"Hyperbeam","floor":8.0,"key":"SMITH"},{"data":"Reprogram","floor":10.0,"key":"SMITH"},{"data":"Hologram","floor":13.0,"key":"SMITH"},{"data":"Steam","floor":15.0,"key":"SMITH"}],"circlet_count":0,"master_deck":["AscendersBane","Strike_B","Strike_B","Strike_B","Strike_B","Defend_B+1","Defend_B+1","Defend_B","Defend_B","Zap","Reprogram+1","Steam+1","Hyperbeam+1","Hologram+1"],"relics":["Cursed Key","Frozen Eye","Smiling Mask","War Paint","Calipers"],"acts_visited":["Exordium"],"potions_floor_usage":[],"damage_taken":[{"damage":7.0,"enemies":"Jaw Worm","floor":1.0,"turns":3.0},{"damage":0.0,"enemies":"2 Louse","floor":2.0,"turns":3.0},{"damage":45.0,"enemies":"3 Sentries","floor":6.0,"turns":11.0},{"damage":0.0,"enemies":"Small Slimes","floor":7.0,"turns":2.0},{"damage":0.0,"enemies":"Lagavulin","floor":14.0,"turns":6.0},{"damage":19,"enemies":"Slime Boss","floor":16,"turns":4}],"seed_played":"-8104685118172524516","potions_obtained":[{"floor":6.0,"key":"LiquidMemories"}],"is_trial":false,"path_per_floor":["M","M","?","$","?","E","M","R","T","R","?","$","R","E","R","B"],"character_chosen":"DEFECT","items_purchased":["Frozen Eye"],"campfire_rested":0,"item_purchase_floors":[4],"current_hp_per_floor":[61,61,61,61,61,16,16,16,16,16,5,5,5,5,5,0,0],"gold":157,"neow_bonus":"BOSS_RELIC","is_daily":false,"chose_seed":false,"campfire_upgraded":4,"win_rate":0.0,"timestamp":1610452821,"path_taken":["M","M","?","$","?","E","M","R","T","R","?","$","R","E","R","BOSS"],"items_purchased_type":["Relic"],"build_version":"2020-12-22","purchased_purges":2,"victory":false,"max_hp_per_floor":[75,75,75,75,75,75,75,75,75,75,75,75,75,75,75,75,75],"relic_stats":{"counters":[6,29],"War Paint":["Defend_B","Defend_B"],"Cursed Key":1,"Smiling Mask":50,"obtain_stats":[{"Frozen Eye":4,"Calipers":14,"War Paint":9,"Cracked Core":0,"Cursed Key":0,"Smiling Mask":6},{"Frozen Eye":2,"Calipers":5,"War Paint":4,"Cracked Core":0,"Cursed Key":0,"Smiling Mask":3},{"Frozen Eye":6,"Calipers":25,"War Paint":19,"Cracked Core":0,"Cursed Key":0,"Smiling Mask":17}]},"card_choices":[{"not_picked":["Conserve Battery","Loop"],"picked":"Reprogram","floor":1.0},{"not_picked":["Leap","Streamline"],"picked":"Steam","floor":2.0},{"not_picked":["Amplify","Blizzard"],"picked":"Hyperbeam","floor":6.0},{"not_picked":["Ball Lightning","Static Discharge"],"picked":"Hologram","floor":7.0},{"not_picked":["Gash","Sunder","Coolheaded"],"picked":"SKIP","floor":14.0}],"player_experience":1386304,"relics_obtained":[{"floor":6.0,"key":"Smiling Mask"},{"floor":9.0,"key":"War Paint"},{"floor":14.0,"key":"Calipers"}],"event_choices":[{"damage_healed":0.0,"max_hp_gain":0.0,"max_hp_loss":0.0,"gold_gain":175.0,"event_name":"Liars Game","player_choice":"AGREE","floor":3.0,"gold_loss":0.0,"damage_taken":0.0,"cards_obtained":["Doubt"]},{"cards_removed":["Dualcast"],"damage_healed":0.0,"max_hp_gain":0.0,"max_hp_loss":0.0,"gold_gain":0.0,"event_name":"The Cleric","player_choice":"Card Removal","floor":5.0,"gold_loss":50.0,"damage_taken":0.0},{"damage_healed":0.0,"max_hp_gain":0.0,"max_hp_loss":0.0,"gold_gain":75.0,"event_name":"World of Goop","player_choice":"Gather Gold","floor":11.0,"gold_loss":0.0,"damage_taken":11.0}],"is_beta":false,"boss_relics":[],"items_purged_floors":[4,12],"is_endless":false,"potions_floor_spawned":[6],"killed_by":"Slime Boss","ascension_level":11}}