{"host":"Kdaddybrian","time":1610414926,"event":{"mods":["AchievementEnabler","BaseMod","Bestiary","Colored Powertips","Minty Spire (QoL Compilation)","Potion Indicator Mod","Quick Restart","Rare Cards Sparkle","Relic Stats","StSLib","Uncapped"],"gold_per_floor":[214,214,241,260,1,1,18,18,69,81,81,100,134,151,151,228,228,242,259,259,184,201,201,229,119,119,145,159,159,159,169,169,242,242,259,259,275,26,51,82,82,93,93,93,93,93,126,58,58,58,58,58,17,17,17],"floor_reached":54,"playtime":3070,"items_purged":["Pain","Strike_G"],"score":1283,"play_id":"d9fa4978-a3d8-4988-b592-8504b4b4ddd1","local_time":"20210111202846","is_ascension_mode":true,"campfire_choices":[{"floor":6.0,"key":"REST"},{"data":"Bouncing Flask","floor":8.0,"key":"SMITH"},{"floor":11.0,"key":"REST"},{"floor":15.0,"key":"REST"},{"floor":23.0,"key":"REST"},{"floor":29.0,"key":"REST"},{"floor":32.0,"key":"REST"},{"floor":41.0,"key":"RECALL"},{"floor":45.0,"key":"REST"},{"floor":49.0,"key":"REST"},{"floor":52.0,"key":"REST"}],"circlet_count":0,"master_deck":["AscendersBane","Strike_G","Strike_G","Defend_G","Defend_G","Defend_G","Defend_G+1","Defend_G+1","Survivor","Neutralize","Bouncing Flask+1","Footwork","Flying Knee","Dagger Throw","After Image","Footwork+1","Crippling Poison","Corpse Explosion","PiercingWail","After Image","Dodge and Roll+1","Burst","Caltrops","Catalyst","Footwork","Deflect","Expertise","Backflip"],"relics":["Ring of the Snake","Lantern","Toy Ornithopter","Snake Skull","Centennial Puzzle","Singing Bowl","Sozu","WarpedTongs","Pen Nib","Matryoshka","War Paint","Turnip","Molten Egg 2","Busted Crown","Ginger","CeramicFish","Ninja Scroll","Orichalcum"],"acts_visited":["Exordium","TheCity","TheBeyond","TheEnding"],"potions_floor_usage":[],"damage_taken":[{"damage":1.0,"enemies":"2 Louse","floor":1.0,"turns":5.0},{"damage":11.0,"enemies":"Jaw Worm","floor":4.0,"turns":4.0},{"damage":0.0,"enemies":"Cultist","floor":7.0,"turns":2.0},{"damage":7.0,"enemies":"3 Louse","floor":10.0,"turns":3.0},{"damage":4.0,"enemies":"Exordium Thugs","floor":12.0,"turns":4.0},{"damage":26.0,"enemies":"3 Sentries","floor":13.0,"turns":8.0},{"damage":1.0,"enemies":"Lots of Slimes","floor":14.0,"turns":4.0},{"damage":18.0,"enemies":"Hexaghost","floor":16.0,"turns":9.0},{"damage":2.0,"enemies":"Chosen","floor":18.0,"turns":4.0},{"damage":3.0,"enemies":"3 Byrds","floor":19.0,"turns":5.0},{"damage":5.0,"enemies":"Cultist and Chosen","floor":22.0,"turns":5.0},{"damage":20.0,"enemies":"Slavers","floor":24.0,"turns":4.0},{"damage":9.0,"enemies":"Book of Stabbing","floor":27.0,"turns":7.0},{"damage":27.0,"enemies":"Centurion and Healer","floor":28.0,"turns":5.0},{"damage":0.0,"enemies":"3 Cultists","floor":31.0,"turns":4.0},{"damage":8.0,"enemies":"Automaton","floor":33.0,"turns":12.0},{"damage":27.0,"enemies":"3 Darklings","floor":35.0,"turns":3.0},{"damage":0.0,"enemies":"3 Shapes","floor":37.0,"turns":6.0},{"damage":7.0,"enemies":"Mind Bloom Boss Battle","floor":39.0,"turns":5.0},{"damage":2.0,"enemies":"Giant Head","floor":40.0,"turns":6.0},{"damage":0.0,"enemies":"Jaw Worm Horde","floor":42.0,"turns":2.0},{"damage":21.0,"enemies":"Reptomancer","floor":47.0,"turns":7.0},{"damage":63.0,"enemies":"Awakened One","floor":50.0,"turns":16.0},{"damage":85,"enemies":"Shield and Spear","floor":54,"turns":5}],"seed_played":"661226955701742614","potions_obtained":[{"floor":4.0,"key":"SteroidPotion"},{"floor":13.0,"key":"LiquidMemories"}],"is_trial":false,"path_per_floor":["M","?","T","M","$","R","M","R","T","M","R","M","E","M","R","B",null,"M","M","?","$","M","R","E","?","T","E","M","R","T","M","R","B",null,"M","?","M","$","?","E","R","M","T","?","R","?","E","$","R","B",null,"R","$","E"],"character_chosen":"THE_SILENT","items_purchased":["Snake Skull","Flying Knee","SteroidPotion","Catalyst","Footwork","Expertise","Backflip"],"campfire_rested":9,"item_purchase_floors":[5,5,5,38,38,48,53],"current_hp_per_floor":[58,32,32,21,21,40,40,40,40,33,52,48,22,26,45,27,56,56,55,55,55,50,70,52,52,52,43,16,37,37,39,61,53,69,44,46,46,46,39,39,39,41,41,41,64,64,45,45,69,6,62,80,80,0,0],"gold":17,"neow_bonus":"HUNDRED_GOLD","is_daily":false,"chose_seed":false,"campfire_upgraded":1,"win_rate":0.0,"timestamp":1610414926,"path_taken":["M","?","?","M","$","R","M","R","T","M","R","M","E","?","R","BOSS","M","M","?","?","M","R","E","?","T","E","?","R","?","M","R","BOSS","M","?","M","$","?","E","R","M","T","?","R","?","E","?","R","BOSS","R","$","E"],"items_purchased_type":["Relic","Card","Potion","Card","Card","Card","Card"],"build_version":"2020-12-18","purchased_purges":2,"victory":false,"max_hp_per_floor":[66,66,66,66,66,66,66,66,66,66,66,66,66,66,66,66,66,68,70,70,70,70,70,72,72,72,72,72,72,72,74,74,74,74,76,78,78,78,78,80,80,82,82,78,78,78,80,80,80,80,80,80,80,80,80],"relic_stats":{"Singing Bowl":18,"counters":[24,135],"CeramicFish":18,"Snake Skull":[193],"Pen Nib":[11],"Ginger":[4],"War Paint":["Defend_G","Defend_G"],"Orichalcum":[0],"WarpedTongs":[85],"Sozu":6,"Centennial Puzzle":[54],"Busted Crown":14,"Turnip":[0],"obtain_stats":[{"Lantern":2,"Singing Bowl":13,"CeramicFish":40,"Snake Skull":5,"Pen Nib":24,"Ginger":39,"War Paint":27,"Orichalcum":47,"WarpedTongs":20,"Sozu":17,"Centennial Puzzle":9,"Matryoshka":26,"Busted Crown":34,"Ninja Scroll":43,"Molten Egg 2":30,"Turnip":30,"Toy Ornithopter":3,"Ring of the Snake":0},{"Lantern":1,"Singing Bowl":6,"CeramicFish":20,"Snake Skull":2,"Pen Nib":12,"Ginger":19,"War Paint":13,"Orichalcum":22,"WarpedTongs":10,"Sozu":8,"Centennial Puzzle":3,"Matryoshka":12,"Busted Crown":16,"Ninja Scroll":21,"Molten Egg 2":14,"Turnip":14,"Toy Ornithopter":1,"Ring of the Snake":0},{"Lantern":5,"Singing Bowl":26,"CeramicFish":105,"Snake Skull":9,"Pen Nib":57,"Ginger":99,"War Paint":64,"Orichalcum":114,"WarpedTongs":48,"Sozu":39,"Centennial Puzzle":11,"Matryoshka":57,"Busted Crown":85,"Ninja Scroll":107,"Molten Egg 2":69,"Turnip":69,"Toy Ornithopter":5,"Ring of the Snake":0}],"Toy Ornithopter":5,"Ring of the Snake":[48]},"card_choices":[{"not_picked":["Backflip","Underhanded Strike"],"picked":"Bouncing Flask","floor":1.0},{"not_picked":["Endless Agony","Slice"],"picked":"Footwork","floor":4.0},{"not_picked":["Bane","Infinite Blades"],"picked":"Dagger Throw","floor":7.0},{"not_picked":["Accuracy","Slice"],"picked":"After Image","floor":10.0},{"not_picked":["Acrobatics","Infinite Blades","Outmaneuver"],"picked":"SKIP","floor":12.0},{"not_picked":["Calculated Gamble","Caltrops"],"picked":"Footwork","floor":13.0},{"not_picked":["Dagger Throw","Escape Plan"],"picked":"Crippling Poison","floor":14.0},{"not_picked":["After Image","Night Terror"],"picked":"Corpse Explosion","floor":16.0},{"not_picked":["Poisoned Stab","Blade Dance","Quick Slash+1"],"picked":"Singing Bowl","floor":18.0},{"not_picked":["Skewer","Masterful Stab","Prepared"],"picked":"Singing Bowl","floor":19.0},{"not_picked":["Underhanded Strike","Backflip"],"picked":"PiercingWail","floor":22.0},{"not_picked":["Endless Agony","Cloak And Dagger","Expertise"],"picked":"Singing Bowl","floor":24.0},{"not_picked":["Deadly Poison","Terror+1"],"picked":"After Image","floor":27.0},{"not_picked":["Distraction","Riddle With Holes+1"],"picked":"Dodge and Roll+1","floor":28.0},{"not_picked":["Outmaneuver","Bane+1","Flechettes+1"],"picked":"Singing Bowl","floor":31.0},{"not_picked":["Bullet Time","Die Die Die+1"],"picked":"Burst","floor":33.0},{"not_picked":["Cloak And Dagger"],"picked":"Singing Bowl","floor":35.0},{"not_picked":["PanicButton"],"picked":"Singing Bowl","floor":36.0},{"not_picked":[],"picked":"Caltrops","floor":37.0},{"not_picked":[],"picked":"Deflect","floor":39.0},{"not_picked":["Eviscerate+1"],"picked":"Singing Bowl","floor":40.0},{"not_picked":["Poisoned Stab+1"],"picked":"Singing Bowl","floor":42.0},{"not_picked":["Cloak And Dagger"],"picked":"Singing Bowl","floor":47.0}],"player_experience":2955365,"relics_obtained":[{"floor":3.0,"key":"Toy Ornithopter"},{"floor":9.0,"key":"Centennial Puzzle"},{"floor":13.0,"key":"Singing Bowl"},{"floor":24.0,"key":"Pen Nib"},{"floor":26.0,"key":"Matryoshka"},{"floor":27.0,"key":"War Paint"},{"floor":30.0,"key":"Turnip"},{"floor":30.0,"key":"Molten Egg 2"},{"floor":39.0,"key":"Ginger"},{"floor":40.0,"key":"CeramicFish"},{"floor":43.0,"key":"Ninja Scroll"},{"floor":47.0,"key":"Orichalcum"}],"event_choices":[{"damage_healed":0.0,"max_hp_gain":0.0,"max_hp_loss":0.0,"gold_gain":0.0,"event_name":"Scrap Ooze","player_choice":"Success","floor":2.0,"gold_loss":0.0,"damage_taken":26.0,"relics_obtained":["Lantern"]},{"damage_healed":0.0,"max_hp_gain":0.0,"max_hp_loss":0.0,"gold_gain":0.0,"event_name":"Accursed Blacksmith","player_choice":"Rummage","floor":20.0,"gold_loss":0.0,"damage_taken":0.0,"relics_obtained":["WarpedTongs"],"cards_obtained":["Pain"]},{"cards_removed":["Strike_G"],"damage_healed":0.0,"max_hp_gain":0.0,"max_hp_loss":0.0,"gold_gain":0.0,"event_name":"Designer","player_choice":"Upgrade and Remove","floor":25.0,"gold_loss":110.0,"damage_taken":0.0,"cards_upgraded":["Footwork"]},{"damage_healed":0.0,"max_hp_gain":0.0,"max_hp_loss":0.0,"gold_gain":0.0,"event_name":"SensoryStone","player_choice":"Memory 1","floor":36.0,"gold_loss":0.0,"damage_taken":0.0},{"damage_healed":0.0,"max_hp_gain":0.0,"max_hp_loss":0.0,"gold_gain":0.0,"event_name":"MindBloom","player_choice":"Fight","floor":39.0,"gold_loss":0.0,"damage_taken":0.0},{"damage_healed":0.0,"max_hp_gain":0.0,"max_hp_loss":4.0,"gold_gain":0.0,"event_name":"Winding Halls","player_choice":"Max HP","floor":44.0,"gold_loss":0.0,"damage_taken":0.0},{"cards_removed":["Strike_G"],"damage_healed":0.0,"max_hp_gain":0.0,"max_hp_loss":0.0,"gold_gain":0.0,"event_name":"Falling","player_choice":"Removed Attack","floor":46.0,"gold_loss":0.0,"damage_taken":0.0}],"is_beta":true,"boss_relics":[{"not_picked":["Tiny House","SacredBark"],"picked":"Sozu"},{"not_picked":["Pandora\u0027s Box","Runic Dome"],"picked":"Busted Crown"}],"items_purged_floors":[21,38],"is_endless":false,"potions_floor_spawned":[4,13,18,22,33,37,39,40],"killed_by":"Shield and Spear","ascension_level":15}}