{"host":"vrsxkkch9ccrec7k","time":1610487705,"event":{"mods":["Act Like it!","BaseMod","Bestiary","Better Sensory Stone","Better Third Choice","Better Vampires","Downfall","Minty Spire (QoL Compilation)","Permanent Neow","Relic Stats","Spicy Shops","StSLib"],"gold_per_floor":[99,109,139,139,158,190,242,24,35,64,64,78,3,38,53,154,154,154,168,184,184,204,238,250,262,302,327,264,287,299,396,427,535,547,559,587,599,625,649,105,132,148,73,86,111,26,45,65,75,75,75,108,57,57,57],"floor_reached":56,"language":"ENG","playtime":5751,"items_purged":["Decay","Injury"],"score":1610,"play_id":"3da946e4-2766-455f-912a-703dbd8d8f67","local_time":"20210112164145","is_ascension_mode":true,"campfire_choices":[{"data":"expansioncontent:Flail","floor":1,"key":"SMITH"},{"data":"champ:Taunt","floor":13,"key":"SMITH"},{"floor":18,"key":"RECALL"},{"data":"champ:Lariat","floor":28,"key":"SMITH"},{"data":"champ:ArenaPreparation","floor":30,"key":"SMITH"},{"data":"champ:SwordSigil","floor":35,"key":"SMITH"},{"data":"champ:Backstep","floor":43,"key":"SMITH"},{"data":"champ:RapidStrikes","floor":54,"key":"SMITH"}],"circlet_count":0,"master_deck":["champ:Defend","champ:Defend","champ:Defend","champ:Defend","champ:Execute+1","champ:Taunt+1","expansioncontent:Flail+1","champ:BerserkerStyle","champ:Lariat+1","champ:HoldFirm","champ:ArenaPreparation+1","champ:BerserkerStyle","champ:SwordThrow","champ:HoldFirm","champ:ArenaPreparation","champ:RapidStrikes+1","Bite","Bite+1","champ:ShieldSigil","champ:Backstep+1","champ:SwordSigil+1","champ:SwordSigil+1","champ:BringItOn+1","champ:LastStand"],"relics":["champ:ChampionCrownUpgraded","Mercury Hourglass","Toy Ornithopter","champ:BerserkersGuideToSlaughter","Pantograph","downfall:HeartBlessingGreen","Eternal Feather","MawBank","Strawberry","champ:SpectersHand","downfall:HeartBlessingRed","Cursed Key","Bag of Preparation","HandDrill","Incense Burner","downfall:HeartBlessingBlue","Whetstone","Ice Cream","Letter Opener"],"acts_visited":["Exordium","TheCity","TheBeyond","TheEnding"],"potions_floor_usage":[10,26,40,40,50,55],"damage_taken":[{"damage":0,"enemies":"2 Louse","floor":2,"turns":1},{"damage":13,"enemies":"Cultist","floor":5,"turns":4},{"damage":56,"enemies":"Lagavulin","floor":6,"turns":8},{"damage":10,"enemies":"downfall:FleeingMerchant","floor":8,"turns":4},{"damage":9,"enemies":"Jaw Worm","floor":9,"turns":3},{"damage":16,"enemies":"Gremlin Nob","floor":10,"turns":5},{"damage":36,"enemies":"Large Slime","floor":12,"turns":2},{"damage":4,"enemies":"3 Sentries","floor":14,"turns":5},{"damage":25,"enemies":"Gremlin Gang","floor":15,"turns":3},{"damage":65,"enemies":"downfall:Watcher","floor":16,"turns":9},{"damage":20,"enemies":"Spheric Guardian","floor":19,"turns":5},{"damage":27,"enemies":"Chosen","floor":20,"turns":3},{"damage":27,"enemies":"Snake Plant","floor":22,"turns":3},{"damage":47,"enemies":"Slavers","floor":23,"turns":5},{"damage":26,"enemies":"Book of Stabbing","floor":26,"turns":3},{"damage":39,"enemies":"Centurion and Healer","floor":27,"turns":3},{"damage":33,"enemies":"Cultist and Chosen","floor":29,"turns":2},{"damage":34,"enemies":"Snecko","floor":32,"turns":3},{"damage":123,"enemies":"downfall:Silent","floor":33,"turns":6},{"damage":27,"enemies":"Orb Walker","floor":36,"turns":2},{"damage":50,"enemies":"3 Darklings","floor":38,"turns":2},{"damage":42,"enemies":"Sphere and 2 Shapes","floor":39,"turns":3},{"damage":93,"enemies":"downfall:FleeingMerchant","floor":40,"turns":4},{"damage":37,"enemies":"4 Shapes","floor":42,"turns":1},{"damage":89,"enemies":"Maw","floor":44,"turns":4},{"damage":69,"enemies":"Nemesis","floor":45,"turns":5},{"damage":20,"enemies":"downfall:FleeingMerchant","floor":46,"turns":2},{"damage":66,"enemies":"3 Darklings","floor":47,"turns":3},{"damage":73,"enemies":"Jaw Worm Horde","floor":48,"turns":3},{"damage":92,"enemies":"Maw","floor":49,"turns":7},{"damage":89,"enemies":"downfall:Defect","floor":50,"turns":4},{"damage":64,"enemies":"downfall:CharBossMerchant","floor":52,"turns":6},{"damage":131,"enemies":"downfall:NeowBoss","floor":55,"turns":25}],"seed_played":"-6732783598835685511","potions_obtained":[{"floor":2,"key":"FairyPotion"},{"floor":10,"key":"Weak Potion"},{"floor":12,"key":"SneckoOil"},{"floor":14,"key":"champ:OpenerPotion"},{"floor":16,"key":"EssenceOfSteel"},{"floor":19,"key":"Explosive Potion"},{"floor":23,"key":"ColorlessPotion"},{"floor":26,"key":"GamblersBrew"},{"floor":33,"key":"FearPotion"},{"floor":39,"key":"ColorlessPotion"}],"is_trial":false,"path_per_floor":["R","M","?","?","M","E","T","$","M","E","?","M","R","E","M","B",null,"R","M","M","?","M","E","T","?","E","M","R","M","R","?","M","B",null,"R","M","?","M","M","$","T","M","R","M","E","$","M","M","M","B",null,"E","$","R","B",null],"character_chosen":"THE_CHAMP","items_purchased":["champ:BerserkersGuideToSlaughter","PowerPotion","Bag of Preparation","HandDrill","champ:OpenerPotion","ColorlessPotion","Incense Burner","Ice Cream","BlessingOfTheForge"],"campfire_rested":0,"item_purchase_floors":[8,8,40,40,40,40,40,46,53],"current_hp_per_floor":[90,90,90,90,87,48,48,48,49,48,48,58,58,64,58,88,90,90,90,90,73,73,56,63,63,80,80,80,80,80,62,74,55,74,80,80,80,80,80,80,80,80,90,90,90,90,90,89,95,95,95,95,95,95,95],"gold":57,"neow_bonus":"RANDOM_COLORLESS","is_daily":false,"chose_seed":false,"campfire_upgraded":7,"win_rate":0.0,"timestamp":1610487705,"path_taken":["R","M","?","?","?","E","T","?","M","E","?","M","R","E","M","BOSS","R","M","M","?","M","E","T","?","E","?","R","?","R","?","M","BOSS","R","M","?","M","M","$","T","M","R","M","E","$","M","M","M","BOSS","E","$","R","BOSS"],"items_purchased_type":["Relic","Potion","Relic","Relic","Potion","Potion","Relic","Relic","Potion"],"build_version":"2020-12-22","purchased_purges":2,"victory":true,"max_hp_per_floor":[90,90,90,90,90,90,90,90,90,90,90,90,90,90,90,90,90,90,90,90,73,73,73,80,80,80,80,80,80,80,80,80,80,80,80,80,80,80,80,80,80,80,90,90,90,90,90,90,95,95,95,95,95,95,95],"relic_stats":{"counters":[33,147],"Pantograph":31,"Eternal Feather":6,"Bag of Preparation":[20],"HandDrill":[36],"Whetstone":["Bite","champ:Execute"],"Letter Opener":[57],"MawBank":204,"Cursed Key":1,"obtain_stats":[{"Ice Cream":46,"downfall:HeartBlessingRed":28,"champ:ChampionCrown":0,"downfall:HeartBlessingGreen":13,"Eternal Feather":14,"champ:ChampionCrownUpgraded":17,"Bag of Preparation":40,"Incense Burner":40,"Whetstone":45,"Letter Opener":52,"MawBank":23,"Cursed Key":34,"Mercury Hourglass":6,"downfall:HeartBlessingBlue":43,"Pantograph":10,"Strawberry":24,"HandDrill":40,"champ:BerserkersGuideToSlaughter":8,"Toy Ornithopter":7,"champ:SpectersHand":26},{"Ice Cream":27,"downfall:HeartBlessingRed":16,"champ:ChampionCrown":0,"downfall:HeartBlessingGreen":7,"Eternal Feather":8,"champ:ChampionCrownUpgraded":10,"Bag of Preparation":23,"Incense Burner":23,"Whetstone":26,"Letter Opener":32,"MawBank":14,"Cursed Key":19,"Mercury Hourglass":3,"downfall:HeartBlessingBlue":24,"Pantograph":6,"Strawberry":14,"HandDrill":23,"champ:BerserkersGuideToSlaughter":4,"Toy Ornithopter":3,"champ:SpectersHand":15},{"Ice Cream":99,"downfall:HeartBlessingRed":65,"champ:ChampionCrown":0,"downfall:HeartBlessingGreen":26,"Eternal Feather":31,"champ:ChampionCrownUpgraded":43,"Bag of Preparation":87,"Incense Burner":87,"Whetstone":97,"Letter Opener":122,"MawBank":59,"Cursed Key":76,"Mercury Hourglass":13,"downfall:HeartBlessingBlue":88,"Pantograph":24,"Strawberry":59,"HandDrill":87,"champ:BerserkersGuideToSlaughter":17,"Toy Ornithopter":13,"champ:SpectersHand":62}],"Toy Ornithopter":25,"Mercury Hourglass":[370]},"card_choices":[{"not_picked":["Dark Shackles","Enlightenment"],"picked":"expansioncontent:Flail","floor":0},{"not_picked":["champ:RisingSlash","champ:Haymaker"],"picked":"champ:BerserkerStyle","floor":2},{"not_picked":["champ:TornadoPunch","champ:Circumvent","champ:FocusedDefense"],"picked":"SKIP","floor":5},{"not_picked":["champ:BladeFlurry","champ:PerfectedStrike"],"picked":"champ:Lariat","floor":6},{"not_picked":["champ:CrookedStrike","champ:Haymaker"],"picked":"champ:HoldFirm","floor":8},{"not_picked":["champ:FaceSlap","champ:CalledShot","champ:StanceDance"],"picked":"SKIP","floor":9},{"not_picked":["champ:GladiatorStyle","champ:BerserkersShout"],"picked":"champ:ArenaPreparation","floor":10},{"not_picked":["champ:Balance","champ:DefensiveShout","champ:FaceSlap"],"picked":"SKIP","floor":12},{"not_picked":["champ:FanOfKnives","champ:DefensiveShout"],"picked":"champ:BerserkerStyle","floor":14},{"not_picked":["champ:Shatter","champ:FightOn"],"picked":"champ:SwordThrow","floor":15},{"not_picked":["champ:LastStand","champ:EnchantCrown"],"picked":"champ:HoldFirm","floor":16},{"not_picked":["champ:StanceDance","champ:CrookedStrike"],"picked":"champ:ArenaPreparation","floor":19},{"not_picked":["champ:BerserkersShout","champ:CrookedStrike"],"picked":"champ:RapidStrikes","floor":20},{"not_picked":["champ:FanOfKnives","champ:Riposte"],"picked":"champ:ShieldSigil","floor":22},{"not_picked":["champ:FlashCut","champ:Circumvent"],"picked":"champ:Backstep","floor":23},{"not_picked":["champ:AdrenalArmor","champ:DeathBlow"],"picked":"champ:SwordSigil+1","floor":26},{"not_picked":["champ:AdrenalArmor","champ:BerserkersShout","champ:PerfectedStrike"],"picked":"SKIP","floor":27},{"not_picked":["champ:SkillfulDodge","champ:RecklessLeap+1","champ:Haymaker"],"picked":"SKIP","floor":29},{"not_picked":["champ:GutPunch","champ:RageSigil"],"picked":"champ:SwordSigil","floor":32},{"not_picked":["champ:MurderStrike","champ:VampiricStrike"],"picked":"champ:DancingMaster","floor":33},{"not_picked":["champ:CrookedStrike","champ:Circumvent","champ:BladeFlurry+1"],"picked":"SKIP","floor":36},{"not_picked":["champ:BerserkerStyle","champ:GladiatorStyle","champ:RageSigil"],"picked":"SKIP","floor":38},{"not_picked":["champ:PreciseThrust","champ:BerserkersShout","champ:PerfectedStrike+1"],"picked":"SKIP","floor":39},{"not_picked":["champ:CalledShot+1","champ:Duel+1","champ:Lariat"],"picked":"SKIP","floor":40},{"not_picked":["champ:GutPunch+1","champ:RisingSlash","champ:EnGarde+1"],"picked":"SKIP","floor":42},{"not_picked":["champ:Haymaker+1","champ:PreciseThrust","champ:FaceSlap"],"picked":"SKIP","floor":44},{"not_picked":["champ:RageSigil+1","champ:TornadoPunch+1","champ:IronFortress+1"],"picked":"SKIP","floor":45},{"not_picked":["champ:Encircle","champ:CheapShot","champ:HeartStrike+1"],"picked":"SKIP","floor":46},{"not_picked":["champ:RageSigil","champ:StanceDance+1"],"picked":"champ:FightOn","floor":47},{"not_picked":["champ:PerfectedStrike+1","champ:BerserkersShout"],"picked":"champ:BringItOn+1","floor":48},{"not_picked":["champ:BringItOn","champ:RecklessLeap","champ:FlashCut+1"],"picked":"SKIP","floor":49},{"not_picked":["champ:IronFortress","champ:FlashCut+1"],"picked":"champ:LastStand","floor":52}],"player_experience":1496675,"relics_obtained":[{"floor":6,"key":"Mercury Hourglass"},{"floor":7,"key":"Toy Ornithopter"},{"floor":10,"key":"Pantograph"},{"floor":14,"key":"Eternal Feather"},{"floor":23,"key":"MawBank"},{"floor":24,"key":"Strawberry"},{"floor":26,"key":"champ:SpectersHand"},{"floor":45,"key":"Whetstone"},{"floor":52,"key":"Letter Opener"}],"event_choices":[{"cards_removed":["champ:Strike"],"damage_healed":0,"gold_gain":0,"player_choice":"Purged","damage_taken":0,"max_hp_gain":0,"max_hp_loss":0,"event_name":"Purifier","floor":4,"gold_loss":0},{"damage_healed":0,"gold_gain":0,"player_choice":"Became a vampire","damage_taken":0,"max_hp_gain":0,"max_hp_loss":17,"event_name":"Vampires","floor":21,"gold_loss":0,"cards_obtained":["Bite","Bite","Bite"]},{"cards_removed":["Bite"],"damage_healed":0,"gold_gain":0,"player_choice":"Purged","damage_taken":0,"max_hp_gain":0,"max_hp_loss":0,"event_name":"Purifier","floor":25,"gold_loss":0},{"cards_removed":["champ:DancingMaster"],"damage_healed":0,"gold_gain":0,"player_choice":"Removed Power","damage_taken":0,"max_hp_gain":0,"max_hp_loss":0,"event_name":"Falling","floor":37,"gold_loss":0}],"is_beta":false,"boss_relics":[{"not_picked":["Calling Bell","SlaversCollar"],"picked":"champ:ChampionCrownUpgraded"},{"not_picked":["Runic Dome","Snecko Eye"],"picked":"Cursed Key"}],"items_purged_floors":[40,46],"is_endless":false,"potions_floor_spawned":[2,10,12,14,16,19,23,26,27,33,39,42,44,45,48],"ascension_level":5}}