{"host":"t57cmx9i4dws44v8","time":1610462390,"event":{"mods":["BaseMod","Hermit","Minty Spire (QoL Compilation)","StSLib","The Servant 0.9.4"],"gold_per_floor":[12,25,25,40,50,50,78,78,102,135,151,170,245,245,245,346,346,365,384,413,263,273,273,273,273],"floor_reached":24,"playtime":1380,"items_purged":[],"score":208,"play_id":"f37d952b-3872-4972-b33c-797ec7e6b013","local_time":"20210112223950","is_ascension_mode":false,"campfire_choices":[{"data":"hermit:HighNoon","floor":6.0,"key":"SMITH"},{"floor":15,"key":"REST"},{"floor":23,"key":"REST"}],"circlet_count":0,"master_deck":["hermit:Strike_Hermit","hermit:Strike_Hermit","hermit:Strike_Hermit","hermit:Strike_Hermit","hermit:Defend_Hermit","hermit:Defend_Hermit","hermit:Defend_Hermit","hermit:Defend_Hermit","hermit:Snapshot","hermit:Covet","hermit:HighNoon+1","hermit:Coalescence","hermit:Deadeye","hermit:ItchyTrigger","hermit:BodyArmor","hermit:Vantage","hermit:HighCaliber","hermit:TrackingShot+1","hermit:OverwhelmingPower"],"relics":["hermit:Momento","Juzu Bracelet","Akabeko","Strawberry","hermit:RyeStalk","Cursed Key","Red Mask"],"acts_visited":["Exordium","TheCity"],"potions_floor_usage":[16,16,18,24],"damage_taken":[{"damage":0.0,"enemies":"Cultist","floor":1.0,"turns":3.0},{"damage":3.0,"enemies":"Small Slimes","floor":2.0,"turns":5.0},{"damage":6.0,"enemies":"Jaw Worm","floor":4.0,"turns":4.0},{"damage":9.0,"enemies":"Looter","floor":5.0,"turns":4.0},{"damage":20.0,"enemies":"Gremlin Nob","floor":7.0,"turns":5.0},{"damage":22,"enemies":"3 Sentries","floor":10,"turns":6},{"damage":0,"enemies":"3 Louse","floor":11,"turns":4},{"damage":4,"enemies":"Exordium Wildlife","floor":12,"turns":4},{"damage":55,"enemies":"Hexaghost","floor":16,"turns":12},{"damage":15,"enemies":"2 Thieves","floor":18,"turns":5},{"damage":3,"enemies":"Chosen","floor":19,"turns":5},{"damage":46,"enemies":"Masked Bandits","floor":20,"turns":7},{"damage":12,"enemies":"Centurion and Healer","floor":22,"turns":5},{"damage":72,"enemies":"Gremlin Leader","floor":24,"turns":8}],"seed_played":"3237730421659603564","potions_obtained":[{"floor":3.0,"key":"FairyPotion"},{"floor":3.0,"key":"Block Potion"},{"floor":3.0,"key":"Explosive Potion"},{"floor":7.0,"key":"Fire Potion"},{"floor":16,"key":"Fruit Juice"},{"floor":20,"key":"SteroidPotion"},{"floor":22,"key":"PowerPotion"}],"is_trial":false,"path_per_floor":["M","M","?","M","M","R","E","?","T","E","M","M","?","T","R","B",null,"M","M","?","$","M","R","E"],"character_chosen":"HERMIT","items_purchased":["hermit:OverwhelmingPower"],"campfire_rested":2,"item_purchase_floors":[21],"current_hp_per_floor":[75,72,72,66,57,57,37,62,62,47,47,43,32,32,56,6,87,72,69,23,23,11,37,0,0],"gold":273,"neow_bonus":"THREE_RARE_CARDS","is_daily":false,"chose_seed":false,"campfire_upgraded":1,"win_rate":0.0,"timestamp":1610462390,"path_taken":["M","M","?","M","M","R","E","?","T","E","M","M","?","?","R","BOSS","M","M","?","$","M","R","E"],"items_purchased_type":["Card"],"build_version":"2020-12-22","purchased_purges":0,"victory":false,"max_hp_per_floor":[75,75,75,75,75,75,75,75,75,82,82,82,82,82,82,87,87,87,87,87,87,87,87,87,87],"card_choices":[{"not_picked":["hermit:FatalDesire","hermit:Magnum"],"picked":"hermit:HighNoon","floor":0.0},{"not_picked":["hermit:Feint","hermit:Gestalt"],"picked":"hermit:Coalescence","floor":1.0},{"not_picked":["hermit:Determination","hermit:TakeAim"],"picked":"hermit:Deadeye","floor":2.0},{"not_picked":["hermit:FlashPowder","hermit:WideOpen"],"picked":"hermit:ItchyTrigger","floor":4.0},{"not_picked":["hermit:LuckOfTheDraw","hermit:Grudge"],"picked":"hermit:BodyArmor","floor":5.0},{"not_picked":["hermit:ShadowCloak","hermit:Determination","hermit:Midnight"],"picked":"SKIP","floor":7.0},{"not_picked":["hermit:HoleUp","hermit:LuckOfTheDraw"],"picked":"hermit:Vantage","floor":10},{"not_picked":["hermit:Midnight","hermit:Manifest","hermit:LuckOfTheDraw"],"picked":"SKIP","floor":11},{"not_picked":["hermit:Manifest","hermit:TrackingShot"],"picked":"hermit:HighCaliber","floor":12},{"not_picked":["hermit:SprayPray+1","hermit:Desperado","hermit:CalledShot+1"],"picked":"SKIP","floor":18},{"not_picked":["hermit:WideOpen+1","hermit:Coalescence","hermit:Misfire"],"picked":"SKIP","floor":19},{"not_picked":["hermit:Quickdraw","hermit:TakeAim"],"picked":"hermit:TrackingShot+1","floor":20},{"not_picked":["hermit:EyeOfTheStorm","hermit:Glare","hermit:LoneWolf"],"picked":"SKIP","floor":22}],"player_experience":1018408,"relics_obtained":[{"floor":7.0,"key":"Juzu Bracelet"},{"floor":9,"key":"Akabeko"},{"floor":10,"key":"Strawberry"},{"floor":14,"key":"hermit:RyeStalk"},{"floor":20,"key":"Red Mask"}],"event_choices":[{"damage_healed":0.0,"max_hp_gain":0.0,"max_hp_loss":0.0,"gold_gain":0.0,"event_name":"Lab","player_choice":"Got Potions","floor":3.0,"gold_loss":0.0,"damage_taken":0.0},{"damage_healed":25,"gold_gain":0,"player_choice":"Banana","damage_taken":0,"max_hp_gain":0,"max_hp_loss":0,"event_name":"Big Fish","floor":8,"gold_loss":0},{"damage_healed":0,"gold_gain":75,"player_choice":"Gather Gold","damage_taken":11,"max_hp_gain":0,"max_hp_loss":0,"event_name":"World of Goop","floor":13,"gold_loss":0},{"damage_healed":0,"gold_gain":0,"player_choice":"Fought Bandits","damage_taken":0,"max_hp_gain":0,"max_hp_loss":0,"event_name":"Masked Bandits","floor":20,"gold_loss":0}],"is_beta":false,"boss_relics":[{"not_picked":["Pandora\u0027s Box","Tiny House"],"picked":"Cursed Key"}],"items_purged_floors":[],"is_endless":false,"potions_floor_spawned":[4,7,11,16,20,22],"killed_by":"Gremlin Leader","ascension_level":0}}