{"host":"fjaupvxe7fzqrf4j","time":1610428997,"event":{"mods":["ATMod(°¢èªMod)","BaseMod","Minty Spire (QoL Compilation)","StSLib"],"gold_per_floor":[111,111,131,151,151,183,183,210,245,287,334,376,418,458,470,558,570,598,610,157,157,157,186,216,253,253,253,253],"floor_reached":27,"playtime":660,"items_purged":[],"score":946,"play_id":"ac73c63e-bfe7-488f-a3b1-ed546914ceb6","local_time":"20210112132317","daily_mods":["SealedDeck","Heirloom","Time Dilation","Flight","Elite Swarm"],"is_ascension_mode":true,"campfire_choices":[{"data":"Tantrum","floor":7.0,"key":"SMITH"},{"data":"1","floor":15.0,"key":"LIFT"}],"circlet_count":0,"master_deck":["AscendersBane","Halt+1","EmptyFist+1","Prostrate+1","Pray","Indignation+1","AT_ChampionStep+1","Tantrum+1","BowlingBash","TalkToTheHand+1","LessonLearned+1","MasterReality+1","TalkToTheHand","Ragnarok"],"relics":["PureWater","AT_ATBox","Peace Pipe","Ornamental Fan","MawBank","Orichalcum","Akabeko","Vajra","Ice Cream","Juzu Bracelet","Girya","Runic Pyramid","CeramicFish","Potion Belt","ClockworkSouvenir","The Courier","Nunchaku","AT_ImmortalShieldbow"],"acts_visited":["Exordium","TheCity"],"potions_floor_usage":[],"damage_taken":[{"damage":0.0,"enemies":"Small Slimes","floor":1.0,"turns":1.0},{"damage":0.0,"enemies":"Cultist","floor":3.0,"turns":3.0},{"damage":12.0,"enemies":"2 Louse","floor":4.0,"turns":2.0},{"damage":16.0,"enemies":"Gremlin Nob","floor":6.0,"turns":3.0},{"damage":11.0,"enemies":"3 Sentries","floor":8.0,"turns":4.0},{"damage":0.0,"enemies":"Lagavulin","floor":10.0,"turns":3.0},{"damage":0.0,"enemies":"3 Sentries","floor":11.0,"turns":3.0},{"damage":0.0,"enemies":"Gremlin Nob","floor":12.0,"turns":2.0},{"damage":0.0,"enemies":"3 Sentries","floor":13.0,"turns":4.0},{"damage":4.0,"enemies":"Gremlin Nob","floor":14.0,"turns":3.0},{"damage":0.0,"enemies":"Hexaghost","floor":16.0,"turns":3.0},{"damage":0.0,"enemies":"Spheric Guardian","floor":18.0,"turns":2.0},{"damage":18.0,"enemies":"Book of Stabbing","floor":23.0,"turns":3.0},{"damage":10.0,"enemies":"Slavers","floor":24.0,"turns":3.0},{"damage":10.0,"enemies":"Book of Stabbing","floor":25.0,"turns":2.0},{"damage":0,"enemies":"Slavers","floor":27,"turns":1}],"seed_played":"-4192721053005671173","potions_obtained":[{"floor":3.0,"key":"Weak Potion"},{"floor":4.0,"key":"Energy Potion"},{"floor":14.0,"key":"AttackPotion"},{"floor":16.0,"key":"SkillPotion"}],"is_trial":true,"path_per_floor":["M","?","M","M","?","E","R","E","T","E","E","E","E","E","R","B",null,"M","?","$","?","$","E","E","E","T","E"],"character_chosen":"WATCHER","items_purchased":["Potion Belt","ClockworkSouvenir","DuplicationPotion","Strength Potion"],"campfire_rested":0,"item_purchase_floors":[20,20,20,20],"current_hp_per_floor":[61,66,66,54,54,38,38,27,27,27,27,27,27,23,23,23,57,57,57,57,57,57,39,29,19,19,19,19],"gold":253,"neow_bonus":"","is_daily":false,"chose_seed":false,"campfire_upgraded":1,"win_rate":0.0,"timestamp":1610428997,"path_taken":["M","?","M","?","?","E","R","E","T","E","E","E","E","E","R","BOSS","M","?","$","?","$","E","E","E","T","E"],"items_purchased_type":["Relic","Relic","Potion","Potion"],"build_version":"2020-12-22","purchased_purges":0,"victory":false,"max_hp_per_floor":[68,68,68,68,68,68,68,68,68,68,68,68,68,68,68,68,68,68,68,68,68,68,68,68,68,68,68,68],"card_choices":[{"not_picked":["CutThroughFate","SashWhip","FlyingSleeves"],"picked":"SKIP","floor":1.0},{"not_picked":["ThirdEye","JustLucky","Evaluate"],"picked":"SKIP","floor":3.0},{"not_picked":["WindmillStrike","Evaluate","AT_RealFormLess"],"picked":"SKIP","floor":4.0},{"not_picked":["Judgement","DevaForm"],"picked":"LessonLearned","floor":6.0},{"not_picked":["Omniscience","Vault","Blasphemy"],"picked":"SKIP","floor":8.0},{"not_picked":["AT_ChampionKick","ConjureBlade","LessonLearned"],"picked":"SKIP","floor":10.0},{"not_picked":["ConjureBlade","AT_IrregularMenstruation","AT_MachinaRedman"],"picked":"SKIP","floor":11.0},{"not_picked":["Wish","AT_RealColorLess","SpiritShield"],"picked":"SKIP","floor":12.0},{"not_picked":["Establishment","Judgement","Blasphemy"],"picked":"SKIP","floor":13.0},{"not_picked":["Devotion","Judgement","DevaForm"],"picked":"SKIP","floor":14.0},{"not_picked":["Vault","Judgement"],"picked":"MasterReality","floor":16.0},{"not_picked":["FollowUp","Protect"],"picked":"TalkToTheHand","floor":18.0},{"not_picked":["Judgement","MasterReality","ConjureBlade"],"picked":"SKIP","floor":23.0},{"not_picked":["DevaForm","AT_RealColorLess","Judgement"],"picked":"SKIP","floor":24.0},{"not_picked":["Devotion","AT_IrregularMenstruation"],"picked":"Ragnarok","floor":25.0}],"player_experience":405939,"relics_obtained":[{"floor":6.0,"key":"Ornamental Fan"},{"floor":8.0,"key":"MawBank"},{"floor":9.0,"key":"Orichalcum"},{"floor":10.0,"key":"Akabeko"},{"floor":11.0,"key":"Vajra"},{"floor":12.0,"key":"Ice Cream"},{"floor":13.0,"key":"Juzu Bracelet"},{"floor":14.0,"key":"Girya"},{"floor":19.0,"key":"CeramicFish"},{"floor":23.0,"key":"The Courier"},{"floor":24.0,"key":"Nunchaku"},{"floor":25.0,"key":"AT_ImmortalShieldbow"}],"event_choices":[{"cards_removed":["Crescendo"],"damage_healed":5.0,"max_hp_gain":0.0,"max_hp_loss":0.0,"gold_gain":0.0,"event_name":"Bonfire Elementals","player_choice":"Offered Common","floor":2.0,"gold_loss":0.0,"damage_taken":0.0},{"cards_removed":["Crescendo"],"damage_healed":5.0,"max_hp_gain":0.0,"max_hp_loss":0.0,"gold_gain":0.0,"event_name":"Bonfire Elementals","player_choice":"Offered Special","floor":2.0,"gold_loss":0.0,"damage_taken":0.0},{"damage_healed":0.0,"max_hp_gain":0.0,"max_hp_loss":0.0,"gold_gain":0.0,"event_name":"Golden Wing","player_choice":"Ignored","floor":5.0,"gold_loss":0.0,"damage_taken":0.0},{"damage_healed":0.0,"max_hp_gain":0.0,"max_hp_loss":0.0,"gold_gain":0.0,"event_name":"Wheel of Change","player_choice":"Relic","floor":19.0,"gold_loss":0.0,"damage_taken":0.0},{"damage_healed":0.0,"max_hp_gain":0.0,"max_hp_loss":0.0,"gold_gain":0.0,"event_name":"The Mausoleum","player_choice":"Ignored","floor":21.0,"gold_loss":0.0,"damage_taken":0.0}],"is_beta":false,"boss_relics":[{"not_picked":["Ectoplasm","Cursed Key"],"picked":"Runic Pyramid"}],"items_purged_floors":[],"is_endless":false,"potions_floor_spawned":[3,4,8,14,16,18,23],"killed_by":"Slavers","ascension_level":20}}