{"host":"z9grmtg2w0nmz8n1","time":1610415463,"event":{"mods":["Aspiration","Bard","BaseMod","Beaked The Cultist","Better Altar","Better Match","Better Note","Better Sensory Stone","Better Skull","Better Third Choice","BetterRewards","CCEM","Colored Map","Conspire","Downfall","GifTheSpireLib","Googly Eyes","Halation","Hermit","Highlight Path","Hubris","Hunter ??","Jedi Mod","Jorbs\u0027s Wanderer Trilogy","Mad Scientist","Marisa????????","Minty Spire (QoL Compilation)","Permanent Neow","Replay The Spire","Shade Mod","Shop Mod","Spicy Shops","StSLib","Stuff the Spire","The Bug Knight","The Construct","The Necromancer","The Runesmith","The Witch"],"gold_per_floor":[111,111,111,126,140,167,167,198,272,289,289,314,314,326,326,425,425,435,122,122,140,140,11,30,61,61,86,100,115,115,52,52,149,149,159,159,34,34,51,77,77,106,106,126,126,126,139,139,139,139,139,139,64,99,99,99],"floor_reached":55,"playtime":2621,"items_purged":["Pain","Strike_R","Strike_R"],"score":768,"play_id":"212f4b11-096c-4190-8302-5d1b39909ce9","local_time":"20210111233743","is_ascension_mode":true,"campfire_choices":[{"floor":7,"key":"RECALL"},{"floor":11,"key":"REST"},{"floor":15,"key":"REST"},{"data":"Combust","floor":32,"key":"SMITH"},{"floor":41,"key":"REST"},{"data":"Inflame","floor":45,"key":"SMITH"},{"data":"Bloodletting","floor":49,"key":"SMITH"},{"data":"Armaments","floor":52,"key":"SMITH"}],"circlet_count":0,"master_deck":["Strike_R","Strike_R+1","Defend_R","Defend_R","Defend_R","Defend_R","Bash","Cleave","Bloodletting+1","Combust+1","Flex","Pot Of Greed","Pot Of Greed","Sword Boomerang","Inflame+1","Armaments+1","Rupture+1","jedi:collectorstrike","Clash","StuffTheSpire:Rapture"],"relics":["Burning Blood","NeowsBlessing","halation:PinkSoulGem","Champion Belt","CCEMRelics:PorcelainBowl","WarpedTongs","hubris:VirtuousBlindfold","Membership Card","Centennial Puzzle","MutagenicStrength","Vajra","Anchor","CCEMRelics:SpiritsEdge","Happy Flower","Empty Cage","Letter Opener","jedi:arcanewood","HollowMod:PaleOreRelic","StuffTheSpire:MayFlowers","Replay:Kaleidoscope","hubris:Towel","ClockworkSouvenir","Bronze Scales"],"acts_visited":["Exordium","TheCity","TheBeyond","TheEnding"],"potions_floor_usage":[6,6,10,40,42,55,55,55],"damage_taken":[{"damage":0,"enemies":"Small Slimes","floor":1,"turns":1},{"damage":0,"enemies":"2 Louse","floor":4,"turns":1},{"damage":0,"enemies":"Cultist","floor":5,"turns":1},{"damage":33,"enemies":"Gremlin Nob","floor":6,"turns":4},{"damage":39,"enemies":"Lagavulin","floor":8,"turns":4},{"damage":9,"enemies":"2 Fungi Beasts","floor":10,"turns":3},{"damage":28,"enemies":"HollowMod:MossKnight","floor":12,"turns":7},{"damage":3,"enemies":"Red Slaver","floor":14,"turns":2},{"damage":7,"enemies":"Slime Boss","floor":16,"turns":3},{"damage":27,"enemies":"3 Byrds","floor":18,"turns":4},{"damage":6,"enemies":"3 Cultists","floor":21,"turns":3},{"damage":5,"enemies":"Snecko","floor":24,"turns":3},{"damage":4,"enemies":"Gremlin Leader","floor":25,"turns":5},{"damage":24,"enemies":"conspire:SneckoGhost","floor":27,"turns":4},{"damage":1,"enemies":"Chosen and Byrds","floor":28,"turns":3},{"damage":5,"enemies":"Cultist and Chosen","floor":29,"turns":3},{"damage":30,"enemies":"Automaton","floor":33,"turns":6},{"damage":10,"enemies":"3 Darklings","floor":35,"turns":3},{"damage":3,"enemies":"Orb Walker","floor":39,"turns":2},{"damage":24,"enemies":"Nemesis","floor":40,"turns":3},{"damage":6,"enemies":"HollowMod:StalkingDevout","floor":42,"turns":3},{"damage":6,"enemies":"Jaw Worm Horde","floor":44,"turns":3},{"damage":5,"enemies":"Sphere and 2 Shapes","floor":47,"turns":3},{"damage":71,"enemies":"Replay:Hell Engine","floor":50,"turns":7},{"damage":6,"enemies":"Shield and Spear","floor":54,"turns":3},{"damage":81,"enemies":"The Heart","floor":55,"turns":3}],"seed_played":"5610183901977470043","potions_obtained":[{"floor":3,"key":"Adrenaline Potion"},{"floor":3,"key":"Swift Potion"},{"floor":3,"key":"FairyPotion"},{"floor":8,"key":"jedi:StrikingPotion"},{"floor":14,"key":"sneckomod:MuddlingPotion"},{"floor":16,"key":"SneckoOil"},{"floor":24,"key":"Elixir"},{"floor":27,"key":"Strength Potion"},{"floor":29,"key":"HeartOfIron"},{"floor":40,"key":"SkillPotion"},{"floor":42,"key":"Milkshake"},{"floor":54,"key":"Adrenaline Potion"}],"is_trial":false,"path_per_floor":["M","?","?","M","M","E","R","E","T","M","R","E","?","M","R","B",null,"M","$","?","M","?","$","M","E","T","E","M","M","?","$","R","B",null,"M","?","$","?","M","E","R","E","T","M","R","?","M","?","R","B",null,"R","$","E","B"],"character_chosen":"IRONCLAD","items_purchased":["Inflame","Membership Card","Centennial Puzzle","Vajra","Letter Opener","ClockworkSouvenir"],"campfire_rested":3,"item_purchase_floors":[19,19,19,23,37,53],"current_hp_per_floor":[80,80,80,80,80,53,53,20,20,17,41,19,19,22,46,45,80,59,59,59,59,80,80,80,80,80,62,67,68,68,68,68,44,80,76,80,80,49,52,34,58,58,58,58,58,58,59,59,59,30,80,80,80,80,0,0],"gold":99,"neow_bonus":"THREE_ENEMY_KILL","is_daily":false,"chose_seed":false,"campfire_upgraded":4,"win_rate":0.0,"timestamp":1610415463,"path_taken":["M","?","?","M","?","E","R","E","T","M","R","E","?","M","R","BOSS","M","$","?","M","?","?","M","E","T","E","?","M","?","$","R","BOSS","M","?","$","?","M","E","R","E","T","M","?","?","?","?","R","BOSS","R","$","E","BOSS"],"items_purchased_type":["Card","Relic","Relic","Relic","Relic","Relic"],"build_version":"2020-12-22","purchased_purges":3,"victory":false,"max_hp_per_floor":[80,80,80,80,80,80,80,80,80,80,80,80,80,80,80,80,80,80,80,80,80,80,80,80,80,80,80,80,80,80,80,80,80,80,80,80,80,80,80,80,80,80,80,80,80,80,80,80,80,80,80,80,80,80,80,80],"card_choices":[{"not_picked":["StuffTheSpire:Incineration","Body Slam"],"picked":"Cleave","floor":1},{"not_picked":["ReplayTheSpireMod:Corrosion Curse","Dual Wield"],"picked":"Bloodletting","floor":4},{"not_picked":["jedi:controlledanger","Burning Pact"],"picked":"Combust","floor":5},{"not_picked":["Eclipse","Searing Blow"],"picked":"Flex","floor":6},{"not_picked":["True Grit","Anger"],"picked":"Sword Boomerang","floor":8},{"not_picked":["Headbutt","Warcry","Dual Wield"],"picked":"SKIP","floor":10},{"not_picked":["hubris:ReadiedAction","Whirlwind"],"picked":"Perfected Strike","floor":12},{"not_picked":["conspire:ExplosiveBarrier","ReplayTheSpireMod:Strike From Hell","Sword Boomerang"],"picked":"SKIP","floor":14},{"not_picked":["StuffTheSpire:Slingshot","jedi:suffering","Perfected Strike"],"picked":"SKIP","floor":18},{"not_picked":["Warcry+1","Wild Strike","Seeing Red"],"picked":"SKIP","floor":21},{"not_picked":["Run Through+1","Sword Boomerang"],"picked":"Armaments","floor":24},{"not_picked":["True Grit","Second Wind"],"picked":"Rupture+1","floor":25},{"not_picked":["hubris:ReadiedAction","jedi:fear+1","jedi:suffering"],"picked":"SKIP","floor":27},{"not_picked":["ReplayTheSpireMod:Strike From Hell","Immolate"],"picked":"jedi:collectorstrike","floor":28},{"not_picked":["Pommel Strike","Sword Boomerang"],"picked":"Clash","floor":29},{"not_picked":["StuffTheSpire:Brawn","StuffTheSpire:BrainWave"],"picked":"StuffTheSpire:Rapture","floor":30},{"not_picked":["Barricade","Berserk"],"picked":"jedi:collectorstrike","floor":33},{"not_picked":["Replay:Undeath\u0027s Touch+1","True Grit"],"picked":"jedi:collectorstrike","floor":35},{"not_picked":["StuffTheSpire:Incineration","Combust+1"],"picked":"jedi:collectorstrike","floor":39},{"not_picked":["Perfected Strike+1","Feel No Pain"],"picked":"jedi:collectorstrike","floor":40},{"not_picked":["Twin Strike+1","Entrench+1"],"picked":"jedi:collectorstrike","floor":42},{"not_picked":["jedi:MakeshiftSword+1","jedi:fear+1"],"picked":"jedi:collectorstrike","floor":44},{"not_picked":["Life Link+1","Anger"],"picked":"jedi:collectorstrike","floor":47},{"not_picked":["Anger","Intimidate"],"picked":"jedi:collectorstrike","floor":54}],"player_experience":841513,"relics_obtained":[{"floor":6,"key":"Champion Belt"},{"floor":8,"key":"Grinning Jar"},{"floor":12,"key":"CCEMRelics:PorcelainBowl"},{"floor":25,"key":"Anchor"},{"floor":26,"key":"CCEMRelics:SpiritsEdge"},{"floor":27,"key":"Happy Flower"},{"floor":40,"key":"HollowMod:PaleOreRelic"},{"floor":42,"key":"StuffTheSpire:MayFlowers"},{"floor":43,"key":"Replay:Kaleidoscope"},{"floor":54,"key":"Bronze Scales"}],"event_choices":[{"damage_healed":0,"gold_gain":0,"player_choice":"Got Potions","damage_taken":0,"max_hp_gain":0,"max_hp_loss":0,"event_name":"Lab","floor":3,"gold_loss":0},{"damage_healed":0,"gold_gain":0,"player_choice":"Rummage","damage_taken":0,"relics_obtained":["WarpedTongs"],"max_hp_gain":0,"max_hp_loss":0,"event_name":"Accursed Blacksmith","floor":13,"gold_loss":0,"cards_obtained":["Pain"]},{"damage_healed":0,"gold_gain":0,"player_choice":"Inject Mutagens","damage_taken":0,"relics_obtained":["MutagenicStrength"],"max_hp_gain":0,"max_hp_loss":0,"event_name":"Drug Dealer","floor":20,"gold_loss":0},{"damage_healed":26,"gold_gain":0,"player_choice":"Heal","damage_taken":0,"max_hp_gain":0,"max_hp_loss":0,"event_name":"The Library","floor":22,"gold_loss":0},{"damage_healed":0,"gold_gain":0,"player_choice":"RE UP ","damage_taken":35,"relics_obtained":["jedi:arcanewood"],"max_hp_gain":0,"max_hp_loss":0,"event_name":"betterSkull:BetterSkull","floor":38,"gold_loss":0,"cards_upgraded":["Strike_R"]},{"damage_healed":0,"gold_gain":0,"player_choice":"Copied","damage_taken":0,"max_hp_gain":0,"max_hp_loss":0,"event_name":"Duplicator","floor":48,"gold_loss":0,"cards_obtained":["jedi:collectorstrike"]}],"is_beta":false,"boss_relics":[{"not_picked":["Pandora\u0027s Box","hubris:CrackedHourglass"],"picked":"hubris:VirtuousBlindfold"},{"not_picked":["halation:Prosthetics","hubris:ScarierMask"],"picked":"Empty Cage"}],"items_purged_floors":[19,23,31],"is_endless":false,"potions_floor_spawned":[4,5,8,14,16,24,27,29,33,40,42,54],"killed_by":"The Heart","ascension_level":1}}