{"host":"4xbawe663uhw4m9s","time":1610485148,"event":{"mods":["Act Like it!","Bard","BaseMod","Beaked The Cultist","Better Third Choice","BetterRewards","CCEM","Conspire","Downfall","GifTheSpireLib","Halation","Hallownest","Hermit","Hubris","Hunter ??","Infinite Spire","Jedi Mod","Jorbs\u0027s Wanderer Trilogy","Mad Scientist","Marisa????????","Mimic Mod","Minty Spire (QoL Compilation)","Permanent Neow","Replay The Spire","Shade Mod","Shop Mod","Spicy Shops","StSLib","Stuff the Spire","The Administrix","The Animator","The Bug Knight","The Construct","The Cursed","The Disciple","The Gatherer","The Hierophant","The Jungle","The Mystic","The Problem Sleuth","The Runesmith","The Servant 0.9.4","The Spell Scribe","The Witch"],"gold_per_floor":[115,62,62,73,73,73,103,121,175,175,71,84,84,54,54,153,153,172,172,187,202,72,72,90,90,90,90,90],"floor_reached":27,"playtime":1637,"items_purged":[],"score":231,"play_id":"1e333def-c002-4f3e-90ea-762b74606cce","local_time":"20210112215908","is_ascension_mode":false,"campfire_choices":[{"data":"Runesmith:Repurpose","floor":6,"key":"SMITH"},{"data":"Runesmith:Fortify","floor":10,"key":"SMITH"},{"floor":13,"key":"REST"},{"floor":23,"key":"REST"}],"circlet_count":0,"master_deck":["Runesmith:Strike_RS","Runesmith:Strike_RS","Runesmith:Strike_RS","Runesmith:Strike_RS","Runesmith:Defend_RS","Runesmith:Defend_RS","Runesmith:Defend_RS","Runesmith:CraftFirestone","Runesmith:Fortify+1","Runesmith:LithiumIon","Runesmith:Repurpose+1","Runesmith:CraftMagma","Regret","Runesmith:HeatedChisel","Runesmith:LithiumIon","Runesmith:Permafrost","Runesmith:CraftProtectio+1","Runesmith:EarthShield","Runesmith:CraftProtectio","Runesmith:MetallurgicalResearch","infinitespire:Oblivion","Runesmith:CraftIncendium","Runesmith:Firestorm","Runesmith:Firestorm","Runesmith:GenerateForcefield"],"relics":["Runesmith:BrokenRuby","StuffTheSpire:RedRose","StuffTheSpire:Barrel","Bag of Marbles","Velvet Choker","halation:AfternoonTea","Replay:WaspNest"],"acts_visited":["Exordium","Exordium"],"potions_floor_usage":[25],"damage_taken":[{"damage":1,"enemies":"Small Slimes","floor":1,"turns":4},{"damage":2,"enemies":"2 Louse","floor":4,"turns":4},{"damage":17,"enemies":"HollowMod:MossKnight","floor":7,"turns":6},{"damage":13,"enemies":"Jaw Worm","floor":8,"turns":3},{"damage":14,"enemies":"conspire:2 RoseBushes","floor":12,"turns":5},{"damage":12,"enemies":"Looter","floor":14,"turns":4},{"damage":22,"enemies":"Fading Forest","floor":16,"turns":11},{"damage":8,"enemies":"theJungle:5_Spyders","floor":18,"turns":8},{"damage":16,"enemies":"theJungle:MUSHROOMGANG","floor":20,"turns":4},{"damage":25,"enemies":"theJungle:JungleHuntersEncounter","floor":21,"turns":6},{"damage":48,"enemies":"theJungle:2_Snecko_Cultists","floor":24,"turns":5},{"damage":5,"enemies":"theJungle:Cassacara","floor":25,"turns":3},{"damage":10,"enemies":"theJungle:Lyon","floor":27,"turns":2}],"seed_played":"-3978507313762573204","potions_obtained":[{"floor":1,"key":"sneckomod:MuddlingPotion"},{"floor":7,"key":"Cursed Concoction"},{"floor":12,"key":"SmokeBomb"}],"is_trial":false,"path_per_floor":["M","$","?","M","?","R","E","M","T","R","$","M","R","M","R","B",null,"M","AVR","M","M","$","R","M","E","T","M"],"character_chosen":"RUNESMITH_CLASS","items_purchased":["Runesmith:CraftMagma","Runesmith:Permafrost","Runesmith:CraftProtectio+1","Runesmith:Firestorm","halation:AfternoonTea"],"campfire_rested":2,"item_purchase_floors":[2,11,11,22,22],"current_hp_per_floor":[69,69,69,67,72,72,55,42,42,42,42,28,50,38,38,36,75,67,67,51,26,26,48,14,9,9,0,0],"gold":90,"neow_bonus":"RANDOM_EVENT","is_daily":false,"chose_seed":false,"campfire_upgraded":2,"win_rate":0.0,"timestamp":1610485148,"path_taken":["M","$","?","M","?","R","E","M","T","R","$","?","R","M","R","BOSS","M","AVR","M","?","$","R","M","E","T","M"],"items_purchased_type":["Card","Card","Card","Card","Relic"],"build_version":"2020-12-22","purchased_purges":0,"victory":false,"max_hp_per_floor":[70,70,70,70,75,75,75,75,75,75,75,75,75,75,75,75,75,75,75,75,75,75,75,75,75,75,75,75],"card_choices":[{"not_picked":["Runesmith:MakeshiftArmor","Runesmith:GoWithTheFlow"],"picked":"Runesmith:Repurpose","floor":1},{"not_picked":["Runesmith:HammerThrow","Runesmith:Repurpose"],"picked":"Runesmith:HeatedChisel","floor":4},{"not_picked":["Runesmith:Prism","Runesmith:ChargedHammer"],"picked":"Runesmith:LithiumIon","floor":7},{"not_picked":["Runesmith:ElementalConversion","Runesmith:ShiftingStrike","Runesmith:RuneHurl"],"picked":"SKIP","floor":8},{"not_picked":["Runesmith:Repurpose","Runesmith:HeatExchange","Runesmith:Grindstone"],"picked":"SKIP","floor":12},{"not_picked":["Runesmith:OneForEveryone","Runesmith:Prism"],"picked":"Runesmith:EarthShield","floor":14},{"not_picked":["Runesmith:GenerateForcefield","Runesmith:CreatorForm"],"picked":"Runesmith:MetallurgicalResearch","floor":16},{"not_picked":["Runesmith:Repurpose","Runesmith:CraftProtectio","Runesmith:EnergizedChisel"],"picked":"SKIP","floor":18},{"not_picked":["Runesmith:UnstableHammer+1","Runesmith:StaticCage"],"picked":"Runesmith:CraftIncendium","floor":20},{"not_picked":["Runesmith:ChiselStab+1","Runesmith:UnstableHammer","Runesmith:ShiftingStrike"],"picked":"SKIP","floor":21},{"not_picked":["Runesmith:MakeshiftArmor","Runesmith:HeatedChisel"],"picked":"Runesmith:GenerateForcefield","floor":24}],"player_experience":4563,"relics_obtained":[{"floor":7,"key":"StuffTheSpire:Barrel"},{"floor":9,"key":"Bag of Marbles"},{"floor":26,"key":"Replay:WaspNest"}],"event_choices":[{"damage_healed":0,"gold_gain":0,"player_choice":"Donut","damage_taken":0,"max_hp_gain":5,"max_hp_loss":0,"event_name":"Big Fish","floor":5,"gold_loss":0}],"is_beta":false,"boss_relics":[{"not_picked":["Astrolabe","construct:WeddingRing"],"picked":"Velvet Choker"}],"items_purged_floors":[],"is_endless":false,"potions_floor_spawned":[1,7,12,18,24],"killed_by":"theJungle:Lyon","ascension_level":0}}