{"host":"97k3n5kp0psabqmo","time":1610478014,"event":{"mods":["BaseMod","Colored Powertips","Ekko","Hubris","Minty Spire (QoL Compilation)","Replay The Spire","StSLib","The Wild Card"],"gold_per_floor":[212,19,19,38,62,62,88,88,88,88,120,45,45,57,57,159,159,173,173,173,17,17,17],"floor_reached":22,"language":"ENG","playtime":1209,"items_purged":["Strike_R"],"score":178,"play_id":"180e85ab-8fbd-458b-a90f-dfe7d48d14f9","local_time":"20210112140014","is_ascension_mode":false,"campfire_choices":[{"data":"Fire Breathing","floor":6.0,"key":"SMITH"},{"data":"Flame Barrier","floor":10.0,"key":"SMITH"},{"data":"Seeing Red","floor":15.0,"key":"SMITH"},{"data":"Power Through","floor":15.0,"key":"SMITH"}],"circlet_count":0,"master_deck":["Strike_R","Strike_R","Strike_R","Strike_R","Defend_R","Defend_R+1","Defend_R+1","Bash","Seeing Red+1","Cleave","Iron Wave","Fire Breathing+1","Flame Barrier+1","Pain","ReplayTheSpireMod:Splinters","hubris:CleavingFinish","Power Through+1","Berserk","ReplayTheSpireMod:Strike From Hell","Barricade","Reckless Charge"],"relics":["Burning Blood","Juzu Bracelet","War Paint","hubris:ToyBattleship","WarpedTongs","Lantern","Replay:Arrowhead","Ring of Chaos","Charon\u0027s Ashes"],"acts_visited":["Exordium","TheCity"],"potions_floor_usage":[16,20,22],"damage_taken":[{"damage":1.0,"enemies":"Cultist","floor":1.0,"turns":3.0},{"damage":0.0,"enemies":"Small Slimes","floor":4.0,"turns":3.0},{"damage":33.0,"enemies":"Lagavulin","floor":7.0,"turns":8.0},{"damage":8.0,"enemies":"Jaw Worm","floor":14.0,"turns":2.0},{"damage":19,"enemies":"Fading Forest","floor":16,"turns":11},{"damage":26,"enemies":"2 Thieves","floor":18,"turns":4},{"damage":32,"enemies":"Spheric Guardian","floor":22,"turns":5}],"seed_played":"-6995310490638795495","potions_obtained":[{"floor":4.0,"key":"Elixir"},{"floor":14.0,"key":"SneckoOil"},{"floor":16,"key":"Energy Potion"},{"floor":18,"key":"BloodPotion"}],"is_trial":false,"path_per_floor":["M","$","?","M","T","R","E","?","T","R","?","$","$","M","R","B",null,"M","T","?","$","M"],"character_chosen":"IRONCLAD","items_purchased":["Juzu Bracelet","Cleave","Barricade","Reckless Charge"],"campfire_rested":0,"item_purchase_floors":[2,2,21,21],"current_hp_per_floor":[80,80,80,80,80,80,53,53,53,53,53,53,53,51,51,38,80,60,60,31,31,0,0],"gold":17,"neow_bonus":"HUNDRED_GOLD","is_daily":false,"chose_seed":false,"campfire_upgraded":4,"win_rate":0.0,"timestamp":1610478014,"path_taken":["M","$","?","M","?","R","E","?","T","R","?","?","$","M","R","BOSS","M","?","?","$","M"],"items_purchased_type":["Relic","Card","Card","Card"],"build_version":"2020-12-22","purchased_purges":1,"victory":false,"max_hp_per_floor":[80,80,80,80,80,80,80,80,80,80,80,80,80,80,80,80,80,80,80,80,80,80,80],"card_choices":[{"not_picked":["Run Through","hubris:ReadiedAction"],"picked":"Seeing Red","floor":1.0},{"not_picked":["Replay:Undeath\u0027s Touch","Inflame"],"picked":"Fire Breathing","floor":4.0},{"not_picked":["Inflame","Thunderclap"],"picked":"Flame Barrier","floor":7.0},{"not_picked":["Battle Trance","Fiend Fire"],"picked":"hubris:CleavingFinish","floor":11.0},{"not_picked":["Warcry","Thunderclap"],"picked":"Power Through","floor":14.0},{"not_picked":["Replay:Many Hands","Demonic Infusion"],"picked":"Berserk","floor":16},{"not_picked":["Sword Boomerang+1","Dropkick"],"picked":"ReplayTheSpireMod:Strike From Hell","floor":18}],"player_experience":23755,"relics_obtained":[{"floor":5.0,"key":"War Paint"},{"floor":7.0,"key":"hubris:ToyBattleship"},{"floor":9.0,"key":"Lantern"},{"floor":11.0,"key":"Replay:Arrowhead"},{"floor":19,"key":"Charon\u0027s Ashes"}],"event_choices":[{"cards_removed":["Defend_R"],"damage_healed":0.0,"max_hp_gain":0.0,"max_hp_loss":0.0,"gold_gain":0.0,"event_name":"NoteForYourself","player_choice":"Took Card","floor":3.0,"gold_loss":0.0,"damage_taken":0.0,"cards_obtained":["Iron Wave"]},{"damage_healed":0.0,"max_hp_gain":0.0,"max_hp_loss":0.0,"gold_gain":0.0,"event_name":"Accursed Blacksmith","player_choice":"Rummage","floor":8.0,"gold_loss":0.0,"damage_taken":0.0,"relics_obtained":["WarpedTongs"],"cards_obtained":["Pain"]}],"is_beta":false,"boss_relics":[{"not_picked":["hubris:BlackHole","Runic Pyramid"],"picked":"Ring of Chaos"}],"items_purged_floors":[12],"is_endless":false,"potions_floor_spawned":[4,14,16,18],"killed_by":"Spheric Guardian","ascension_level":0}}