{"host":"fnk117zi8wf5078t","time":1610429740,"event":{"mods":["AchievementEnabler","BaseMod","Colored Map","Minty Spire (QoL Compilation)","Rare Cards Sparkle","SuperFastMode","everything is the same but u backflip on backflip"],"gold_per_floor":[114,264,279,354,354,386,386,720,720,720,740,219,256,1,1,99,99,156,192,108,108,33,33,33,94,176,176,188,188],"floor_reached":28,"playtime":1230,"items_purged":["Pain","Doubt"],"score":523,"play_id":"766d015a-0d1b-448d-ab54-81a482b589de","local_time":"20210112143540","is_ascension_mode":true,"campfire_choices":[{"data":"Armaments","floor":7.0,"key":"SMITH"},{"floor":15.0,"key":"REST"},{"data":"Dark Embrace","floor":23.0,"key":"SMITH"}],"circlet_count":0,"master_deck":["AscendersBane","Strike_R","Defend_R","Defend_R","Defend_R","Defend_R","Bash","Armaments+1","Shrug It Off","Rage","Rampage","HandOfGreed","Bludgeon","Uppercut","Corruption","Flame Barrier","Barricade","Entrench+1","Intimidate+1","Reaper+1","Battle Trance","Dark Embrace+1","Dual Wield"],"relics":["Burning Blood","NeowsBlessing","Kunai","Old Coin","WarpedTongs","Strawberry","Astrolabe","Bottled Tornado","MawBank"],"acts_visited":["Exordium","TheCity"],"potions_floor_usage":[25],"damage_taken":[{"damage":0.0,"enemies":"Jaw Worm","floor":1.0,"turns":1.0},{"damage":0.0,"enemies":"Small Slimes","floor":3.0,"turns":2.0},{"damage":0.0,"enemies":"Gremlin Nob","floor":6.0,"turns":1.0},{"damage":56.0,"enemies":"3 Sentries","floor":8.0,"turns":15.0},{"damage":9.0,"enemies":"Cultist","floor":11.0,"turns":4.0},{"damage":11.0,"enemies":"Large Slime","floor":13.0,"turns":5.0},{"damage":31.0,"enemies":"The Guardian","floor":16.0,"turns":11.0},{"damage":10.0,"enemies":"3 Byrds","floor":18.0,"turns":6.0},{"damage":12.0,"enemies":"Chosen","floor":19.0,"turns":9.0},{"damage":39,"enemies":"3 Cultists","floor":25,"turns":7},{"damage":9,"enemies":"Snake Plant","floor":28,"turns":2}],"seed_played":"-4789830136054206422","potions_obtained":[{"floor":1.0,"key":"Weak Potion"},{"floor":11.0,"key":"Fire Potion"},{"floor":19.0,"key":"SkillPotion"},{"floor":25,"key":"FearPotion"}],"is_trial":false,"path_per_floor":["M","?","M","?","?","E","R","E","T","?","M","$","M","$","R","B",null,"M","M","$","?","?","R","?","M","T","T","M"],"character_chosen":"IRONCLAD","items_purchased":["Strawberry","HandOfGreed","Bludgeon","Corruption","Flame Barrier","Dark Embrace"],"campfire_rested":1,"item_purchase_floors":[12,12,12,14,14,20],"current_hp_per_floor":[74,74,75,64,69,75,75,25,25,25,22,29,24,24,50,25,72,68,67,67,67,67,67,42,9,9,9,0,0],"gold":188,"neow_bonus":"THREE_ENEMY_KILL","is_daily":false,"chose_seed":false,"campfire_upgraded":2,"win_rate":0.0,"timestamp":1610429740,"path_taken":["M","?","M","?","?","E","R","E","T","?","M","$","?","$","R","BOSS","M","M","$","?","?","R","?","M","T","?","M"],"items_purchased_type":["Relic","Card","Card","Card","Card","Card"],"build_version":"2020-12-22","purchased_purges":2,"victory":false,"max_hp_per_floor":[75,75,75,75,80,80,80,80,80,80,80,87,87,87,87,87,87,87,87,87,87,87,87,92,92,92,92,92,92],"card_choices":[{"not_picked":["Searing Blow","Clash"],"picked":"Armaments","floor":1.0},{"not_picked":["True Grit","Intimidate"],"picked":"Shrug It Off","floor":3.0},{"not_picked":["Twin Strike","Havoc"],"picked":"Rage","floor":6.0},{"not_picked":["Anger","Perfected Strike"],"picked":"Rampage","floor":8.0},{"not_picked":["Anger","Metallicize","True Grit"],"picked":"SKIP","floor":11.0},{"not_picked":["Wild Strike","True Grit"],"picked":"Uppercut","floor":13.0},{"not_picked":["Berserk","Bludgeon"],"picked":"Barricade","floor":16.0},{"not_picked":["Armaments","Cleave"],"picked":"Battle Trance","floor":18.0},{"not_picked":["Havoc+1","Clash","True Grit"],"picked":"SKIP","floor":19.0},{"not_picked":["Sword Boomerang","Twin Strike+1"],"picked":"Dual Wield","floor":25}],"player_experience":382337,"relics_obtained":[{"floor":6.0,"key":"Kunai"},{"floor":8.0,"key":"Old Coin"},{"floor":26,"key":"Bottled Tornado"},{"floor":27,"key":"MawBank"}],"event_choices":[{"damage_healed":0.0,"max_hp_gain":0.0,"max_hp_loss":0.0,"gold_gain":150.0,"event_name":"Liars Game","player_choice":"AGREE","floor":2.0,"gold_loss":0.0,"damage_taken":0.0,"cards_obtained":["Doubt"]},{"damage_healed":0.0,"max_hp_gain":0.0,"max_hp_loss":0.0,"gold_gain":75.0,"event_name":"World of Goop","player_choice":"Gather Gold","floor":4.0,"gold_loss":0.0,"damage_taken":11.0},{"damage_healed":0.0,"max_hp_gain":5.0,"max_hp_loss":0.0,"gold_gain":0.0,"event_name":"Big Fish","player_choice":"Donut","floor":5.0,"gold_loss":0.0,"damage_taken":0.0},{"damage_healed":0.0,"max_hp_gain":0.0,"max_hp_loss":0.0,"gold_gain":0.0,"event_name":"Accursed Blacksmith","player_choice":"Rummage","floor":10.0,"gold_loss":0.0,"damage_taken":0.0,"relics_obtained":["WarpedTongs"],"cards_obtained":["Pain"]},{"damage_healed":0.0,"max_hp_gain":0.0,"max_hp_loss":0.0,"gold_gain":0.0,"event_name":"Vampires","player_choice":"Ignored","floor":21.0,"gold_loss":0.0,"damage_taken":0.0},{"cards_removed":["Strike_R"],"damage_healed":0.0,"max_hp_gain":0.0,"max_hp_loss":0.0,"gold_gain":0.0,"event_name":"Beggar","player_choice":"Gave Gold","floor":22.0,"gold_loss":75.0,"damage_taken":0.0},{"damage_healed":0.0,"max_hp_gain":5.0,"max_hp_loss":0.0,"gold_gain":0.0,"event_name":"Forgotten Altar","player_choice":"Shed Blood","floor":24.0,"gold_loss":0.0,"damage_taken":30.0}],"is_beta":false,"boss_relics":[{"not_picked":["Velvet Choker","Black Blood"],"picked":"Astrolabe"}],"items_purged_floors":[12,14],"is_endless":false,"potions_floor_spawned":[1,11,19,25],"killed_by":"Snake Plant","ascension_level":20}}