{"host":"i0avyit1s6jb1siw","time":1610451691,"event":{"mods":["BaseMod","DeckTracker","Dota2Spire","Highlight Path","Minty Spire (QoL Compilation)","Quick Restart","StSLib","SuperFastMode"],"gold_per_floor":[116,116,57,68,68,98,23,23,50,63,63,81,107,123,123,123,123],"floor_reached":16,"playtime":211,"items_purged":["Strike_G"],"score":270,"play_id":"afc049a8-57cb-439f-b62b-80c91d6baace","local_time":"20210112124131","is_ascension_mode":true,"campfire_choices":[{"data":"Deadly Poison","floor":8,"key":"SMITH"},{"data":"Neutralize","floor":15,"key":"SMITH"}],"circlet_count":0,"master_deck":["AscendersBane","Strike_G","Strike_G","Strike_G","Strike_G","Defend_G","Defend_G","Defend_G","Defend_G","Defend_G","Survivor","Neutralize+1","Dagger Throw","Deadly Poison+1"],"relics":["Ring of the Snake","NeowsBlessing","Bag of Marbles","Happy Flower","The Specimen","Blood Vial","Unceasing Top"],"acts_visited":["Exordium"],"potions_floor_usage":[13,13,13,16],"damage_taken":[{"damage":0,"enemies":"2 Louse","floor":1,"turns":1},{"damage":0,"enemies":"Cultist","floor":4,"turns":1},{"damage":0,"enemies":"3 Sentries","floor":6,"turns":1},{"damage":4,"enemies":"Jaw Worm","floor":10,"turns":2},{"damage":19,"enemies":"Exordium Wildlife","floor":12,"turns":6},{"damage":3,"enemies":"Gremlin Nob","floor":13,"turns":3},{"damage":2,"enemies":"2 Fungi Beasts","floor":14,"turns":3},{"damage":33,"enemies":"The Guardian","floor":16,"turns":5}],"seed_played":"-1780606449990353533","potions_obtained":[{"floor":4,"key":"EntropicBrew"},{"floor":6,"key":"Strength Potion"}],"is_trial":false,"path_per_floor":["M","?","?","M","T","E","$","R","T","M","$","M","E","M","R","B"],"character_chosen":"THE_SILENT","items_purchased":[],"campfire_rested":0,"item_purchase_floors":[],"current_hp_per_floor":[59,48,48,48,48,48,48,48,48,46,46,29,28,28,28,0,0],"gold":123,"neow_bonus":"THREE_ENEMY_KILL","is_daily":false,"chose_seed":false,"campfire_upgraded":2,"win_rate":0.0,"timestamp":1610451691,"path_taken":["M","?","?","?","?","E","?","R","T","M","$","M","E","M","R","BOSS"],"items_purchased_type":[],"build_version":"2020-12-22","purchased_purges":1,"victory":false,"max_hp_per_floor":[66,66,66,66,66,66,66,66,66,66,66,66,66,66,66,66,66],"card_choices":[{"not_picked":["Underhanded Strike","Dodge and Roll"],"picked":"Dagger Throw","floor":1},{"not_picked":["Choke","PiercingWail"],"picked":"Deadly Poison","floor":4},{"not_picked":["All Out Attack","Choke","Deflect"],"picked":"SKIP","floor":6},{"not_picked":["Cloak And Dagger","PiercingWail","Outmaneuver"],"picked":"SKIP","floor":10},{"not_picked":["Underhanded Strike","Quick Slash","Choke"],"picked":"SKIP","floor":12},{"not_picked":["Tools of the Trade","Choke","Accuracy"],"picked":"SKIP","floor":13},{"not_picked":["Distraction","Deadly Poison","Slice"],"picked":"SKIP","floor":14}],"player_experience":2213626,"relics_obtained":[{"floor":6,"key":"The Specimen"},{"floor":9,"key":"Blood Vial"},{"floor":13,"key":"Unceasing Top"}],"event_choices":[{"damage_healed":0,"gold_gain":0,"player_choice":"Success","damage_taken":11,"relics_obtained":["Bag of Marbles"],"max_hp_gain":0,"max_hp_loss":0,"event_name":"Scrap Ooze","floor":2,"gold_loss":0},{"damage_healed":0,"gold_gain":0,"player_choice":"Paid Gold","damage_taken":0,"relics_obtained":["Happy Flower"],"max_hp_gain":0,"max_hp_loss":0,"event_name":"WeMeetAgain","floor":3,"gold_loss":59}],"is_beta":false,"boss_relics":[],"items_purged_floors":[7],"is_endless":false,"potions_floor_spawned":[4,6,12],"killed_by":"The Guardian","ascension_level":20}}