{"host":"obplhmlw33xb91v8","time":1610439897,"event":{"mods":["BaseMod","Block Reminder","Curses Come First","Evolution","Minty Spire (QoL Compilation)","Quick Restart","Relic Stats","Spicy Shops","StSLib","Uncapped","Waifu the Spire","slay the spire mod where everything is the same but ironclad has a cowboy hat"],"gold_per_floor":[99,99,99,99,99,99,99,99,99,84,84,84,84,9,9,9,9,9,9,9,9,9,9,9,9,9,9,9,9,9,9,9,9,9],"floor_reached":33,"playtime":1039,"items_purged":["Doubt"],"score":309,"play_id":"16037278-2d15-4b05-9420-8e41502cc841","local_time":"20210112032457","is_ascension_mode":true,"campfire_choices":[{"floor":13,"key":"REST"},{"floor":15,"key":"DIG"},{"floor":23,"key":"REST"},{"floor":25,"key":"REST"},{"floor":29,"key":"REST"},{"floor":32,"key":"REST"}],"circlet_count":0,"master_deck":["Rebound","Rebound","Rebound","Defend_B","Defend_B","Defend_B","Defend_B","Zap","Dualcast","Consume","Ball Lightning","Doom and Gloom","Gash","Loop","Leap","White Noise","Creative AI","Melter","Coolheaded","Storm","Echo Form"],"relics":["EVO:Axolotl","Ectoplasm","Vajra","Shovel","GremlinMask","Mercury Hourglass","Art of War","Velvet Choker","Juzu Bracelet"],"acts_visited":["Exordium","TheCity"],"potions_floor_usage":[10,16,21,24,33,33,33],"damage_taken":[{"damage":0,"enemies":"2 Louse","floor":1,"turns":3},{"damage":0,"enemies":"Small Slimes","floor":2,"turns":3},{"damage":0,"enemies":"Cultist","floor":4,"turns":2},{"damage":25,"enemies":"3 Sentries","floor":6,"turns":5},{"damage":26,"enemies":"Exordium Wildlife","floor":8,"turns":3},{"damage":1,"enemies":"Looter","floor":10,"turns":2},{"damage":7,"enemies":"2 Fungi Beasts","floor":12,"turns":2},{"damage":9,"enemies":"The Guardian","floor":16,"turns":6},{"damage":36,"enemies":"Shell Parasite","floor":18,"turns":5},{"damage":7,"enemies":"Spheric Guardian","floor":21,"turns":4},{"damage":13,"enemies":"Snecko","floor":22,"turns":5},{"damage":0,"enemies":"Gremlin Leader","floor":24,"turns":1},{"damage":13,"enemies":"Cultist and Chosen","floor":27,"turns":6},{"damage":24,"enemies":"Centurion and Healer","floor":28,"turns":6},{"damage":32,"enemies":"Snecko","floor":30,"turns":5},{"damage":57,"enemies":"Champ","floor":33,"turns":7}],"seed_played":"3998543794521238311","potions_obtained":[{"floor":1,"key":"FearPotion"},{"floor":6,"key":"Weak Potion"},{"floor":10,"key":"Ancient Potion"},{"floor":18,"key":"Swift Potion"},{"floor":21,"key":"SmokeBomb"},{"floor":28,"key":"Block Potion"},{"floor":30,"key":"DistilledChaos"}],"is_trial":false,"path_per_floor":["M","M","?","M","?","E","?","M","T","M","?","M","R","$","R","B",null,"M","?","?","M","M","R","E","R","T","M","M","R","M","?","R","B"],"character_chosen":"DEFECT","items_purchased":[],"campfire_rested":5,"item_purchase_floors":[],"current_hp_per_floor":[75,75,63,63,63,38,38,12,12,11,11,4,26,26,26,17,75,39,39,39,32,19,41,41,63,63,50,26,48,16,16,38,0,0],"gold":9,"neow_bonus":"BOSS_RELIC","is_daily":false,"chose_seed":false,"campfire_upgraded":0,"win_rate":0.0,"timestamp":1610439897,"path_taken":["M","M","?","M","?","E","?","M","T","?","?","M","R","$","R","BOSS","M","?","?","M","M","R","E","R","T","M","M","R","M","?","R","BOSS"],"items_purchased_type":[],"build_version":"2020-12-22","purchased_purges":1,"victory":false,"max_hp_per_floor":[75,75,75,75,75,75,75,75,75,75,75,75,75,75,75,75,75,75,75,75,75,75,75,75,75,75,75,75,75,75,75,75,75,75],"relic_stats":{"Shovel":1,"counters":[16,64],"Ectoplasm":650,"Art of War":[11],"Juzu Bracelet":0,"obtain_stats":[{"Shovel":6,"Vajra":3,"Velvet Choker":17,"GremlinMask":7,"Ectoplasm":0,"Art of War":15,"Juzu Bracelet":26,"EVO:Axolotl":0,"Cracked Core":0,"Mercury Hourglass":9},{"Shovel":4,"Vajra":2,"Velvet Choker":8,"GremlinMask":4,"Ectoplasm":0,"Art of War":7,"Juzu Bracelet":12,"EVO:Axolotl":0,"Cracked Core":0,"Mercury Hourglass":5},{"Shovel":13,"Vajra":6,"Velvet Choker":26,"GremlinMask":13,"Ectoplasm":0,"Art of War":20,"Juzu Bracelet":40,"EVO:Axolotl":0,"Cracked Core":0,"Mercury Hourglass":16}],"Mercury Hourglass":[146]},"card_choices":[{"not_picked":["Leap","Heatsinks"],"picked":"Consume","floor":1},{"not_picked":["Gash","Steam"],"picked":"Ball Lightning","floor":2},{"not_picked":["Leap","Reprogram"],"picked":"Doom and Gloom","floor":4},{"not_picked":["Sweeping Beam","Chill"],"picked":"Loop","floor":6},{"not_picked":["Undo","Conserve Battery","Fusion"],"picked":"SKIP","floor":8},{"not_picked":["Compile Driver","Static Discharge"],"picked":"Leap","floor":10},{"not_picked":["Redo","Cold Snap"],"picked":"White Noise","floor":12},{"not_picked":["Electrodynamics","Core Surge"],"picked":"Creative AI","floor":16},{"not_picked":["Stack","Streamline"],"picked":"Melter","floor":18},{"not_picked":["Aggregate","Conserve Battery"],"picked":"Coolheaded","floor":21},{"not_picked":["Stack+1","Rebound","Scrape"],"picked":"SKIP","floor":22},{"not_picked":["Streamline","Ball Lightning+1","Beam Cell+1"],"picked":"SKIP","floor":27},{"not_picked":["Chaos","Redo"],"picked":"Storm","floor":28},{"not_picked":["Stack","Ball Lightning"],"picked":"Echo Form","floor":30}],"player_experience":168866,"relics_obtained":[{"floor":6,"key":"Shovel"},{"floor":9,"key":"Mercury Hourglass"},{"floor":15,"key":"Art of War"},{"floor":26,"key":"Juzu Bracelet"}],"event_choices":[{"damage_healed":0,"gold_gain":0,"player_choice":"Success","damage_taken":12,"relics_obtained":["Vajra"],"max_hp_gain":0,"max_hp_loss":0,"event_name":"Scrap Ooze","floor":3,"gold_loss":0},{"damage_healed":0,"gold_gain":0,"cards_transformed":["Strike_B"],"player_choice":"Change","damage_taken":0,"max_hp_gain":0,"max_hp_loss":0,"event_name":"Living Wall","floor":5,"gold_loss":0,"cards_obtained":["Gash"]},{"damage_healed":0,"gold_gain":0,"player_choice":"Trade","damage_taken":0,"relics_obtained":["GremlinMask"],"max_hp_gain":0,"max_hp_loss":0,"event_name":"FaceTrader","floor":7,"gold_loss":0},{"damage_healed":0,"gold_gain":175,"player_choice":"AGREE","damage_taken":0,"max_hp_gain":0,"max_hp_loss":0,"event_name":"Liars Game","floor":11,"gold_loss":0,"cards_obtained":["Doubt"]},{"damage_healed":0,"gold_gain":0,"player_choice":"Ignored","damage_taken":0,"max_hp_gain":0,"max_hp_loss":0,"event_name":"Cursed Tome","floor":20,"gold_loss":0},{"damage_healed":0,"gold_gain":100,"player_choice":"Pray","damage_taken":0,"max_hp_gain":0,"max_hp_loss":0,"event_name":"Golden Shrine","floor":31,"gold_loss":0}],"is_beta":false,"boss_relics":[{"not_picked":["Black Star","Coffee Dripper"],"picked":"Velvet Choker"}],"items_purged_floors":[14],"is_endless":false,"potions_floor_spawned":[1,6,10,18,21,28,30],"killed_by":"Champ","ascension_level":3}}