{"host":"dztixnx9b0gu6w9i","time":1610490778,"event":{"mods":["BaseMod","Bestiary","Minty Spire (QoL Compilation)","Relic Stats","Slay the Relics Exporter","SpireBot","ojb\u0027s Better Paths Mod","ojb\u0027s Info Mod"],"gold_per_floor":[17,37,54,68,68,103,103,133,157,170,170,202,217,237,237,308,308,318,10,10,10,10,38,52,80,80,112,112,127,127,140,140,214,214,234,12,30,47,47,75,75,91,91,91,117,135,135,152,152,152,152,152,152,22,57,57,57],"floor_reached":56,"playtime":8446,"items_purged":[],"score":2003,"play_id":"2c044a49-982b-48d6-abcb-7c9272fcf0d1","local_time":"20210112173258","is_ascension_mode":true,"campfire_choices":[{"data":"Neutralize","floor":7,"key":"SMITH"},{"data":"Die Die Die","floor":15,"key":"SMITH"},{"data":"Predator","floor":28,"key":"SMITH"},{"data":"Burst","floor":32,"key":"SMITH"},{"data":"Wraith Form v2","floor":41,"key":"SMITH"},{"data":"Well Laid Plans","floor":44,"key":"SMITH"},{"floor":49,"key":"RECALL"},{"data":"After Image","floor":53,"key":"SMITH"}],"circlet_count":0,"master_deck":["AscendersBane","Strike_G","Strike_G+1","Strike_G","Defend_G","Defend_G","Defend_G","Defend_G","Defend_G","Survivor","Neutralize+1","Sadistic Nature","Eviscerate","Dash+1","Dagger Throw+1","Deadly Poison","Phantasmal Killer","Endless Agony","Die Die Die+1","Well Laid Plans+1","Crippling Poison","Burst+1","Predator+1","PiercingWail","Blur","Backstab+1","Terror","Clumsy","Blur+1","Ghostly","Ghostly","Ghostly","Dagger Throw","After Image+1","Acrobatics","Crippling Poison+1","Acrobatics","Wraith Form v2+1","Decay","Acrobatics","Predator","Leg Sweep","Catalyst"],"relics":["Ring of the Snake","The Courier","Bronze Scales","Whetstone","Orichalcum","Cursed Key","Eternal Feather","Darkstone Periapt","Nunchaku","Pen Nib","Shuriken","Runic Dome","Paper Crane","Meat on the Bone","Akabeko","Centennial Puzzle"],"acts_visited":["Exordium","TheCity","TheBeyond","TheEnding"],"potions_floor_usage":[6,6,8,23,25,33,40,50,51],"damage_taken":[{"damage":1,"enemies":"Cultist","floor":1,"turns":6},{"damage":0,"enemies":"Jaw Worm","floor":2,"turns":5},{"damage":0,"enemies":"Small Slimes","floor":3,"turns":3},{"damage":6,"enemies":"Exordium Thugs","floor":4,"turns":5},{"damage":4,"enemies":"Gremlin Nob","floor":6,"turns":4},{"damage":7,"enemies":"3 Sentries","floor":8,"turns":8},{"damage":4,"enemies":"3 Louse","floor":10,"turns":2},{"damage":2,"enemies":"Lagavulin","floor":12,"turns":7},{"damage":3,"enemies":"Large Slime","floor":13,"turns":5},{"damage":0,"enemies":"Red Slaver","floor":14,"turns":3},{"damage":14,"enemies":"Hexaghost","floor":16,"turns":9},{"damage":2,"enemies":"Chosen","floor":18,"turns":5},{"damage":2,"enemies":"Book of Stabbing","floor":23,"turns":5},{"damage":3,"enemies":"2 Thieves","floor":24,"turns":3},{"damage":10,"enemies":"Slavers","floor":25,"turns":3},{"damage":0,"enemies":"Gremlin Leader","floor":27,"turns":5},{"damage":0,"enemies":"Snake Plant","floor":29,"turns":2},{"damage":16,"enemies":"Sentry and Sphere","floor":31,"turns":6},{"damage":6,"enemies":"Collector","floor":33,"turns":9},{"damage":6,"enemies":"Orb Walker","floor":35,"turns":2},{"damage":0,"enemies":"3 Darklings","floor":37,"turns":5},{"damage":0,"enemies":"Sphere and 2 Shapes","floor":38,"turns":4},{"damage":8,"enemies":"Nemesis","floor":40,"turns":7},{"damage":0,"enemies":"Spire Growth","floor":42,"turns":5},{"damage":3,"enemies":"Reptomancer","floor":45,"turns":6},{"damage":0,"enemies":"3 Darklings","floor":46,"turns":1},{"damage":0,"enemies":"4 Shapes","floor":48,"turns":4},{"damage":29,"enemies":"Time Eater","floor":50,"turns":11},{"damage":16,"enemies":"Awakened One","floor":51,"turns":19},{"damage":7,"enemies":"Shield and Spear","floor":55,"turns":8},{"damage":46,"enemies":"The Heart","floor":56,"turns":3}],"seed_played":"7341622907478406176","potions_obtained":[{"floor":3,"key":"Block Potion"},{"floor":4,"key":"Weak Potion"},{"floor":6,"key":"LiquidMemories"},{"floor":8,"key":"SpeedPotion"},{"floor":23,"key":"DuplicationPotion"},{"floor":24,"key":"DuplicationPotion"},{"floor":25,"key":"AttackPotion"},{"floor":35,"key":"LiquidMemories"},{"floor":40,"key":"Fire Potion"}],"is_trial":false,"path_per_floor":["M","M","M","M","?","E","R","E","T","M","?","E","M","M","R","B",null,"M","$","?","$","?","E","M","E","T","E","R","M","?","M","R","B",null,"M","$","M","M","$","E","R","M","T","R","E","M","?","M","R","B","B",null,"R","$","E","B"],"character_chosen":"THE_SILENT","items_purchased":["Eternal Feather","PiercingWail","LiquidMemories","Paper Crane","DuplicationPotion","Leg Sweep"],"campfire_rested":0,"item_purchase_floors":[19,19,19,36,54,54],"current_hp_per_floor":[58,58,58,52,66,62,62,55,55,51,51,49,46,46,46,32,58,56,56,56,56,56,54,51,41,47,47,62,62,36,20,36,30,35,29,29,29,29,29,21,36,36,42,42,39,39,39,39,42,25,21,37,42,42,35,0,0],"gold":57,"neow_bonus":"RANDOM_COLORLESS_2","is_daily":false,"chose_seed":false,"campfire_upgraded":7,"win_rate":0.0,"timestamp":1610490778,"path_taken":["M","?","M","M","?","E","R","E","T","M","?","E","M","?","R","BOSS","M","$","?","?","?","E","?","E","T","E","R","M","?","M","R","BOSS","M","$","M","M","$","E","R","M","T","R","E","M","?","M","R","BOSS","BOSS","R","$","E","BOSS"],"items_purchased_type":["Relic","Card","Potion","Relic","Potion","Card"],"build_version":"2020-12-22","purchased_purges":0,"victory":false,"max_hp_per_floor":[66,66,66,66,66,66,66,66,66,66,66,66,66,66,66,66,66,66,66,66,66,66,66,66,66,72,72,72,72,36,36,36,36,36,36,36,36,36,36,36,36,36,42,42,42,42,42,42,42,42,42,42,42,42,42,42,42],"relic_stats":{"Darkstone Periapt":12,"counters":[31,170],"Eternal Feather":54,"Pen Nib":[18],"Whetstone":["Strike_G","Dagger Throw"],"Orichalcum":[198],"Cursed Key":2,"Nunchaku":[18],"Centennial Puzzle":[3],"Shuriken":[34],"Bronze Scales":[512],"obtain_stats":[{"Darkstone Periapt":23,"Eternal Feather":19,"The Courier":6,"Pen Nib":26,"Whetstone":9,"Orichalcum":12,"Paper Crane":36,"Cursed Key":17,"Akabeko":45,"Runic Dome":34,"Nunchaku":25,"Centennial Puzzle":55,"Shuriken":27,"Bronze Scales":8,"Ring of the Snake":0,"Meat on the Bone":40},{"Darkstone Periapt":13,"Eternal Feather":12,"The Courier":5,"Pen Nib":15,"Whetstone":6,"Orichalcum":8,"Paper Crane":20,"Cursed Key":11,"Akabeko":25,"Runic Dome":19,"Nunchaku":15,"Centennial Puzzle":30,"Shuriken":16,"Bronze Scales":6,"Ring of the Snake":0,"Meat on the Bone":23},{"Darkstone Periapt":67,"Eternal Feather":62,"The Courier":23,"Pen Nib":73,"Whetstone":31,"Orichalcum":40,"Paper Crane":97,"Cursed Key":57,"Akabeko":124,"Runic Dome":95,"Nunchaku":73,"Centennial Puzzle":167,"Shuriken":78,"Bronze Scales":31,"Ring of the Snake":0,"Meat on the Bone":113}],"Ring of the Snake":[62],"Meat on the Bone":24},"card_choices":[{"not_picked":["Secret Weapon","Chrysalis"],"picked":"Sadistic Nature","floor":0},{"not_picked":["Deflect","Tactician"],"picked":"Eviscerate","floor":1},{"not_picked":["PiercingWail","Distraction"],"picked":"Dash","floor":2},{"not_picked":["Blade Dance","Accuracy"],"picked":"Dagger Throw","floor":3},{"not_picked":["Footwork","Flechettes"],"picked":"Deadly Poison","floor":4},{"not_picked":["PiercingWail","Dagger Throw"],"picked":"Phantasmal Killer","floor":6},{"not_picked":["Slice","Flying Knee"],"picked":"Endless Agony","floor":8},{"not_picked":["Deadly Poison","Deflect","Choke"],"picked":"SKIP","floor":10},{"not_picked":["Acrobatics","Eviscerate"],"picked":"Die Die Die","floor":12},{"not_picked":["Slice","Flying Knee"],"picked":"Well Laid Plans","floor":13},{"not_picked":["Backflip","Escape Plan"],"picked":"Crippling Poison","floor":14},{"not_picked":["Unload","Glass Knife"],"picked":"Burst","floor":16},{"not_picked":["Prepared","Expertise"],"picked":"Predator","floor":18},{"not_picked":["Flying Knee","Slice"],"picked":"Backstab+1","floor":23},{"not_picked":["Calculated Gamble","Reflex"],"picked":"Terror","floor":24},{"not_picked":["Heel Hook+1","Quick Slash","Blur"],"picked":"SKIP","floor":25},{"not_picked":["Heel Hook+1","Quick Slash","Blur"],"picked":"SKIP","floor":25},{"not_picked":["Masterful Stab","Catalyst"],"picked":"Blur+1","floor":27},{"not_picked":["Deflect","Dagger Spray","Predator"],"picked":"SKIP","floor":29},{"not_picked":["Finisher","Quick Slash"],"picked":"Dagger Throw","floor":31},{"not_picked":["Doppelganger","Tools of the Trade"],"picked":"After Image","floor":33},{"not_picked":["Tactician","Dagger Throw"],"picked":"Acrobatics","floor":35},{"not_picked":["Underhanded Strike+1","Dash+1"],"picked":"Crippling Poison+1","floor":37},{"not_picked":["Dagger Spray","Reflex+1"],"picked":"Acrobatics","floor":38},{"not_picked":["Cloak And Dagger+1","Quick Slash+1"],"picked":"Wraith Form v2","floor":40},{"not_picked":["Noxious Fumes","Blur","Well Laid Plans"],"picked":"SKIP","floor":42},{"not_picked":["Noxious Fumes","Blur","Well Laid Plans"],"picked":"SKIP","floor":42},{"not_picked":["PiercingWail","Flying Knee"],"picked":"Acrobatics","floor":45},{"not_picked":["Deflect","All Out Attack+1","Backstab"],"picked":"SKIP","floor":46},{"not_picked":["Dagger Throw","Dodge and Roll"],"picked":"Predator","floor":48},{"not_picked":["Expertise","Terror"],"picked":"Catalyst","floor":55}],"player_experience":8102943,"relics_obtained":[{"floor":6,"key":"The Courier"},{"floor":8,"key":"Bronze Scales"},{"floor":9,"key":"Whetstone"},{"floor":12,"key":"Orichalcum"},{"floor":23,"key":"Darkstone Periapt"},{"floor":25,"key":"Nunchaku"},{"floor":26,"key":"Pen Nib"},{"floor":27,"key":"Shuriken"},{"floor":40,"key":"Meat on the Bone"},{"floor":45,"key":"Akabeko"},{"floor":55,"key":"Centennial Puzzle"}],"event_choices":[{"damage_healed":22,"gold_gain":0,"player_choice":"Banana","damage_taken":0,"max_hp_gain":0,"max_hp_loss":0,"event_name":"Big Fish","floor":5,"gold_loss":0},{"cards_removed":["Strike_G"],"damage_healed":0,"gold_gain":0,"player_choice":"Purged","damage_taken":0,"max_hp_gain":0,"max_hp_loss":0,"event_name":"Purifier","floor":11,"gold_loss":0},{"damage_healed":0,"gold_gain":0,"player_choice":"Upgraded","damage_taken":0,"max_hp_gain":0,"max_hp_loss":0,"event_name":"Upgrade Shrine","floor":20,"gold_loss":0,"cards_upgraded":["Dash"]},{"damage_healed":0,"gold_gain":0,"cards_transformed":["Strike_G"],"player_choice":"Transformed","damage_taken":0,"max_hp_gain":0,"max_hp_loss":0,"event_name":"Transmorgrifier","floor":22,"gold_loss":0,"cards_obtained":["Blur"]},{"damage_healed":0,"gold_gain":0,"player_choice":"Became a Ghost","damage_taken":0,"max_hp_gain":0,"max_hp_loss":36,"event_name":"Ghosts","floor":30,"gold_loss":0,"cards_obtained":["Ghostly","Ghostly","Ghostly"]},{"damage_healed":0,"gold_gain":0,"player_choice":"Ignored","damage_taken":0,"max_hp_gain":0,"max_hp_loss":0,"event_name":"SecretPortal","floor":47,"gold_loss":0}],"is_beta":false,"boss_relics":[{"not_picked":["Ectoplasm","SlaversCollar"],"picked":"Cursed Key"},{"not_picked":["Ring of the Serpent","Black Star"],"picked":"Runic Dome"}],"items_purged_floors":[],"is_endless":false,"potions_floor_spawned":[3,4,6,8,23,24,25,35,37,40],"killed_by":"The Heart","ascension_level":20}}