{"host":"txhhdwa0hqfs4jhb","time":1610469327,"event":{"mods":["AchievementEnabler","BaseMod","Better Third Choice","Filter the Spire","Minty Spire (QoL Compilation)","Relic Stats","Replay The Spire","StSLib","Thieving Mod"],"gold_per_floor":[118,43,43,43,43,68,88,120,120,76,89,89,118,118,118,195,195,214,89,89,89,108,134,160,160,237,274,288,323,323,345,345,430,493,512,512,362,374,374,403,434,450,475,484,509,534,570,591,591,591,591,591,58,92,92],"floor_reached":56,"playtime":2847,"items_purged":["Overencumbered","Shame","Strike_B","Sunder"],"score":2725,"play_id":"4c8f1584-acd6-43ed-937e-bd9e8554f913","local_time":"20210112163527","is_ascension_mode":true,"campfire_choices":[{"floor":12.0,"key":"REST"},{"data":"ReplayTheSpireMod:Calculation Training","floor":15.0,"key":"SMITH"},{"floor":25.0,"key":"DIG"},{"floor":32.0,"key":"DIG"},{"floor":49,"key":"RECALL"},{"data":"BasicCrystalCard","floor":52,"key":"SMITH"}],"circlet_count":0,"master_deck":["AscendersBane","Dualcast","Ball Lightning","ReplayTheSpireMod:Calculation Training+1","Loop","White Noise+1","Master of Strategy+1","Bandage Up+1","Reinforced Body","Biased Cognition+1","Tempest+1","FTL+1","Electrodynamics+1","Reinforced Body","Biased Cognition+1","Skim","Doom and Gloom","Stack","Cold Snap","Doom and Gloom","BasicCrystalCard+1","ReplayRNGCard+1","Loop","Core Surge+1","Double Energy+1","Panic Button+1"],"relics":["Cracked Core","Black Star","Replay:Rubber Ducky","PreservedInsect","ClockworkSouvenir","Chemical X","Bird Faced Urn","Iron Hammer","Singing Bowl","Happy Flower","WingedGreaves","Vajra","ReplayTheSpireMod:CursedCoin","Nunchaku","Blood Vial","Solar Panel","Inserter","Guide Book","Mirror","Geode","Torii","CeramicFish","Replay:Multitool","Golden Egg","Garlic","ReplayTheSpireMod:Lightbulb","Symbiotic Virus","Onion Ring","Juzu Bracelet","ReplayFunnel","Pandora\u0027s Box","Replay:Ringing Soul","Ancient Tea Set","Centennial Puzzle","TungstenRod","Pen Nib","MealTicket","Ice Cream","Emotion Chip","Boot","ReplayTheSpireMod:Ninjato","Dead Branch","Pondfish Scales","Carrot","War Paint"],"acts_visited":["Exordium","TheCity","TheBeyond","TheEnding"],"potions_floor_usage":[55,55],"damage_taken":[{"damage":1.0,"enemies":"Cultist","floor":1.0,"turns":3.0},{"damage":30.0,"enemies":"3 Sentries","floor":6.0,"turns":7.0},{"damage":0.0,"enemies":"Jaw Worm","floor":7.0,"turns":2.0},{"damage":15.0,"enemies":"Gremlin Nob","floor":8.0,"turns":3.0},{"damage":7.0,"enemies":"Small Slimes","floor":11.0,"turns":2.0},{"damage":4.0,"enemies":"Lagavulin","floor":13.0,"turns":4.0},{"damage":13.0,"enemies":"Slime Boss","floor":16.0,"turns":8.0},{"damage":1.0,"enemies":"Spheric Guardian","floor":18.0,"turns":4.0},{"damage":26.0,"enemies":"3 Byrds","floor":22.0,"turns":3.0},{"damage":18.0,"enemies":"Book of Stabbing","floor":23.0,"turns":4.0},{"damage":29.0,"enemies":"Slavers","floor":24.0,"turns":3.0},{"damage":0.0,"enemies":"Book of Stabbing","floor":27.0,"turns":3.0},{"damage":7.0,"enemies":"Shelled Parasite and Fungi","floor":28.0,"turns":2.0},{"damage":21.0,"enemies":"Slavers","floor":29.0,"turns":3.0},{"damage":0.0,"enemies":"Cultist and Chosen","floor":31.0,"turns":3.0},{"damage":1.0,"enemies":"Champ","floor":33.0,"turns":8.0},{"damage":0.0,"enemies":"3 Shapes","floor":35.0,"turns":1.0},{"damage":1,"enemies":"3 Darklings","floor":38,"turns":2},{"damage":0,"enemies":"Reptomancer","floor":40,"turns":3},{"damage":19,"enemies":"R_Hoarder","floor":41,"turns":3},{"damage":0,"enemies":"Maw","floor":42,"turns":5},{"damage":0,"enemies":"Reptomancer","floor":45,"turns":3},{"damage":12,"enemies":"Mind Bloom Boss Battle","floor":46,"turns":4},{"damage":0,"enemies":"Nemesis","floor":47,"turns":3},{"damage":21,"enemies":"Writhing Mass","floor":48,"turns":3},{"damage":0,"enemies":"Awakened One","floor":50,"turns":8},{"damage":0,"enemies":"Shield and Spear","floor":54,"turns":3},{"damage":0,"enemies":"The Heart","floor":55,"turns":5}],"seed_played":"-7346178636740620284","potions_obtained":[{"floor":6.0,"key":"Explosive Potion"},{"floor":8.0,"key":"LiquidBronze"},{"floor":18.0,"key":"Flashbang"},{"floor":23.0,"key":"EssenceOfSteel"},{"floor":29.0,"key":"Adrenaline Potion"},{"floor":38,"key":"Reflective Coating"},{"floor":45,"key":"FocusPotion"}],"is_trial":false,"path_per_floor":["M","$","?","?","$","E","M","E","T","$","M","R","E","$","R","B",null,"M","$","?","$","M","E","E","R","T","E","M","E","?","M","R","B",null,"M","?","$","M","?","E","E","M","T","R","E","?","E","M","R","B",null,"R","$","E","B",null],"character_chosen":"DEFECT","items_purchased":["ReplayTheSpireMod:CursedCoin","Bandage Up","Pondfish Scales","Core Surge","Double Energy"],"campfire_rested":1,"item_purchase_floors":[10,10,53,53,53],"current_hp_per_floor":[63,63,56,56,56,26,26,13,13,13,16,37,43,43,43,44,66,73,73,69,69,63,65,56,56,56,74,81,72,49,71,71,86,86,88,84,84,86,86,88,83,92,92,95,97,99,102,98,98,105,105,105,108,111,111],"gold":92,"neow_bonus":"CURSED_BOSS_RELIC","is_daily":false,"chose_seed":false,"campfire_upgraded":2,"win_rate":0.0,"timestamp":1610469327,"path_taken":["M","?","?","?","$","E","M","E","T","$","M","R","E","$","R","BOSS","M","$","?","$","?","E","E","R","T","E","M","E","?","M","R","BOSS","M","?","$","M","?","E","E","M","T","R","E","?","E","M","R","BOSS","R","$","E","BOSS"],"items_purchased_type":["Relic","Card","Relic","Card","Card"],"build_version":"2020-12-22","purchased_purges":4,"victory":true,"max_hp_per_floor":[71,71,71,71,71,71,71,71,71,71,71,71,73,73,73,73,73,73,73,73,73,75,77,79,79,79,79,81,81,86,86,86,86,86,88,84,84,86,86,88,90,92,92,95,97,99,102,105,105,105,105,105,108,111,111],"relic_stats":{"Inserter":[36],"Singing Bowl":24,"Happy Flower":[30],"Torii":12,"counters":[28,101],"CeramicFish":153,"Dead Branch":[20],"PreservedInsect":598,"Pen Nib":[3],"Juzu Bracelet":1,"War Paint":["Bandage Up","Tempest"],"Boot":[0],"Blood Vial":22,"Nunchaku":[8],"Centennial Puzzle":[9],"Emotion Chip":[23,14,2,6,1],"Bird Faced Urn":[79],"Pandora\u0027s Box":["Skim","ReplayTheSpireMod:GoodbyeWorld","Doom and Gloom","Stack","Cold Snap","Doom and Gloom","Sunder"],"MealTicket":0,"Black Star":12,"Chemical X":[70],"obtain_stats":[{"Solar Panel":14,"ReplayFunnel":32,"Ice Cream":45,"Golden Egg":25,"Carrot":54,"Singing Bowl":6,"Torii":23,"CeramicFish":24,"Vajra":9,"Replay:Multitool":24,"Juzu Bracelet":29,"Ancient Tea Set":40,"Boot":47,"Replay:Rubber Ducky":2,"ClockworkSouvenir":2,"Blood Vial":13,"Replay:Ringing Soul":37,"Nunchaku":13,"Centennial Puzzle":40,"Emotion Chip":46,"MealTicket":45,"Iron Hammer":6,"WingedGreaves":8,"Chemical X":5,"Cracked Core":0,"Inserter":17,"ReplayTheSpireMod:Ninjato":47,"Happy Flower":8,"ReplayTheSpireMod:CursedCoin":10,"Guide Book":19,"Dead Branch":53,"PreservedInsect":2,"Pen Nib":41,"Geode":23,"War Paint":54,"Pondfish Scales":53,"Bird Faced Urn":5,"Onion Ring":29,"Pandora\u0027s Box":34,"Black Star":0,"Garlic":26,"Mirror":21,"ReplayTheSpireMod:Lightbulb":27,"Symbiotic Virus":27,"TungstenRod":41},{"Solar Panel":6,"ReplayFunnel":15,"Ice Cream":22,"Golden Egg":11,"Carrot":27,"Singing Bowl":2,"Torii":10,"CeramicFish":11,"Vajra":4,"Replay:Multitool":11,"Juzu Bracelet":14,"Ancient Tea Set":19,"Boot":24,"Replay:Rubber Ducky":1,"ClockworkSouvenir":1,"Blood Vial":6,"Replay:Ringing Soul":17,"Nunchaku":6,"Centennial Puzzle":19,"Emotion Chip":23,"MealTicket":22,"Iron Hammer":2,"WingedGreaves":4,"Chemical X":1,"Cracked Core":0,"Inserter":7,"ReplayTheSpireMod:Ninjato":24,"Happy Flower":4,"ReplayTheSpireMod:CursedCoin":4,"Guide Book":8,"Dead Branch":26,"PreservedInsect":1,"Pen Nib":20,"Geode":10,"War Paint":27,"Pondfish Scales":26,"Bird Faced Urn":1,"Onion Ring":14,"Pandora\u0027s Box":16,"Black Star":0,"Garlic":11,"Mirror":8,"ReplayTheSpireMod:Lightbulb":12,"Symbiotic Virus":12,"TungstenRod":20},{"Solar Panel":21,"ReplayFunnel":53,"Ice Cream":76,"Golden Egg":42,"Carrot":96,"Singing Bowl":10,"Torii":39,"CeramicFish":42,"Vajra":15,"Replay:Multitool":42,"Juzu Bracelet":50,"Ancient Tea Set":66,"Boot":83,"Replay:Rubber Ducky":3,"ClockworkSouvenir":3,"Blood Vial":21,"Replay:Ringing Soul":62,"Nunchaku":21,"Centennial Puzzle":66,"Emotion Chip":80,"MealTicket":76,"Iron Hammer":10,"WingedGreaves":15,"Chemical X":3,"Cracked Core":0,"Inserter":29,"ReplayTheSpireMod:Ninjato":83,"Happy Flower":15,"ReplayTheSpireMod:CursedCoin":15,"Guide Book":33,"Dead Branch":93,"PreservedInsect":3,"Pen Nib":69,"Geode":39,"War Paint":96,"Pondfish Scales":93,"Bird Faced Urn":3,"Onion Ring":50,"Pandora\u0027s Box":61,"Black Star":0,"Garlic":42,"Mirror":33,"ReplayTheSpireMod:Lightbulb":45,"Symbiotic Virus":45,"TungstenRod":69}],"TungstenRod":4},"card_choices":[{"not_picked":["Doom and Gloom","Streamline"],"picked":"Ball Lightning","floor":1.0},{"not_picked":["Sunder","Reprogram"],"picked":"ReplayTheSpireMod:Calculation Training","floor":6.0},{"not_picked":["Storm","Auto Shields"],"picked":"Loop","floor":7.0},{"not_picked":["BasicCrystalCard","Rebound"],"picked":"White Noise","floor":8.0},{"not_picked":["Stack","Redo"],"picked":"Reinforced Body","floor":11.0},{"not_picked":["Streamline","ReplayTheSpireMod:GoodbyeWorld","Rebound"],"picked":"Singing Bowl","floor":13.0},{"not_picked":["Creative AI","Hyperbeam"],"picked":"Biased Cognition","floor":16.0},{"not_picked":["Conserve Battery+1","Redo"],"picked":"Tempest","floor":18.0},{"not_picked":["Storm","Conserve Battery","Cold Snap"],"picked":"Singing Bowl","floor":22.0},{"not_picked":["BasicCrystalCard","Rebound","Scrape"],"picked":"Singing Bowl","floor":23.0},{"not_picked":["Barrage","Consume","Gash"],"picked":"Singing Bowl","floor":24.0},{"not_picked":["Barrage","Beam Cell"],"picked":"FTL+1","floor":27.0},{"not_picked":["Rebound","Gash","Loop"],"picked":"Singing Bowl","floor":28.0},{"not_picked":["Ball Lightning","Reprogram"],"picked":"Electrodynamics","floor":29.0},{"not_picked":["Self Repair","Chill"],"picked":"Reinforced Body","floor":31.0},{"not_picked":["Rainbow","All For One"],"picked":"Biased Cognition","floor":33.0},{"not_picked":["Rebound","Barrage","Steam+1"],"picked":"Singing Bowl","floor":35.0},{"not_picked":["Rebound","Beam Cell","Streamline"],"picked":"Singing Bowl","floor":38},{"not_picked":["Beam Cell","ReplayGash","Machine Learning"],"picked":"Singing Bowl","floor":40},{"not_picked":["Redo","Leap","Panic Button"],"picked":"Singing Bowl","floor":41},{"not_picked":["ReplayGash","Hello World","Coolheaded"],"picked":"Singing Bowl","floor":42},{"not_picked":["Stack+1","Hologram","Streamline+1"],"picked":"Singing Bowl","floor":45},{"not_picked":["Hologram","Steam+1","ReplayTheSpireMod:Repulse"],"picked":"Singing Bowl","floor":46},{"not_picked":["Conserve Battery","Ball Lightning"],"picked":"ReplayRNGCard","floor":47},{"not_picked":["Steam","Aggregate"],"picked":"Loop","floor":48},{"not_picked":["Go for the Eyes","Rip and Tear"],"picked":"Panic Button+1","floor":54}],"player_experience":235710,"relics_obtained":[{"floor":6.0,"key":"Iron Hammer"},{"floor":6.0,"key":"Singing Bowl"},{"floor":8.0,"key":"Happy Flower"},{"floor":8.0,"key":"WingedGreaves"},{"floor":9.0,"key":"Vajra"},{"floor":13.0,"key":"Nunchaku"},{"floor":13.0,"key":"Blood Vial"},{"floor":23.0,"key":"Geode"},{"floor":23.0,"key":"Torii"},{"floor":24.0,"key":"CeramicFish"},{"floor":24.0,"key":"Replay:Multitool"},{"floor":25.0,"key":"Golden Egg"},{"floor":26.0,"key":"Garlic"},{"floor":27.0,"key":"ReplayTheSpireMod:Lightbulb"},{"floor":27.0,"key":"Symbiotic Virus"},{"floor":29.0,"key":"Onion Ring"},{"floor":29.0,"key":"Juzu Bracelet"},{"floor":32.0,"key":"ReplayFunnel"},{"floor":40,"key":"Ancient Tea Set"},{"floor":40,"key":"Centennial Puzzle"},{"floor":41,"key":"TungstenRod"},{"floor":41,"key":"Pen Nib"},{"floor":45,"key":"MealTicket"},{"floor":45,"key":"Ice Cream"},{"floor":46,"key":"Emotion Chip"},{"floor":47,"key":"Boot"},{"floor":47,"key":"ReplayTheSpireMod:Ninjato"},{"floor":54,"key":"Carrot"},{"floor":54,"key":"War Paint"}],"event_choices":[{"cards_removed":["Zap"],"damage_healed":0.0,"max_hp_gain":0.0,"max_hp_loss":0.0,"gold_gain":0.0,"event_name":"Golden Wing","player_choice":"Card Removal","floor":3.0,"gold_loss":0.0,"damage_taken":7.0},{"damage_healed":0.0,"max_hp_gain":0.0,"max_hp_loss":0.0,"gold_gain":0.0,"event_name":"betterThird:BetterSerpent","player_choice":"Ignored","floor":4.0,"gold_loss":0.0,"damage_taken":43.0},{"damage_healed":0.0,"max_hp_gain":0.0,"max_hp_loss":0.0,"gold_gain":0.0,"event_name":"The Woman in Blue","player_choice":"Bought 0 Potions","floor":20.0,"gold_loss":0.0,"damage_taken":0.0},{"damage_healed":0.0,"max_hp_gain":5.0,"max_hp_loss":0.0,"gold_gain":0.0,"event_name":"Forgotten Altar","player_choice":"Shed Blood","floor":30.0,"gold_loss":0.0,"damage_taken":28.0},{"damage_healed":0.0,"max_hp_gain":0.0,"max_hp_loss":4.0,"gold_gain":0.0,"event_name":"Winding Halls","player_choice":"Max HP","floor":36.0,"gold_loss":0.0,"damage_taken":0.0},{"damage_healed":0,"gold_gain":0,"player_choice":"Upgraded","damage_taken":0,"max_hp_gain":0,"max_hp_loss":0,"event_name":"Upgrade Shrine","floor":39,"gold_loss":0,"cards_upgraded":["White Noise"]},{"damage_healed":0,"gold_gain":0,"player_choice":"Fight","damage_taken":0,"max_hp_gain":0,"max_hp_loss":0,"event_name":"MindBloom","floor":46,"gold_loss":0}],"is_beta":false,"boss_relics":[{"not_picked":["Kintsugi","Replay:Bronze Core"],"picked":"Inserter"},{"not_picked":["Empty Cage","Runic Pyramid"],"picked":"Pandora\u0027s Box"}],"items_purged_floors":[2,10,19,37],"is_endless":false,"potions_floor_spawned":[6,8,13,18,23,27,29,38,40,45,46,48],"ascension_level":17}}