{"host":"txhhdwa0hqfs4jhb","time":1610490710,"event":{"mods":["BaseMod","Better Third Choice","Filter the Spire","Mad Scientist","Minty Spire (QoL Compilation)","Relic Stats","Replay The Spire","StSLib","Thieving Mod"],"gold_per_floor":[115,14,14,29,29,29,58,58,58,89,89,115,115,190,190,283,310,324,239,289,289,298,298,298,218,241,31,72,103,103,150,150,235,235,283,25,64,110,36,36,88,131,131,177,219,50,87,134,134,160],"floor_reached":51,"language":"ENG","playtime":3161,"items_purged":["Strike_B","Defend_B"],"score":1854,"play_id":"baddfe42-b1fa-4388-bbf1-1f0ebb8e04d3","local_time":"20210112223150","is_ascension_mode":true,"campfire_choices":[{"data":"BasicCrystalCard","floor":6.0,"key":"SMITH"},{"data":"Hologram","floor":8.0,"key":"SMITH"},{"data":"Zap","floor":11.0,"key":"SMITH"},{"floor":15.0,"key":"DIG"},{"floor":24.0,"key":"REST"},{"data":"Apotheosis","floor":30.0,"key":"SMITH"},{"data":"Defragment","floor":32.0,"key":"SMITH"},{"data":"Defragment","floor":40.0,"key":"SMITH"},{"data":"Reboot","floor":49,"key":"SMITH"}],"circlet_count":0,"master_deck":["AscendersBane","Strike_B+1","Defend_B+1","Defend_B+1","Defend_B","Zap+1","BasicCrystalCard+1","ReplayGash","Blind","Hologram+1","Reinforced Body","Buffer","Static Discharge+1","Genetic Algorithm+1","Leap+1","Skim","Apotheosis+1","Defragment+1","Leap+1","Glacier","Reboot+1","Echo Form","Gash","Panic Button+1","Gash","FTL","Fusion+1","Defragment+1","ReplayTheSpireMod:Calculation Training","Sweeping Beam+1","Gash","ReplayGash","Echo Form","ReplayTheSpireMod:Repulse","Panic Button","Beam Cell","Time Bomb+1","Master of Strategy","Buffer","Chill+1","Fusion+1"],"relics":["Cracked Core","NeowsBlessing","ReplayFunnel","Membership Card","DataDisk","Geode","Simple Rune","Divine Protection","Replay:Bandana","CeramicFish","Astrolabe","Blue Doll","Enchiridion","Pet Ghost","ReplayTheSpireMod:TigerMarble","OrangePellets","Akabeko","Bag of Marbles","Boot","Black Star","Prayer Wheel","Replay:Rubber Ducky","Chemical X","Lee\u0027s Waffle","Lantern","Potion Belt","Happy Flower","Mirror","Bag of Preparation","Mummified Hand","White Beast Statue","Toolbox","Vajra","Singing Bowl","Smiling Mask"],"acts_visited":["Exordium","TheCity","TheBeyond"],"potions_floor_usage":[50,50,50],"damage_taken":[{"damage":0.0,"enemies":"Cultist","floor":1.0,"turns":1.0},{"damage":0.0,"enemies":"Jaw Worm","floor":4.0,"turns":1.0},{"damage":0.0,"enemies":"3 Sentries","floor":7.0,"turns":1.0},{"damage":23.0,"enemies":"Gremlin Nob","floor":10.0,"turns":4.0},{"damage":0.0,"enemies":"Lagavulin","floor":12.0,"turns":7.0},{"damage":19.0,"enemies":"Slime Boss","floor":16.0,"turns":13.0},{"damage":5.0,"enemies":"3 Byrds","floor":18.0,"turns":4.0},{"damage":2.0,"enemies":"Gremlin Leader","floor":28.0,"turns":9.0},{"damage":8.0,"enemies":"Shell Parasite","floor":29.0,"turns":3.0},{"damage":6.0,"enemies":"Slavers","floor":31.0,"turns":4.0},{"damage":0.0,"enemies":"Champ","floor":33.0,"turns":20.0},{"damage":0.0,"enemies":"Orb Walker","floor":35.0,"turns":7.0},{"damage":0.0,"enemies":"3 Shapes","floor":37.0,"turns":5.0},{"damage":0.0,"enemies":"Spire Growth","floor":38.0,"turns":6.0},{"damage":0.0,"enemies":"Nemesis","floor":41.0,"turns":7.0},{"damage":0.0,"enemies":"Jaw Worm Horde","floor":42.0,"turns":5.0},{"damage":0.0,"enemies":"Transient","floor":44.0,"turns":6.0},{"damage":40.0,"enemies":"Giant Head","floor":45.0,"turns":9.0},{"damage":0,"enemies":"R_Hoarder","floor":47,"turns":8},{"damage":0,"enemies":"Maw","floor":48,"turns":5},{"damage":1,"enemies":"Donu and Deca","floor":50,"turns":10}],"seed_played":"-828318159398817895","potions_obtained":[{"floor":4.0,"key":"Energy Potion"},{"floor":16.0,"key":"Regen Potion"},{"floor":28.0,"key":"Swift Potion"},{"floor":31.0,"key":"Swift Potion"},{"floor":38.0,"key":"Explosive Potion"},{"floor":41.0,"key":"AttackPotion"},{"floor":45.0,"key":"FearPotion"},{"floor":47,"key":"Weak Potion"},{"floor":48,"key":"SmokeBomb"}],"is_trial":false,"path_per_floor":["M","$","?","M","$","R","E","R","T","E","R","E","?","?","R","B",null,"M","?","?","?","?","?","R","?","T","$","E","M","R","E","R","B",null,"M","$","M","M","$","R","E","M","T","M","E","$","E","M","R","B",null],"character_chosen":"DEFECT","items_purchased":["Blind","Apotheosis","Defragment","Leap+1","Akabeko","Replay:Rubber Ducky","Chemical X","Gash","FTL","Gash","ReplayGash","Master of Strategy","Buffer"],"campfire_rested":1,"item_purchase_floors":[2,27,27,27,27,36,36,36,36,39,39,46,46],"current_hp_per_floor":[64,64,69,69,69,69,69,69,69,46,46,46,46,35,35,16,61,56,56,56,35,35,35,57,57,57,57,70,62,62,56,56,56,71,71,71,71,71,83,83,83,83,83,83,43,43,45,45,45,44],"gold":160,"neow_bonus":"THREE_ENEMY_KILL","is_daily":false,"chose_seed":false,"campfire_upgraded":7,"win_rate":0.0,"timestamp":1610490710,"path_taken":["M","$","?","M","$","R","E","R","T","E","R","E","?","?","R","BOSS","M","?","?","?","?","?","R","?","T","$","E","M","R","E","R","BOSS","M","$","M","M","$","R","E","M","T","M","E","$","E","M","R","BOSS"],"items_purchased_type":["Card","Card","Card","Card","Relic","Relic","Relic","Card","Card","Card","Card","Card","Card"],"build_version":"2020-12-22","purchased_purges":2,"victory":true,"max_hp_per_floor":[71,71,76,76,76,76,76,76,76,76,76,76,76,76,76,76,76,76,76,76,76,76,76,76,76,76,76,76,76,76,76,76,76,76,76,76,76,76,83,83,83,83,83,83,83,83,85,85,85,85],"relic_stats":{"Lee\u0027s Waffle":12,"Happy Flower":[14],"Singing Bowl":2,"counters":[21,134],"CeramicFish":279,"Astrolabe":["Static Discharge","Genetic Algorithm","Leap"],"Bag of Preparation":[6],"Boot":[110],"Smiling Mask":0,"OrangePellets":[8],"Mummified Hand":[29],"Prayer Wheel":6,"Black Star":3,"Chemical X":[13],"obtain_stats":[{"ReplayFunnel":2,"Divine Protection":10,"Lantern":39,"Singing Bowl":47,"CeramicFish":15,"Enchiridion":21,"Vajra":46,"Blue Doll":19,"Bag of Preparation":45,"Boot":31,"Smiling Mask":47,"Pet Ghost":26,"Replay:Rubber Ducky":36,"Replay:Bandana":12,"Mummified Hand":45,"Toolbox":46,"Prayer Wheel":35,"Chemical X":36,"Cracked Core":0,"Potion Belt":41,"Lee\u0027s Waffle":39,"NeowsBlessing":0,"Happy Flower":41,"Astrolabe":17,"Geode":7,"Akabeko":27,"White Beast Statue":46,"OrangePellets":27,"DataDisk":5,"Simple Rune":9,"ReplayTheSpireMod:TigerMarble":27,"Bag of Marbles":28,"Black Star":34,"Membership Card":5,"Mirror":43},{"ReplayFunnel":1,"Divine Protection":4,"Lantern":14,"Singing Bowl":19,"CeramicFish":5,"Enchiridion":7,"Vajra":18,"Blue Doll":7,"Bag of Preparation":18,"Boot":10,"Smiling Mask":19,"Pet Ghost":7,"Replay:Rubber Ducky":12,"Replay:Bandana":5,"Mummified Hand":18,"Toolbox":18,"Prayer Wheel":12,"Chemical X":12,"Cracked Core":0,"Potion Belt":15,"Lee\u0027s Waffle":14,"NeowsBlessing":0,"Happy Flower":15,"Astrolabe":6,"Geode":3,"Akabeko":7,"White Beast Statue":18,"OrangePellets":7,"DataDisk":2,"Simple Rune":3,"ReplayTheSpireMod:TigerMarble":7,"Bag of Marbles":8,"Black Star":11,"Membership Card":2,"Mirror":16},{"ReplayFunnel":1,"Divine Protection":7,"Lantern":84,"Singing Bowl":119,"CeramicFish":14,"Enchiridion":31,"Vajra":111,"Blue Doll":31,"Bag of Preparation":111,"Boot":47,"Smiling Mask":119,"Pet Ghost":31,"Replay:Rubber Ducky":74,"Replay:Bandana":14,"Mummified Hand":111,"Toolbox":111,"Prayer Wheel":74,"Chemical X":74,"Cracked Core":0,"Potion Belt":91,"Lee\u0027s Waffle":84,"NeowsBlessing":0,"Happy Flower":91,"Astrolabe":27,"Geode":3,"Akabeko":31,"White Beast Statue":111,"OrangePellets":31,"DataDisk":2,"Simple Rune":3,"ReplayTheSpireMod:TigerMarble":31,"Bag of Marbles":40,"Black Star":67,"Membership Card":2,"Mirror":96}]},"card_choices":[{"not_picked":["Stack","Coolheaded"],"picked":"BasicCrystalCard","floor":1.0},{"not_picked":["BasicCrystalCard","Sweeping Beam"],"picked":"Hologram","floor":4.0},{"not_picked":["Turbo","Biased Cognition"],"picked":"Reinforced Body","floor":7.0},{"not_picked":["White Noise","ReplayTheSpireMod:Repulse","Leap"],"picked":"SKIP","floor":10.0},{"not_picked":["ReplayTheSpireMod:Calculation Training","Aggregate","Lockon"],"picked":"SKIP","floor":12.0},{"not_picked":["Amplify","Thunder Strike"],"picked":"Buffer","floor":16.0},{"not_picked":["Ball Lightning","BasicCrystalCard","Leap"],"picked":"SKIP","floor":18.0},{"not_picked":["Rebound","Recycle","BasicCrystalCard"],"picked":"SKIP","floor":28.0},{"not_picked":["Static Discharge","BasicCrystalCard"],"picked":"Glacier","floor":29.0},{"not_picked":["Beam Cell","Storm"],"picked":"Reboot","floor":31.0},{"not_picked":["Buffer","ReplayTheSpireMod:Omega Cannon"],"picked":"ReplayTheSpireMod:Fabricate Wheel","floor":33.0},{"not_picked":["ReplaySort","Coolheaded+1"],"picked":"Gash","floor":35.0},{"not_picked":["Streamline","Scrape"],"picked":"Panic Button+1","floor":35.0},{"not_picked":["Turbo+1","ReplaySort"],"picked":"Fusion+1","floor":37.0},{"not_picked":["BootSequence","Hologram"],"picked":"Defragment","floor":37.0},{"not_picked":["Rebound","Ball Lightning+1"],"picked":"ReplayTheSpireMod:Calculation Training","floor":38.0},{"not_picked":["Recycle+1","Panic Button"],"picked":"Sweeping Beam+1","floor":38.0},{"not_picked":["Chill","Panic Button"],"picked":"Echo Form","floor":41.0},{"not_picked":["Barrage","Steam Power"],"picked":"ReplayTheSpireMod:Repulse","floor":42.0},{"not_picked":["Sweeping Beam","Chaos"],"picked":"Panic Button","floor":42.0},{"not_picked":["Force Field","Panic Button"],"picked":"Beam Cell","floor":44.0},{"not_picked":["Blizzard+1","Cold Snap+1"],"picked":"Time Bomb+1","floor":44.0},{"not_picked":["Fusion","Ball Lightning+1","Meteor Strike"],"picked":"SKIP","floor":45.0},{"not_picked":["Sweeping Beam","ReplayTheSpireMod:System Scan","Blizzard"],"picked":"Singing Bowl","floor":47},{"not_picked":["Ball Lightning","ReplayTheSpireMod:System Scan"],"picked":"Chill+1","floor":48},{"not_picked":["Turbo","Stack"],"picked":"Fusion+1","floor":48}],"player_experience":245411,"relics_obtained":[{"floor":7.0,"key":"Geode"},{"floor":9.0,"key":"Simple Rune"},{"floor":10.0,"key":"Divine Protection"},{"floor":12.0,"key":"Replay:Bandana"},{"floor":15.0,"key":"CeramicFish"},{"floor":21.0,"key":"Enchiridion"},{"floor":26.0,"key":"Pet Ghost"},{"floor":28.0,"key":"Bag of Marbles"},{"floor":31.0,"key":"Boot"},{"floor":41.0,"key":"Potion Belt"},{"floor":41.0,"key":"Happy Flower"},{"floor":43.0,"key":"Mirror"},{"floor":45.0,"key":"Bag of Preparation"},{"floor":45.0,"key":"Mummified Hand"},{"floor":47,"key":"Singing Bowl"},{"floor":47,"key":"Smiling Mask"}],"event_choices":[{"damage_healed":0.0,"max_hp_gain":5.0,"max_hp_loss":0.0,"gold_gain":0.0,"event_name":"Big Fish","player_choice":"Donut","floor":3.0,"gold_loss":0.0,"damage_taken":0.0},{"damage_healed":0.0,"max_hp_gain":0.0,"max_hp_loss":0.0,"gold_gain":75.0,"event_name":"betterThird:BetterGoop","player_choice":"Gold","floor":14.0,"gold_loss":0.0,"damage_taken":11.0},{"damage_healed":0.0,"max_hp_gain":0.0,"max_hp_loss":0.0,"gold_gain":0.0,"event_name":"Addict","player_choice":"Obtained Relic","floor":19.0,"gold_loss":85.0,"damage_taken":0.0,"relics_obtained":["Blue Doll"]},{"damage_healed":0.0,"max_hp_gain":0.0,"max_hp_loss":0.0,"gold_gain":50.0,"event_name":"betterThird:BetterNest","player_choice":"Steal","floor":20.0,"gold_loss":0.0,"damage_taken":0.0},{"damage_healed":0.0,"max_hp_gain":0.0,"max_hp_loss":0.0,"gold_gain":0.0,"event_name":"Cursed Tome","player_choice":"Obtained Book","floor":21.0,"gold_loss":0.0,"damage_taken":21.0},{"damage_healed":0.0,"max_hp_gain":0.0,"max_hp_loss":0.0,"gold_gain":0.0,"event_name":"The Library","player_choice":"Read","floor":22.0,"gold_loss":0.0,"damage_taken":0.0,"cards_obtained":["Skim"]},{"damage_healed":0.0,"max_hp_gain":0.0,"max_hp_loss":0.0,"gold_gain":0.0,"event_name":"Vampires","player_choice":"Ignored","floor":23.0,"gold_loss":0.0,"damage_taken":0.0}],"is_beta":false,"boss_relics":[{"not_picked":["ReplayTheSpireMod:DimensionalGlitch","Runic Dome"],"picked":"Astrolabe"},{"not_picked":["Replay:Drink Me","Kintsugi"],"picked":"Black Star"}],"items_purged_floors":[36,39],"is_endless":false,"potions_floor_spawned":[4,16,28,31,38,41,45,47,48],"ascension_level":18}}