{"host":"sav7uxregyirlf69","time":1610449115,"event":{"mods":["AchievementEnabler","BaseMod","Colored Map","DeckTracker","Keyboard Shortcuts","Minty Spire (QoL Compilation)","READ ME - Guardian Mod","StSLib","SuperFastMode"],"gold_per_floor":[369,387,122,136,147,147,147,147,147,166,198,214,214,33,33,104,104,104,104,104,104,104,104,104,104,104],"floor_reached":25,"playtime":442,"items_purged":["Normality","Strike_B"],"score":390,"play_id":"80b26bc5-c820-4e01-afeb-65f0c53ac361","local_time":"20210112195835","is_ascension_mode":true,"campfire_choices":[{"data":"Defragment","floor":6,"key":"SMITH"},{"data":"Go for the Eyes","floor":8,"key":"SMITH"},{"data":"Zap","floor":13,"key":"SMITH"},{"data":"Loop","floor":15,"key":"SMITH"},{"floor":24,"key":"REST"}],"circlet_count":0,"master_deck":["AscendersBane","Strike_B","Defend_B","Defend_B","Defend_B","Defend_B","Zap+1","Dualcast","Cold Snap","Go for the Eyes+1","Defragment+1","Cold Snap","Sweeping Beam","Cold Snap+1","Beam Cell+1","Loop+1","Core Surge+1","Recycle+1","Coolheaded","Aggregate","Reprogram","Echo Form"],"relics":["Cracked Core","Medical Kit","Molten Egg 2","Mango","Thread and Needle","Ectoplasm","Nilry\u0027s Codex","Darkstone Periapt"],"acts_visited":["Exordium","TheCity"],"potions_floor_usage":[16,16],"damage_taken":[{"damage":1,"enemies":"Cultist","floor":1,"turns":4},{"damage":2,"enemies":"Jaw Worm","floor":2,"turns":3},{"damage":8,"enemies":"Small Slimes","floor":4,"turns":5},{"damage":4,"enemies":"Looter","floor":5,"turns":3},{"damage":8,"enemies":"Gremlin Gang","floor":10,"turns":5},{"damage":6,"enemies":"Gremlin Nob","floor":11,"turns":5},{"damage":4,"enemies":"Exordium Wildlife","floor":12,"turns":3},{"damage":18,"enemies":"Hexaghost","floor":16,"turns":10},{"damage":0,"enemies":"Spheric Guardian","floor":18,"turns":3},{"damage":0,"enemies":"Chosen","floor":19,"turns":4},{"damage":30,"enemies":"Snake Plant","floor":22,"turns":5},{"damage":52,"enemies":"Slavers","floor":23,"turns":10},{"damage":0,"enemies":"Snecko","floor":25,"turns":1}],"seed_played":"-6218674274956508718","potions_obtained":[{"floor":4,"key":"Fire Potion"},{"floor":11,"key":"SkillPotion"},{"floor":12,"key":"EntropicBrew"},{"floor":19,"key":"PotionOfCapacity"}],"is_trial":false,"path_per_floor":["M","M","$","M","M","R","T","R","T","M","E","M","R","$","R","B",null,"M","M","?","?","M","E","R","M"],"character_chosen":"DEFECT","items_purchased":["Defragment","Medical Kit","Loop"],"campfire_rested":1,"item_purchase_floors":[3,3,14],"current_hp_per_floor":[63,61,61,53,49,49,49,49,63,55,49,45,45,45,45,27,71,71,71,71,50,20,1,26,26,26],"gold":104,"neow_bonus":"TWO_FIFTY_GOLD","is_daily":false,"chose_seed":false,"campfire_upgraded":4,"win_rate":0.0,"timestamp":1610449115,"path_taken":["M","?","$","M","M","R","?","R","T","M","E","M","R","$","R","BOSS","M","M","?","?","M","E","R","M"],"items_purchased_type":["Card","Relic","Card"],"build_version":"2020-12-22","purchased_purges":2,"victory":false,"max_hp_per_floor":[71,71,71,71,71,71,71,71,85,85,85,85,85,85,85,85,85,85,85,85,85,85,85,85,85,85],"card_choices":[{"not_picked":["Stack","Barrage"],"picked":"Cold Snap","floor":1},{"not_picked":["Turbo","Steam"],"picked":"Go for the Eyes","floor":2},{"not_picked":["Leap","Loop"],"picked":"Cold Snap","floor":4},{"not_picked":["Skim","Fission"],"picked":"Sweeping Beam","floor":5},{"not_picked":["Leap","Barrage+1"],"picked":"Cold Snap+1","floor":10},{"not_picked":["Darkness","Storm"],"picked":"Beam Cell+1","floor":11},{"not_picked":["Chill","Gash+1","Streamline+1"],"picked":"SKIP","floor":12},{"not_picked":["Rainbow","Meteor Strike+1"],"picked":"Core Surge+1","floor":16},{"not_picked":["Conserve Battery+1","White Noise"],"picked":"Recycle+1","floor":18},{"not_picked":["Redo","Rebound+1"],"picked":"Coolheaded","floor":19},{"not_picked":["Barrage+1","Go for the Eyes+1","Redo"],"picked":"SKIP","floor":22},{"not_picked":["Consume","Coolheaded"],"picked":"Echo Form","floor":23}],"player_experience":1262470,"relics_obtained":[{"floor":7,"key":"Molten Egg 2"},{"floor":9,"key":"Mango"},{"floor":11,"key":"Thread and Needle"},{"floor":21,"key":"Nilry\u0027s Codex"},{"floor":23,"key":"Darkstone Periapt"}],"event_choices":[{"damage_healed":0,"gold_gain":0,"cards_transformed":["Strike_B","Strike_B"],"player_choice":"Became Test Subject","damage_taken":0,"max_hp_gain":0,"max_hp_loss":0,"event_name":"Drug Dealer","floor":20,"gold_loss":0,"cards_obtained":["Aggregate","Reprogram"]},{"damage_healed":0,"gold_gain":0,"player_choice":"Obtained Book","damage_taken":21,"max_hp_gain":0,"max_hp_loss":0,"event_name":"Cursed Tome","floor":21,"gold_loss":0}],"is_beta":false,"boss_relics":[{"not_picked":["Fusion Hammer","FrozenCore"],"picked":"Ectoplasm"}],"items_purged_floors":[3,14],"is_endless":false,"potions_floor_spawned":[4,11,12,18,19],"killed_by":"Snecko","ascension_level":15}}