{"host":"ec09novo68szpe7d","time":1610468809,"event":{"mods":["AchievementEnabler","BaseMod","Bestiary","Minty Spire (QoL Compilation)","StSLib"],"gold_per_floor":[362,374,388,25,25,25,56,56,56,56,86,98,98,117,117,117,117],"floor_reached":16,"playtime":861,"items_purged":["Injury"],"score":190,"play_id":"11bcc5ff-9359-4fd7-ab2b-ad75c2c17d17","local_time":"20210112172649","is_ascension_mode":true,"campfire_choices":[{"data":"True Grit","floor":6,"key":"SMITH"},{"floor":8,"key":"REST"},{"data":"Feed","floor":10,"key":"SMITH"},{"floor":13,"key":"REST"},{"data":"Feed","floor":15,"key":"SMITH"}],"circlet_count":0,"master_deck":["AscendersBane","Strike_R","Strike_R","Strike_R","Strike_R","Defend_R","Defend_R","Defend_R","Defend_R","Bash","True Grit+1","Feed+1","Feed+1","Battle Trance","Battle Trance"],"relics":["Burning Blood","DollysMirror","Dream Catcher","Smiling Mask","Singing Bowl","Ancient Tea Set"],"acts_visited":["Exordium"],"potions_floor_usage":[11,16],"damage_taken":[{"damage":1.0,"enemies":"Small Slimes","floor":1.0,"turns":4.0},{"damage":2.0,"enemies":"2 Louse","floor":2.0,"turns":3.0},{"damage":8.0,"enemies":"Cultist","floor":3.0,"turns":5.0},{"damage":40,"enemies":"Gremlin Nob","floor":7,"turns":5},{"damage":46,"enemies":"3 Sentries","floor":11,"turns":16},{"damage":8,"enemies":"Looter","floor":12,"turns":3},{"damage":7,"enemies":"3 Louse","floor":14,"turns":3},{"damage":74,"enemies":"Slime Boss","floor":16,"turns":11}],"seed_played":"-7007364425507858474","potions_obtained":[{"floor":2.0,"key":"SmokeBomb"},{"floor":3.0,"key":"DistilledChaos"},{"floor":7,"key":"Block Potion"}],"is_trial":false,"path_per_floor":["M","M","M","$","?","R","E","R","T","R","E","M","R","M","R","B"],"character_chosen":"IRONCLAD","items_purchased":["DollysMirror","Dream Catcher"],"campfire_rested":2,"item_purchase_floors":[4,4],"current_hp_per_floor":[77,80,78,78,71,71,37,61,61,61,30,34,62,70,70,0,0],"gold":117,"neow_bonus":"TWO_FIFTY_GOLD","is_daily":false,"chose_seed":false,"campfire_upgraded":3,"win_rate":0.0,"timestamp":1610468809,"path_taken":["M","M","M","$","?","R","E","R","T","R","E","M","R","M","R","BOSS"],"items_purchased_type":["Relic","Relic"],"build_version":"2020-12-22","purchased_purges":1,"victory":false,"max_hp_per_floor":[80,80,80,80,80,80,80,80,80,80,89,95,95,104,104,104,104],"card_choices":[{"not_picked":["Perfected Strike","Heavy Blade","Anger"],"picked":"SKIP","floor":1.0},{"not_picked":["Combust","Heavy Blade"],"picked":"True Grit","floor":2.0},{"not_picked":["Iron Wave","Clothesline"],"picked":"Feed","floor":3.0},{"not_picked":["Wild Strike","Sever Soul","Sword Boomerang"],"picked":"SKIP","floor":7},{"not_picked":["Perfected Strike","Clothesline"],"picked":"Battle Trance","floor":8},{"not_picked":["Second Wind","Rampage","Sever Soul"],"picked":"Singing Bowl","floor":11},{"not_picked":["Cleave","True Grit","Body Slam"],"picked":"Singing Bowl","floor":12},{"not_picked":["Pommel Strike","Wild Strike"],"picked":"Battle Trance","floor":13},{"not_picked":["Exhume","Body Slam","Cleave"],"picked":"Singing Bowl","floor":14}],"player_experience":260142,"relics_obtained":[{"floor":7,"key":"Smiling Mask"},{"floor":9,"key":"Singing Bowl"},{"floor":11,"key":"Ancient Tea Set"}],"event_choices":[{"cards_removed":["Strike_R"],"damage_healed":0,"gold_gain":0,"player_choice":"Card Removal","damage_taken":7,"max_hp_gain":0,"max_hp_loss":0,"event_name":"Golden Wing","floor":5,"gold_loss":0}],"is_beta":false,"boss_relics":[],"items_purged_floors":[4],"is_endless":false,"potions_floor_spawned":[2,3,7],"killed_by":"Slime Boss","ascension_level":10}}