{"host":"sc0o2qwpf9j16a4i","time":1610450752,"event":{"mods":["AchievementEnabler","BaseMod","BetterRewards","Block Reminder","Colored Map","Colored Powertips","Custom Start","Highlight Path","Minty Spire (QoL Compilation)","Relic Stats"],"gold_per_floor":[112,125,49,68,68,68,98,180,229,229,229,229,16,45,45,116,116,128,128,154,167,167,167,167,167],"floor_reached":24,"playtime":631,"items_purged":[],"score":600,"play_id":"607b8b79-c5c4-4e9e-bbe3-7f6586bf13dd","local_time":"20210112132552","is_ascension_mode":true,"campfire_choices":[{"floor":6,"key":"REST"},{"data":"TalkToTheHand","floor":11,"key":"SMITH"},{"data":"Devotion","floor":15,"key":"SMITH"},{"data":"Ghostly","floor":23,"key":"SMITH"}],"circlet_count":0,"master_deck":["AscendersBane","Strike_P","Strike_P","Strike_P","Defend_P","Defend_P+1","Defend_P","Defend_P","Eruption","Vigilance+1","PathToVictory","Consecrate","FlyingSleeves","Wallop","TalkToTheHand+1","Meditate","Devotion+1","TalkToTheHand","Vault","Ghostly+1","Ghostly","Ghostly","ClearTheMind","J.A.X."],"relics":["PureWater","Tiny Chest","White Beast Statue","Gambling Chip","MealTicket","Pantograph","War Paint","Oddly Smooth Stone","Busted Crown","Anchor"],"acts_visited":["Exordium","TheCity"],"potions_floor_usage":[7,14,16,21,24],"damage_taken":[{"damage":1,"enemies":"Cultist","floor":1,"turns":4},{"damage":7,"enemies":"Small Slimes","floor":2,"turns":3},{"damage":1,"enemies":"2 Louse","floor":4,"turns":2},{"damage":2,"enemies":"3 Sentries","floor":7,"turns":6},{"damage":40,"enemies":"Lagavulin","floor":14,"turns":9},{"damage":15,"enemies":"Hexaghost","floor":16,"turns":9},{"damage":3,"enemies":"Spheric Guardian","floor":18,"turns":5},{"damage":7,"enemies":"3 Byrds","floor":21,"turns":5},{"damage":47,"enemies":"Gremlin Leader","floor":24,"turns":7}],"seed_played":"1052705601005702285","potions_obtained":[{"floor":1,"key":"CultistPotion"},{"floor":2,"key":"Block Potion"},{"floor":4,"key":"SteroidPotion"},{"floor":7,"key":"Strength Potion"},{"floor":14,"key":"SkillPotion"},{"floor":16,"key":"AttackPotion"},{"floor":21,"key":"Strength Potion"}],"is_trial":false,"path_per_floor":["M","M","$","M","?","R","E","T","T","?","R","?","$","E","R","B",null,"M","?","T","M","?","R","E"],"character_chosen":"WATCHER","items_purchased":["Tiny Chest","White Beast Statue","Gambling Chip","PathToVictory","Wallop","Devotion","Block Potion"],"campfire_rested":1,"item_purchase_floors":[0,0,0,0,3,13,13],"current_hp_per_floor":[31,24,24,23,23,43,41,41,41,34,34,34,49,9,9,19,56,53,34,34,27,27,27,0,0],"gold":167,"neow_bonus":"","is_daily":false,"chose_seed":false,"campfire_upgraded":3,"win_rate":0.0,"timestamp":1610450752,"path_taken":["M","?","?","M","?","R","E","?","T","?","R","?","$","E","R","BOSS","M","?","?","M","?","R","E"],"items_purchased_type":["Relic","Relic","Relic","Card","Card","Card","Potion"],"build_version":"2020-12-22","purchased_purges":0,"victory":false,"max_hp_per_floor":[68,68,68,68,68,68,68,68,68,68,68,68,68,68,68,68,68,68,34,34,34,34,34,34,34],"relic_stats":{"Busted Crown":4,"counters":[109,499],"Gambling Chip":[24],"Pantograph":25,"Tiny Chest":2,"MealTicket":15,"War Paint":["Defend_P","Vigilance"],"obtain_stats":[{"Ice Cream":14,"Gremlin Horn":30,"Vajra":39,"Whetstone":43,"Sling":37,"Boot":13,"Old Coin":7,"Centennial Puzzle":37,"HornCleat":22,"Strawberry":28,"Philosopher\u0027s Stone":34,"MealTicket":10,"Fusion Hammer":17,"VioletLotus":34,"Kunai":14,"Toxic Egg 2":0,"Girya":40,"Happy Flower":26,"Dead Branch":0,"Blue Candle":0,"Astrolabe":34,"Oddly Smooth Stone":39,"Eternal Feather":0,"War Paint":5,"Question Card":0,"Akabeko":10,"WarpedTongs":2,"OrangePellets":0,"SlaversCollar":17,"Shuriken":0,"MutagenicStrength":25,"Molten Egg 2":0,"Black Star":0,"StrikeDummy":26,"Meat on the Bone":0,"Regal Pillow":30,"Singing Bowl":10,"Melange":0,"Yang":24,"Incense Burner":29,"TeardropLocket":5,"Ancient Tea Set":9,"ClockworkSouvenir":30,"Dream Catcher":9,"Matryoshka":25,"Shovel":42,"Mummified Hand":7,"Pantograph":24,"Gambling Chip":0,"Tiny Chest":0,"Red Mask":31,"InkBottle":14,"Runic Pyramid":17,"Potion Belt":0,"Lee\u0027s Waffle":0,"Damaru":26,"PreservedInsect":14,"Omamori":7,"GoldenEye":24,"White Beast Statue":10,"Anchor":26,"CaptainsWheel":0,"Busted Crown":17,"Ornamental Fan":9,"HolyWater":17,"Membership Card":0,"PureWater":0},{"Ice Cream":41,"Gremlin Horn":49,"Vajra":29,"Whetstone":31,"Sling":28,"Boot":74,"Old Coin":4,"Centennial Puzzle":52,"HornCleat":61,"Strawberry":48,"Philosopher\u0027s Stone":27,"MealTicket":57,"Fusion Hammer":8,"VioletLotus":51,"Kunai":7,"Toxic Egg 2":68,"Girya":30,"Happy Flower":80,"Dead Branch":53,"Blue Candle":53,"Astrolabe":66,"Oddly Smooth Stone":29,"Eternal Feather":84,"War Paint":38,"Question Card":35,"Akabeko":57,"WarpedTongs":54,"OrangePellets":53,"SlaversCollar":60,"Shuriken":10,"MutagenicStrength":47,"Molten Egg 2":84,"Black Star":0,"StrikeDummy":61,"Meat on the Bone":53,"Regal Pillow":25,"Singing Bowl":4,"Melange":68,"Yang":80,"Incense Burner":64,"TeardropLocket":14,"Ancient Tea Set":57,"ClockworkSouvenir":25,"Dream Catcher":4,"Matryoshka":24,"Shovel":31,"Mummified Hand":4,"Pantograph":97,"Gambling Chip":100,"Tiny Chest":100,"Red Mask":83,"InkBottle":7,"Runic Pyramid":20,"Potion Belt":68,"Lee\u0027s Waffle":68,"Damaru":24,"PreservedInsect":59,"Omamori":72,"GoldenEye":47,"White Beast Statue":16,"Anchor":24,"CaptainsWheel":35,"Busted Crown":106,"Ornamental Fan":15,"HolyWater":42,"Membership Card":35,"PureWater":0},{"Ice Cream":208,"Gremlin Horn":243,"Vajra":149,"Whetstone":160,"Sling":145,"Boot":352,"Old Coin":16,"Centennial Puzzle":261,"HornCleat":300,"Strawberry":240,"Philosopher\u0027s Stone":140,"MealTicket":277,"Fusion Hammer":38,"VioletLotus":256,"Kunai":30,"Toxic Egg 2":332,"Girya":155,"Happy Flower":378,"Dead Branch":262,"Blue Candle":262,"Astrolabe":326,"Oddly Smooth Stone":149,"Eternal Feather":392,"War Paint":197,"Question Card":188,"Akabeko":277,"WarpedTongs":265,"OrangePellets":262,"SlaversCollar":296,"Shuriken":47,"MutagenicStrength":235,"Molten Egg 2":392,"Black Star":0,"StrikeDummy":300,"Meat on the Bone":262,"Regal Pillow":126,"Singing Bowl":16,"Melange":332,"Yang":378,"Incense Burner":311,"TeardropLocket":62,"Ancient Tea Set":277,"ClockworkSouvenir":126,"Dream Catcher":16,"Matryoshka":120,"Shovel":160,"Mummified Hand":16,"Pantograph":437,"Gambling Chip":449,"Tiny Chest":449,"Red Mask":391,"InkBottle":30,"Runic Pyramid":100,"Potion Belt":332,"Lee\u0027s Waffle":332,"Damaru":120,"PreservedInsect":286,"Omamori":344,"GoldenEye":235,"White Beast Statue":75,"Anchor":120,"CaptainsWheel":188,"Busted Crown":482,"Ornamental Fan":67,"HolyWater":216,"Membership Card":188,"PureWater":0}]},"card_choices":[{"not_picked":["Evaluate","ClearTheMind"],"picked":"Consecrate","floor":1},{"not_picked":["FollowUp","WaveOfTheHand"],"picked":"FlyingSleeves","floor":2},{"not_picked":["Consecrate","Fasting2"],"picked":"TalkToTheHand","floor":4},{"not_picked":["Halt","SandsOfTime"],"picked":"Meditate","floor":7},{"not_picked":["SignatureMove","Halt"],"picked":"TalkToTheHand","floor":14},{"not_picked":["MasterReality","Blasphemy"],"picked":"Vault","floor":16},{"not_picked":["JustLucky"],"picked":"SKIP","floor":18},{"not_picked":[],"picked":"ClearTheMind","floor":21}],"player_experience":589776,"relics_obtained":[{"floor":7,"key":"MealTicket"},{"floor":8,"key":"Pantograph"},{"floor":9,"key":"War Paint"},{"floor":14,"key":"Oddly Smooth Stone"},{"floor":20,"key":"Anchor"}],"event_choices":[{"damage_healed":0,"gold_gain":0,"player_choice":"Got Potions","damage_taken":0,"max_hp_gain":0,"max_hp_loss":0,"event_name":"Lab","floor":5,"gold_loss":0},{"cards_removed":["Strike_P"],"damage_healed":0,"gold_gain":0,"player_choice":"Card Removal","damage_taken":7,"max_hp_gain":0,"max_hp_loss":0,"event_name":"Golden Wing","floor":10,"gold_loss":0},{"damage_healed":0,"gold_gain":0,"player_choice":"Leave","damage_taken":0,"max_hp_gain":0,"max_hp_loss":0,"event_name":"The Cleric","floor":12,"gold_loss":0},{"damage_healed":0,"gold_gain":0,"player_choice":"Became a Ghost","damage_taken":0,"max_hp_gain":0,"max_hp_loss":34,"event_name":"Ghosts","floor":19,"gold_loss":0,"cards_obtained":["Ghostly","Ghostly","Ghostly"]},{"damage_healed":0,"gold_gain":0,"player_choice":"Obtain J.A.X.","damage_taken":0,"max_hp_gain":0,"max_hp_loss":0,"event_name":"Drug Dealer","floor":22,"gold_loss":0,"cards_obtained":["J.A.X."]}],"is_beta":false,"boss_relics":[{"not_picked":["Coffee Dripper","Fusion Hammer"],"picked":"Busted Crown"}],"items_purged_floors":[],"is_endless":false,"potions_floor_spawned":[1,2,4,7,14,16,18,21],"killed_by":"Gremlin Leader","ascension_level":20}}