{"host":"msa0wxqjs3jv1k3j","time":1610464066,"event":{"mods":["AchievementEnabler","BaseMod","BetterRewards","Colored Map","Highlight Path","KOR Keyword Fix","Keyboard Shortcuts","Minty Spire (QoL Compilation)","Quick Restart","SuperFastMode","everything is the same but u backflip on backflip"],"gold_per_floor":[109,121,132,82,7,34,64,64,64,64,64,74,89,100,100,197,197,217,233,332,352,352,363,363,33,33,33,33,33,46,63,63,168,168,183,183,183,183],"floor_reached":37,"playtime":2246,"items_purged":["Defend_P","Strike_P"],"score":371,"play_id":"ba54e787-511c-4ffb-abf0-ad9d4f1544fb","local_time":"20210113000746","is_ascension_mode":false,"campfire_choices":[{"floor":8.0,"key":"REST"},{"data":"Eruption","floor":11.0,"key":"SMITH"},{"floor":15.0,"key":"REST"},{"floor":24,"key":"REST"},{"data":"DeusExMachina","floor":28,"key":"SMITH"},{"floor":32,"key":"REST"}],"circlet_count":0,"master_deck":["Strike_P","Eruption+1","Vigilance","LikeWater","ClearTheMind","CutThroughFate","BattleHymn","Swivel","EmptyFist","Nirvana","FlurryOfBlows","Weave","JustLucky","Crescendo","DeusExMachina+1","ThirdEye+1","Alpha","Wallop+1","FlyingSleeves+1","DeusExMachina+1"],"relics":["PureWater","Bird Faced Urn","Centennial Puzzle","Boot","Letter Opener","Potion Belt","Sundial","Velvet Choker","Membership Card","Singing Bowl","Meat on the Bone","Astrolabe"],"acts_visited":["Exordium","TheCity","TheBeyond"],"potions_floor_usage":[31,31,33,37],"damage_taken":[{"damage":1.0,"enemies":"Cultist","floor":1.0,"turns":3.0},{"damage":5.0,"enemies":"Small Slimes","floor":2.0,"turns":4.0},{"damage":0.0,"enemies":"Jaw Worm","floor":3.0,"turns":5.0},{"damage":47.0,"enemies":"Gremlin Nob","floor":6.0,"turns":6.0},{"damage":13.0,"enemies":"2 Fungi Beasts","floor":12.0,"turns":3.0},{"damage":7.0,"enemies":"Lots of Slimes","floor":13.0,"turns":3.0},{"damage":7.0,"enemies":"Large Slime","floor":14.0,"turns":5.0},{"damage":57.0,"enemies":"The Guardian","floor":16.0,"turns":8.0},{"damage":15,"enemies":"3 Byrds","floor":18,"turns":4},{"damage":26,"enemies":"2 Thieves","floor":19,"turns":4},{"damage":18,"enemies":"Cultist and Chosen","floor":21,"turns":5},{"damage":13,"enemies":"Centurion and Healer","floor":23,"turns":7},{"damage":19,"enemies":"Snecko","floor":30,"turns":5},{"damage":25,"enemies":"Snake Plant","floor":31,"turns":4},{"damage":58,"enemies":"Automaton","floor":33,"turns":10},{"damage":16,"enemies":"3 Shapes","floor":35,"turns":4},{"damage":73,"enemies":"2 Orb Walkers","floor":37,"turns":3}],"seed_played":"-6739016570835480701","potions_obtained":[{"floor":1.0,"key":"Dexterity Potion"},{"floor":6.0,"key":"GamblersBrew"},{"floor":14.0,"key":"Ancient Potion"},{"floor":16.0,"key":"ColorlessPotion"},{"floor":21,"key":"FearPotion"},{"floor":23,"key":"SpeedPotion"},{"floor":31,"key":"Weak Potion"}],"is_trial":false,"path_per_floor":["M","M","M","?","$","E","?","R","T","?","R","M","M","M","R","B",null,"M","M","?","M","?","M","R","$","T","?","R","$","M","M","R","B",null,"M","?","?"],"character_chosen":"WATCHER","items_purchased":["LikeWater","Centennial Puzzle","Boot","ClearTheMind","SkillPotion","CultistPotion","CutThroughFate","Nirvana","Membership Card","Singing Bowl"],"campfire_rested":4,"item_purchase_floors":[0,0,0,0,0,0,0,5,25,25],"current_hp_per_floor":[71,67,71,71,71,27,27,48,48,48,48,41,38,37,58,7,72,61,39,39,27,27,20,41,41,41,41,41,41,42,39,61,21,76,66,66,0,0],"gold":183,"neow_bonus":"","is_daily":false,"chose_seed":false,"campfire_upgraded":2,"win_rate":0.0,"timestamp":1610464066,"path_taken":["M","M","?","?","$","E","?","R","T","?","R","M","?","M","R","BOSS","M","?","?","M","?","M","R","$","T","?","R","?","M","M","R","BOSS","M","?","?"],"items_purchased_type":["Card","Relic","Relic","Card","Potion","Potion","Card","Card","Relic","Relic"],"build_version":"2020-12-22","purchased_purges":2,"victory":false,"max_hp_per_floor":[72,72,72,72,72,72,72,72,72,72,72,72,72,72,72,72,72,72,72,72,72,72,72,72,72,72,72,72,72,74,76,76,76,76,78,74,74,74],"card_choices":[{"not_picked":["Prostrate","Halt"],"picked":"BattleHymn","floor":1.0},{"not_picked":["Vengeance","ClearTheMind"],"picked":"Swivel","floor":2.0},{"not_picked":["SashWhip","FollowUp"],"picked":"EmptyFist","floor":3.0},{"not_picked":["FollowUp","Pray"],"picked":"FlurryOfBlows","floor":6.0},{"not_picked":["Judgement","EmptyBody"],"picked":"JustLucky","floor":12.0},{"not_picked":["EmptyBody","CrushJoints","FollowUp"],"picked":"SKIP","floor":13.0},{"not_picked":["ForeignInfluence","ClearTheMind"],"picked":"Crescendo","floor":14.0},{"not_picked":["Judgement","Vault"],"picked":"DeusExMachina","floor":16.0},{"not_picked":["FollowUp+1","LikeWater","Consecrate"],"picked":"SKIP","floor":18},{"not_picked":["FollowUp","EmptyFist","InnerPeace"],"picked":"SKIP","floor":19},{"not_picked":["WaveOfTheHand","WreathOfFlame"],"picked":"ThirdEye+1","floor":21},{"not_picked":["Judgement","PathToVictory","Evaluate"],"picked":"SKIP","floor":23},{"not_picked":["Consecrate","Tantrum","EmptyFist"],"picked":"Singing Bowl","floor":30},{"not_picked":["FearNoEvil","PathToVictory","Crescendo"],"picked":"Singing Bowl","floor":31},{"not_picked":["MasterReality","LessonLearned"],"picked":"Alpha","floor":33},{"not_picked":["Pray+1","CutThroughFate","ThirdEye+1"],"picked":"Singing Bowl","floor":35}],"player_experience":97377,"relics_obtained":[{"floor":6.0,"key":"Letter Opener"},{"floor":9.0,"key":"Sundial"},{"floor":26,"key":"Meat on the Bone"}],"event_choices":[{"cards_removed":["Strike_P"],"damage_healed":0.0,"max_hp_gain":0.0,"max_hp_loss":0.0,"gold_gain":0.0,"event_name":"The Cleric","player_choice":"Card Removal","floor":4.0,"gold_loss":50.0,"damage_taken":0.0},{"damage_healed":0.0,"max_hp_gain":0.0,"max_hp_loss":0.0,"gold_gain":30.0,"event_name":"Dead Adventurer","player_choice":"Searched \u00273\u0027 times","floor":7.0,"gold_loss":0.0,"damage_taken":0.0,"relics_obtained":["Potion Belt"]},{"damage_healed":0.0,"max_hp_gain":0.0,"max_hp_loss":0.0,"gold_gain":0.0,"event_name":"Match and Keep!","player_choice":"1 cards matched","floor":10.0,"gold_loss":0.0,"damage_taken":0.0,"cards_obtained":["Weave"]},{"damage_healed":0,"gold_gain":99,"player_choice":"Stole From Cult","damage_taken":0,"max_hp_gain":0,"max_hp_loss":0,"event_name":"Nest","floor":20,"gold_loss":0},{"damage_healed":0,"gold_gain":0,"player_choice":"Ignored","damage_taken":0,"max_hp_gain":0,"max_hp_loss":0,"event_name":"Vampires","floor":22,"gold_loss":0},{"cards_removed":["Defend_P"],"damage_healed":0,"gold_gain":0,"player_choice":"Elegance","damage_taken":0,"max_hp_gain":0,"max_hp_loss":0,"event_name":"Back to Basics","floor":27,"gold_loss":0},{"damage_healed":0,"gold_gain":0,"player_choice":"Max HP","damage_taken":0,"max_hp_gain":0,"max_hp_loss":4,"event_name":"Winding Halls","floor":36,"gold_loss":0},{"damage_healed":0,"gold_gain":0,"player_choice":"Fight","damage_taken":0,"max_hp_gain":0,"max_hp_loss":0,"event_name":"Mysterious Sphere","floor":37,"gold_loss":0}],"is_beta":false,"boss_relics":[{"not_picked":["Snecko Eye","SacredBark"],"picked":"Velvet Choker"},{"not_picked":["Tiny House","VioletLotus"],"picked":"Astrolabe"}],"items_purged_floors":[0,25],"is_endless":false,"potions_floor_spawned":[1,2,6,14,16,21,23,31],"killed_by":"2 Orb Walkers","ascension_level":0}}