{"host":"ex6y92ceh6h0mo7k","time":1610457998,"event":{"mods":["BaseMod","Minty Spire (QoL Compilation)","Quick Restart","StSLib","SuperFastMode"],"gold_per_floor":[164,164,89,140,151,182,182,213,286,313,332,332,342,358,358,436,436,451,501,501,501,515,548,565,592,592,592,611,611,347,382,382,459,459,474,520,520,520,50,50,62,94,94,94,104,119,153,153,153,153,153,153,153,1,30,30],"floor_reached":57,"playtime":5709,"items_purged":["LessonLearned+1","Wireheading+1"],"score":3047,"play_id":"a4d28363-fd8b-4a0d-b658-0ad2487ef65f","local_time":"20210112212638","is_ascension_mode":true,"campfire_choices":[{"data":"SandsOfTime","floor":7.0,"key":"SMITH"},{"data":"Tantrum","floor":12.0,"key":"SMITH"},{"data":"FlurryOfBlows","floor":15.0,"key":"SMITH"},{"data":"ThirdEye","floor":27.0,"key":"SMITH"},{"data":"Halt","floor":29.0,"key":"SMITH"},{"data":"WaveOfTheHand","floor":32.0,"key":"SMITH"},{"floor":40.0,"key":"RECALL"},{"data":"InnerPeace","floor":44.0,"key":"SMITH"},{"floor":49.0,"key":"REST"},{"floor":53.0,"key":"REST"}],"circlet_count":0,"master_deck":["AscendersBane","Defend_P+1","Eruption+1","Vigilance+1","SandsOfTime+1","FlurryOfBlows+1","EmptyFist+1","ThirdEye+1","Tantrum+1","SandsOfTime+1","Protect+1","Halt+1","FlurryOfBlows+1","MentalFortress+1","EmptyMind+1","Scrawl+1","ForeignInfluence+1","Omniscience+1","EmptyMind+1","ClearTheMind+1","Halt+1","LikeWater+1","CutThroughFate+1","WaveOfTheHand+1","Scrawl+1","Protect+1","TalkToTheHand+1","Wireheading+1","InnerPeace+1","Wallop+1","Fasting2+1","ClearTheMind"],"relics":["Tiny House","Nunchaku","CaptainsWheel","Meat on the Bone","Molten Egg 2","Gambling Chip","Astrolabe","War Paint","Art of War","Unceasing Top","OrangePellets","PreservedInsect","SlaversCollar","GoldenEye","The Courier","Frozen Egg 2","Mango","Bronze Scales","Torii"],"acts_visited":["Exordium","TheCity","TheBeyond","TheEnding"],"potions_floor_usage":[56],"damage_taken":[{"damage":0.0,"enemies":"Jaw Worm","floor":1.0,"turns":4.0},{"damage":6.0,"enemies":"2 Louse","floor":5.0,"turns":3.0},{"damage":22.0,"enemies":"3 Sentries","floor":6.0,"turns":10.0},{"damage":16.0,"enemies":"Gremlin Nob","floor":8.0,"turns":3.0},{"damage":0.0,"enemies":"Lagavulin","floor":10.0,"turns":4.0},{"damage":6.0,"enemies":"Small Slimes","floor":11.0,"turns":3.0},{"damage":4.0,"enemies":"Looter","floor":13.0,"turns":3.0},{"damage":0.0,"enemies":"Exordium Wildlife","floor":14.0,"turns":2.0},{"damage":21.0,"enemies":"Hexaghost","floor":16.0,"turns":8.0},{"damage":17.0,"enemies":"2 Thieves","floor":18.0,"turns":3.0},{"damage":0.0,"enemies":"Spheric Guardian","floor":22.0,"turns":1.0},{"damage":22.0,"enemies":"Slavers","floor":23.0,"turns":3.0},{"damage":1.0,"enemies":"Centurion and Healer","floor":24.0,"turns":4.0},{"damage":0.0,"enemies":"Book of Stabbing","floor":25.0,"turns":3.0},{"damage":0.0,"enemies":"Chosen and Byrds","floor":28.0,"turns":5.0},{"damage":5.0,"enemies":"Slavers","floor":31.0,"turns":4.0},{"damage":39.0,"enemies":"Champ","floor":33.0,"turns":12.0},{"damage":3.0,"enemies":"Orb Walker","floor":35.0,"turns":3.0},{"damage":9.0,"enemies":"2 Orb Walkers","floor":36.0,"turns":5.0},{"damage":0.0,"enemies":"3 Shapes","floor":41.0,"turns":2.0},{"damage":0.0,"enemies":"Nemesis","floor":42.0,"turns":5.0},{"damage":3.0,"enemies":"Maw","floor":45.0,"turns":6.0},{"damage":31.0,"enemies":"3 Darklings","floor":46.0,"turns":6.0},{"damage":0.0,"enemies":"Giant Head","floor":47.0,"turns":5.0},{"damage":30.0,"enemies":"Time Eater","floor":50.0,"turns":13.0},{"damage":0.0,"enemies":"Awakened One","floor":51.0,"turns":11.0},{"damage":31,"enemies":"Shield and Spear","floor":55,"turns":5},{"damage":19,"enemies":"The Heart","floor":56,"turns":7}],"seed_played":"2037819860643331502","potions_obtained":[{"floor":0.0,"key":"Block Potion"},{"floor":1.0,"key":"Block Potion"},{"floor":10.0,"key":"SkillPotion"},{"floor":16.0,"key":"Fire Potion"},{"floor":28.0,"key":"AttackPotion"},{"floor":31.0,"key":"ColorlessPotion"},{"floor":45.0,"key":"DuplicationPotion"},{"floor":55,"key":"EntropicBrew"}],"is_trial":false,"path_per_floor":["M","?","?","T","M","E","R","E","T","E","M","R","M","M","R","B",null,"M","?","?","?","M","E","M","E","T","R","M","R","$","E","R","B",null,"M","?","?","T","$","R","M","E","T","R","M","M","E","?","R","B","B",null,"R","$","E","B",null],"character_chosen":"WATCHER","items_purchased":["OrangePellets","LikeWater","CutThroughFate+1","Frozen Egg 2","Wireheading+1","Wireheading+1","StancePotion","Fasting2+1","ClearTheMind"],"campfire_rested":2,"item_purchase_floors":[30,30,30,39,39,39,39,54,54],"current_hp_per_floor":[66,59,59,59,53,31,31,15,15,27,33,33,41,41,41,32,63,46,46,46,46,46,36,47,47,47,47,47,47,47,42,42,15,59,56,47,47,47,47,47,47,61,61,61,58,39,51,51,77,47,47,77,87,87,56,49],"gold":30,"neow_bonus":"BOSS_RELIC","is_daily":false,"chose_seed":false,"campfire_upgraded":7,"win_rate":0.0,"timestamp":1610457998,"path_taken":["M","?","?","?","M","E","R","E","T","E","M","R","M","M","R","BOSS","M","?","?","?","M","E","M","E","T","R","?","R","$","E","R","BOSS","M","?","?","?","$","R","M","E","T","R","?","M","E","?","R","BOSS","BOSS","R","$","E","BOSS"],"items_purchased_type":["Relic","Card","Card","Relic","Card","Card","Potion","Card","Card"],"build_version":"2020-12-22","purchased_purges":2,"victory":true,"max_hp_per_floor":[73,73,73,73,73,73,73,73,73,73,73,73,73,73,73,73,73,73,73,73,73,73,73,73,73,73,73,73,73,73,73,73,73,73,73,73,73,73,73,73,73,87,87,87,87,87,87,87,87,87,87,87,87,87,87,87],"card_choices":[{"not_picked":["ReachHeaven","Vengeance"],"picked":"SandsOfTime","floor":0.0},{"not_picked":["PathToVictory","CrushJoints"],"picked":"FlurryOfBlows","floor":1.0},{"not_picked":["SashWhip","CrushJoints"],"picked":"EmptyFist","floor":5.0},{"not_picked":["FlyingSleeves","EmptyFist"],"picked":"ThirdEye","floor":6.0},{"not_picked":["EmptyFist","Protect"],"picked":"Tantrum","floor":8.0},{"not_picked":["FollowUp+1","FlyingSleeves+1"],"picked":"SandsOfTime+1","floor":10.0},{"not_picked":["Study","Alpha"],"picked":"Protect","floor":11.0},{"not_picked":["Crescendo","EmptyBody"],"picked":"Halt","floor":13.0},{"not_picked":["Alpha","Swivel"],"picked":"FlurryOfBlows+1","floor":14.0},{"not_picked":["SpiritShield","Blasphemy"],"picked":"LessonLearned+1","floor":16.0},{"not_picked":["Indignation","Collect"],"picked":"ForeignInfluence+1","floor":18.0},{"not_picked":["Prostrate","SignatureMove+1"],"picked":"ClearTheMind+1","floor":22.0},{"not_picked":["FollowUp+1","Crescendo+1"],"picked":"WheelKick+1","floor":23.0},{"not_picked":["EmptyFist+1","Protect","ClearTheMind+1"],"picked":"SKIP","floor":24.0},{"not_picked":["Evaluate","DeceiveReality","CrushJoints+1"],"picked":"SKIP","floor":25.0},{"not_picked":["SashWhip+1","Evaluate"],"picked":"Halt","floor":28.0},{"not_picked":["Conclude+1","Judgement"],"picked":"WaveOfTheHand","floor":31.0},{"not_picked":["DeusExMachina","Establishment"],"picked":"Scrawl","floor":33.0},{"not_picked":["CutThroughFate+1","FollowUp+1"],"picked":"Protect","floor":35.0},{"not_picked":["Tantrum+1","FlurryOfBlows+1"],"picked":"TalkToTheHand+1","floor":36.0},{"not_picked":["Halt","SpiritShield"],"picked":"InnerPeace","floor":41.0},{"not_picked":["JustLucky+1","ThirdEye"],"picked":"Wallop+1","floor":42.0},{"not_picked":["Prostrate","Consecrate+1","FlurryOfBlows+1"],"picked":"SKIP","floor":45.0},{"not_picked":["EmptyFist+1","Indignation","Pray"],"picked":"SKIP","floor":46.0},{"not_picked":["BattleHymn+1","Adaptation+1","Nirvana+1"],"picked":"SKIP","floor":47.0},{"not_picked":["DeceiveReality","WindmillStrike+1","JustLucky+1"],"picked":"SKIP","floor":55}],"player_experience":911307,"relics_obtained":[{"floor":4.0,"key":"Nunchaku"},{"floor":6.0,"key":"CaptainsWheel"},{"floor":8.0,"key":"Meat on the Bone"},{"floor":9.0,"key":"Molten Egg 2"},{"floor":10.0,"key":"Gambling Chip"},{"floor":23.0,"key":"War Paint"},{"floor":25.0,"key":"Art of War"},{"floor":26.0,"key":"Unceasing Top"},{"floor":31.0,"key":"PreservedInsect"},{"floor":36.0,"key":"GoldenEye"},{"floor":38.0,"key":"The Courier"},{"floor":42.0,"key":"Mango"},{"floor":47.0,"key":"Bronze Scales"},{"floor":55,"key":"Torii"}],"event_choices":[{"cards_removed":["Strike_P"],"damage_healed":0.0,"max_hp_gain":0.0,"max_hp_loss":0.0,"gold_gain":0.0,"event_name":"Golden Wing","player_choice":"Card Removal","floor":2.0,"gold_loss":0.0,"damage_taken":7.0},{"cards_removed":["Defend_P"],"damage_healed":0.0,"max_hp_gain":0.0,"max_hp_loss":0.0,"gold_gain":0.0,"event_name":"The Cleric","player_choice":"Card Removal","floor":3.0,"gold_loss":75.0,"damage_taken":0.0},{"damage_healed":0.0,"max_hp_gain":0.0,"max_hp_loss":0.0,"gold_gain":50.0,"event_name":"Nest","player_choice":"Stole From Cult","floor":19.0,"gold_loss":0.0,"damage_taken":0.0},{"damage_healed":0.0,"max_hp_gain":0.0,"max_hp_loss":0.0,"gold_gain":0.0,"event_name":"Ghosts","player_choice":"Ignored","floor":20.0,"gold_loss":0.0,"damage_taken":0.0},{"damage_healed":0.0,"max_hp_gain":0.0,"max_hp_loss":0.0,"gold_gain":0.0,"cards_transformed":["Defend_P","Defend_P"],"event_name":"Drug Dealer","player_choice":"Became Test Subject","floor":21.0,"gold_loss":0.0,"damage_taken":0.0,"cards_obtained":["Omniscience","EmptyMind"]},{"damage_healed":0.0,"max_hp_gain":0.0,"max_hp_loss":0.0,"gold_gain":0.0,"event_name":"Mysterious Sphere","player_choice":"Fight","floor":36.0,"gold_loss":0.0,"damage_taken":0.0},{"cards_removed":["WheelKick"],"damage_healed":0.0,"max_hp_gain":0.0,"max_hp_loss":0.0,"gold_gain":0.0,"event_name":"Falling","player_choice":"Removed Attack","floor":37.0,"gold_loss":0.0,"damage_taken":0.0},{"damage_healed":0.0,"max_hp_gain":0.0,"max_hp_loss":0.0,"gold_gain":0.0,"event_name":"Tomb of Lord Red Mask","player_choice":"Ignored","floor":48.0,"gold_loss":0.0,"damage_taken":0.0}],"is_beta":false,"boss_relics":[{"not_picked":["Philosopher\u0027s Stone","Runic Dome"],"picked":"Astrolabe"},{"not_picked":["Velvet Choker","Black Star"],"picked":"SlaversCollar"}],"items_purged_floors":[39,54],"is_endless":false,"potions_floor_spawned":[1,5,10,16,28,31,45,46,47,55],"ascension_level":20}}