{"host":"8zow35rkxv448q2r","time":1610472666,"event":{"mods":["AchievementEnabler","BaseMod","Colored Map","Colored Powertips","Minty Spire (QoL Compilation)","Relic Stats"],"gold_per_floor":[116,135,135,151,161,161,190,190,213,213,233,249,267,999291,999291,999389,999389,999405,999394,999394,999394],"floor_reached":20,"playtime":1551,"items_purged":["SignatureMove+1"],"score":239,"play_id":"46f50443-a4c4-4334-afb4-04816c0edf49","local_time":"20210112123106","is_ascension_mode":true,"campfire_choices":[{"floor":6,"key":"REST"},{"floor":8,"key":"REST"},{"floor":10,"key":"REST"},{"floor":15,"key":"REST"}],"circlet_count":0,"master_deck":["Strike_P","Strike_P","Defend_P","Defend_P","Defend_P","Eruption","Vigilance+1","DevaForm+1","SignatureMove+1","SandsOfTime","EmptyFist","SashWhip","WaveOfTheHand","ClearTheMind","LikeWater","Evaluate","PathToVictory","Fasting2","PathToVictory","Devotion","CurseOfTheBell","Swivel+1","BattleHymn+1"],"relics":["Astrolabe","Lantern","Tiny Chest","Blood Vial","Medical Kit","Calling Bell","Smiling Mask","Ornamental Fan","Bird Faced Urn"],"acts_visited":["Exordium","TheCity"],"potions_floor_usage":[4,7,13,16,16,16,19,20],"damage_taken":[{"damage":4,"enemies":"Cultist","floor":1,"turns":4},{"damage":13,"enemies":"Jaw Worm","floor":2,"turns":4},{"damage":5,"enemies":"Small Slimes","floor":4,"turns":2},{"damage":10,"enemies":"Looter","floor":5,"turns":3},{"damage":31,"enemies":"Lagavulin","floor":7,"turns":7},{"damage":49,"enemies":"Gremlin Gang","floor":11,"turns":7},{"damage":7,"enemies":"Large Slime","floor":12,"turns":4},{"damage":15,"enemies":"Exordium Thugs","floor":13,"turns":6},{"damage":0,"enemies":"Slime Boss","floor":16,"turns":5},{"damage":29,"enemies":"Spheric Guardian","floor":18,"turns":5},{"damage":20,"enemies":"2 Thieves","floor":19,"turns":4},{"damage":43,"enemies":"Centurion and Healer","floor":20,"turns":5}],"seed_played":"806963425876411405","potions_obtained":[{"floor":1,"key":"Explosive Potion"},{"floor":5,"key":"Weak Potion"},{"floor":11,"key":"LiquidBronze"},{"floor":12,"key":"Fire Potion"},{"floor":16,"key":"Dexterity Potion"},{"floor":18,"key":"AttackPotion"}],"is_trial":false,"path_per_floor":["M","M","?","M","M","R","E","R","T","R","M","M","M","$","R","B",null,"M","M","M"],"character_chosen":"WATCHER","items_purchased":["Fasting2","Tiny Chest","Blood Vial","Medical Kit","Ambrosia","ColorlessPotion","PathToVictory"],"campfire_rested":4,"item_purchase_floors":[14,14,14,14,14,14,14],"current_hp_per_floor":[68,55,55,50,40,61,30,51,51,72,23,16,1,1,22,24,72,45,33,0,0],"gold":999394,"neow_bonus":"BOSS_RELIC","is_daily":false,"chose_seed":false,"campfire_upgraded":0,"win_rate":0.0,"timestamp":1610472666,"path_taken":["M","?","?","?","M","R","E","R","T","R","M","M","M","$","R","BOSS","M","?","M"],"items_purchased_type":["Card","Relic","Relic","Relic","Potion","Potion","Card"],"build_version":"2020-12-22","purchased_purges":1,"victory":false,"max_hp_per_floor":[72,72,72,72,72,72,72,72,72,72,72,72,72,72,72,72,72,72,72,72,72],"relic_stats":{"Blood Vial":6,"counters":[12,56],"Ornamental Fan":[16],"Astrolabe":["DevaForm","SignatureMove","SignatureMove"],"Bird Faced Urn":[14],"Tiny Chest":0,"Medical Kit":[0],"Smiling Mask":0,"obtain_stats":[{"Blood Vial":14,"Calling Bell":17,"Lantern":7,"Ornamental Fan":17,"Astrolabe":0,"Bird Faced Urn":17,"Tiny Chest":14,"PureWater":0,"Medical Kit":14,"Smiling Mask":17},{"Blood Vial":8,"Calling Bell":9,"Lantern":5,"Ornamental Fan":9,"Astrolabe":0,"Bird Faced Urn":9,"Tiny Chest":8,"PureWater":0,"Medical Kit":8,"Smiling Mask":9},{"Blood Vial":37,"Calling Bell":42,"Lantern":20,"Ornamental Fan":42,"Astrolabe":0,"Bird Faced Urn":42,"Tiny Chest":37,"PureWater":0,"Medical Kit":37,"Smiling Mask":42}]},"card_choices":[{"not_picked":["SignatureMove","FollowUp"],"picked":"SandsOfTime","floor":1},{"not_picked":["CrushJoints","FollowUp"],"picked":"EmptyFist","floor":2},{"not_picked":["TalkToTheHand","CrushJoints"],"picked":"SashWhip","floor":4},{"not_picked":["Tantrum","ClearTheMind"],"picked":"WaveOfTheHand","floor":5},{"not_picked":["FlyingSleeves","Vault"],"picked":"ClearTheMind","floor":7},{"not_picked":["Prostrate","Swivel"],"picked":"LikeWater","floor":11},{"not_picked":["MentalFortress","FollowUp"],"picked":"Evaluate","floor":12},{"not_picked":["Ragnarok","CutThroughFate"],"picked":"PathToVictory","floor":13},{"not_picked":["Vault","Scrawl"],"picked":"Devotion","floor":16},{"not_picked":["BowlingBash","Crescendo"],"picked":"Swivel+1","floor":18},{"not_picked":["EmptyBody+1","CrushJoints"],"picked":"BattleHymn+1","floor":19}],"player_experience":152051,"relics_obtained":[{"floor":7,"key":"Lantern"},{"floor":17,"key":"Smiling Mask"},{"floor":17,"key":"Ornamental Fan"},{"floor":17,"key":"Bird Faced Urn"}],"event_choices":[{"damage_healed":0,"gold_gain":0,"player_choice":"Upgraded","damage_taken":0,"max_hp_gain":0,"max_hp_loss":0,"event_name":"Upgrade Shrine","floor":3,"gold_loss":0,"cards_upgraded":["Vigilance"]}],"is_beta":false,"boss_relics":[{"not_picked":["Runic Pyramid","Cursed Key"],"picked":"Calling Bell"}],"items_purged_floors":[14],"is_endless":false,"potions_floor_spawned":[1,5,11,12,16,18],"killed_by":"Centurion and Healer","ascension_level":1}}