{"host":"eejrqhjknvwl59ep","time":1610437237,"event":{"mods":["BaseMod","Hubris","Infinite Spire","Minty Spire (QoL Compilation)","StSLib"],"gold_per_floor":[111,111,127,143,218,218,218,229,255,274,308,325,355,375,375,478,478,496,421,421,520,164,164,189,189,216,266,299,317,330,345,345,446,496,508,520,520,520,570,597,597,597,597,624,624,624],"floor_reached":45,"playtime":4239,"items_purged":[],"score":646,"play_id":"47314454-5d96-4221-a374-54b67ee361dc","local_time":"20210112084037","daily_mods":["Draft","Heirloom"],"is_ascension_mode":false,"campfire_choices":[{"floor":6,"key":"REST"},{"data":"Footwork","floor":15,"key":"SMITH"},{"data":"hubris:EnhanceAbility","floor":23,"key":"SMITH"},{"data":"Tactician","floor":25,"key":"SMITH"},{"data":"Calculated Gamble","floor":32,"key":"SMITH"},{"data":"hubris:TrickCloak","floor":41,"key":"SMITH"}],"circlet_count":0,"master_deck":["Cloak And Dagger","Dagger Throw","Poisoned Stab","Accuracy","Backflip","Dagger Spray","Acrobatics","Footwork+1","PiercingWail","Infinite Blades","hubris:TrickCloak+1","Backflip","Noxious Fumes","Deadly Poison","Backflip","Calculated Gamble+1","After Image","Tactician+1","hubris:EnhanceAbility+1","Dodge and Roll","Prepared","Well Laid Plans+1","Prepared","After Image","hubris:DuctTapeCard","Calculated Gamble"],"relics":["Ring of the Serpent","TungstenRod","Art of War","Pantograph","hubris:MobiusCoin","hubris:SlimyHat","Nunchaku","Strawberry","hubris:64BitClover","Sozu","StoneCalendar","Bag of Preparation","hubris:Towel","Letter Opener","hubris:DuctTape"],"acts_visited":["Exordium","TheCity","TheBeyond"],"potions_floor_usage":[24,24,28,33,33,36],"damage_taken":[{"damage":0,"enemies":"2 Louse","floor":1,"turns":3},{"damage":4,"enemies":"Jaw Worm","floor":3,"turns":4},{"damage":0,"enemies":"Small Slimes","floor":4,"turns":3},{"damage":0,"enemies":"Exordium Wildlife","floor":8,"turns":5},{"damage":0,"enemies":"Large Slime","floor":10,"turns":6},{"damage":28,"enemies":"Gremlin Nob","floor":11,"turns":4},{"damage":9,"enemies":"Looter","floor":12,"turns":3},{"damage":19,"enemies":"3 Sentries","floor":13,"turns":7},{"damage":0,"enemies":"Red Slaver","floor":14,"turns":6},{"damage":0,"enemies":"The Guardian","floor":16,"turns":7},{"damage":0,"enemies":"Shell Parasite","floor":18,"turns":6},{"damage":4,"enemies":"Book of Stabbing","floor":24,"turns":8},{"damage":34,"enemies":"Slavers","floor":28,"turns":8},{"damage":0,"enemies":"Chosen","floor":29,"turns":6},{"damage":1,"enemies":"Sentry and Sphere","floor":30,"turns":7},{"damage":1,"enemies":"Snecko","floor":31,"turns":5},{"damage":19,"enemies":"Champ","floor":33,"turns":12},{"damage":0,"enemies":"Orb Walker","floor":35,"turns":5},{"damage":5,"enemies":"3 Darklings","floor":36,"turns":6},{"damage":0,"enemies":"Mind Bloom Boss Battle","floor":39,"turns":7},{"damage":0,"enemies":"Giant Head","floor":40,"turns":8},{"damage":24,"enemies":"Reptomancer","floor":44,"turns":5},{"damage":0,"enemies":"Spire Growth","floor":45,"turns":1}],"seed_played":"1598293008255378155","potions_obtained":[{"floor":1,"key":"SpeedPotion"},{"floor":8,"key":"SkillPotion"},{"floor":13,"key":"Energy Potion"},{"floor":14,"key":"Dexterity Potion"},{"floor":29,"key":"SpeedPotion"},{"floor":30,"key":"BlessingOfTheForge"},{"floor":31,"key":"Block Potion"},{"floor":33,"key":"PowerPotion"}],"is_trial":true,"path_per_floor":["M","?","M","M","?","R","?","M","T","M","E","M","E","M","R","B",null,"M","?","?","?","$","R","E","R","T","?","E","M","M","M","R","B",null,"M","M","?","?","?","E","R","?","T","E","M"],"character_chosen":"THE_SILENT","items_purchased":["hubris:SlimyHat","hubris:EnhanceAbility","Dodge and Roll"],"campfire_rested":1,"item_purchase_floors":[22,22,22],"current_hp_per_floor":[70,70,66,66,56,70,70,70,70,70,42,33,14,14,14,39,70,70,70,70,70,70,70,66,66,73,73,39,39,38,37,37,43,77,77,72,72,72,77,77,77,77,77,53,53,53],"gold":624,"neow_bonus":"","is_daily":false,"chose_seed":false,"campfire_upgraded":5,"win_rate":0.0,"timestamp":1610437237,"path_taken":["M","?","M","M","?","R","?","M","T","M","E","M","E","M","R","BOSS","M","?","?","?","$","R","E","R","T","?","E","M","M","M","R","BOSS","M","M","?","?","?","E","R","?","T","E","M"],"items_purchased_type":["Relic","Card","Card"],"build_version":"2020-12-22","purchased_purges":0,"victory":false,"max_hp_per_floor":[70,70,70,70,70,70,70,70,70,70,70,70,70,70,70,70,70,70,70,70,70,70,70,70,70,77,77,77,77,77,77,77,77,77,77,77,77,77,77,77,77,77,77,77,77,77],"card_choices":[{"not_picked":["Quick Slash","hubris:SlightOfHand"],"picked":"Cloak And Dagger","floor":0},{"not_picked":["Heel Hook","Concentrate"],"picked":"Dagger Throw","floor":0},{"not_picked":["Eviscerate","Sucker Punch"],"picked":"Quick Slash","floor":0},{"not_picked":["Crippling Poison","hubris:SlightOfHand"],"picked":"Poisoned Stab","floor":0},{"not_picked":["Bouncing Flask","Flechettes"],"picked":"Accuracy","floor":0},{"not_picked":["Poisoned Stab","Choke"],"picked":"Backflip","floor":0},{"not_picked":["PiercingWail","Choke"],"picked":"Dagger Spray","floor":0},{"not_picked":["hubris:Counter","Dagger Spray"],"picked":"Acrobatics","floor":0},{"not_picked":["Dagger Spray","Accuracy"],"picked":"Footwork","floor":0},{"not_picked":["Choke","Dagger Spray"],"picked":"PiercingWail","floor":0},{"not_picked":["Sucker Punch","Underhanded Strike"],"picked":"Masterful Stab","floor":0},{"not_picked":["Quick Slash","Backstab"],"picked":"Infinite Blades","floor":0},{"not_picked":["Acrobatics","Backstab"],"picked":"hubris:TrickCloak","floor":0},{"not_picked":["Sucker Punch","PiercingWail"],"picked":"Backflip","floor":0},{"not_picked":["Dagger Throw","Poisoned Stab"],"picked":"Noxious Fumes","floor":0},{"not_picked":["Flying Knee","Quick Slash"],"picked":"Deadly Poison","floor":1},{"not_picked":["Slice","Masterful Stab"],"picked":"Backflip","floor":3},{"not_picked":["Burst","Expertise"],"picked":"Calculated Gamble","floor":4},{"not_picked":["Acrobatics","Finisher","PiercingWail"],"picked":"SKIP","floor":8},{"not_picked":["Concentrate","Outmaneuver","Sucker Punch"],"picked":"SKIP","floor":10},{"not_picked":["Concentrate","Outmaneuver","Sucker Punch"],"picked":"SKIP","floor":10},{"not_picked":["Flechettes","Concentrate","Quick Slash"],"picked":"SKIP","floor":11},{"not_picked":["Slice","Eviscerate","Deadly Poison"],"picked":"SKIP","floor":12},{"not_picked":["PiercingWail","Flying Knee","Concentrate"],"picked":"SKIP","floor":13},{"not_picked":["Dagger Spray","Blade Dance","Bouncing Flask"],"picked":"SKIP","floor":14},{"not_picked":["Burst","Unload"],"picked":"After Image","floor":16},{"not_picked":["Deflect","Poisoned Stab"],"picked":"Tactician","floor":18},{"not_picked":["Predator","Backflip","Blade Dance"],"picked":"SKIP","floor":24},{"not_picked":["Grand Finale","Sucker Punch+1"],"picked":"Prepared","floor":28},{"not_picked":["Acrobatics","Flying Knee","Slice"],"picked":"SKIP","floor":29},{"not_picked":["Backflip","Quick Slash+1"],"picked":"Well Laid Plans+1","floor":30},{"not_picked":["Cloak And Dagger","Quick Slash"],"picked":"Prepared","floor":31},{"not_picked":["Venomology","Glass Knife"],"picked":"After Image","floor":33},{"not_picked":["Flying Knee","Quick Slash+1"],"picked":"Underhanded Strike+1","floor":35},{"not_picked":["Die Die Die","Slice+1","hubris:TrickCloak"],"picked":"SKIP","floor":36},{"not_picked":["Distraction+1","Unload"],"picked":"Acrobatics","floor":40},{"not_picked":["Heel Hook+1","PiercingWail+1"],"picked":"Calculated Gamble","floor":44}],"player_experience":224303,"relics_obtained":[{"floor":9,"key":"Art of War"},{"floor":11,"key":"Pantograph"},{"floor":13,"key":"hubris:MobiusCoin"},{"floor":24,"key":"Nunchaku"},{"floor":26,"key":"Strawberry"},{"floor":28,"key":"hubris:64BitClover"},{"floor":39,"key":"StoneCalendar"},{"floor":40,"key":"Bag of Preparation"},{"floor":43,"key":"Letter Opener"},{"floor":44,"key":"hubris:DuctTape"}],"event_choices":[{"damage_healed":0,"gold_gain":75,"player_choice":"Gather Gold","damage_taken":11,"max_hp_gain":0,"max_hp_loss":0,"event_name":"World of Goop","floor":5,"gold_loss":0},{"damage_healed":0,"gold_gain":0,"player_choice":"Ignored","damage_taken":0,"max_hp_gain":0,"max_hp_loss":0,"event_name":"Liars Game","floor":7,"gold_loss":0},{"cards_removed":["Quick Slash"],"damage_healed":0,"gold_gain":0,"player_choice":"Gave Gold","damage_taken":0,"max_hp_gain":0,"max_hp_loss":0,"event_name":"Beggar","floor":19,"gold_loss":75},{"damage_healed":0,"gold_gain":0,"player_choice":"Ignored","damage_taken":0,"max_hp_gain":0,"max_hp_loss":0,"event_name":"Vampires","floor":20,"gold_loss":0},{"damage_healed":0,"gold_gain":99,"player_choice":"Stole From Cult","damage_taken":0,"max_hp_gain":0,"max_hp_loss":0,"event_name":"Nest","floor":21,"gold_loss":0},{"damage_healed":0,"gold_gain":100,"player_choice":"Bet on Murderer","damage_taken":0,"max_hp_gain":0,"max_hp_loss":0,"event_name":"The Joust","floor":27,"gold_loss":50},{"cards_removed":["Masterful Stab"],"damage_healed":0,"gold_gain":0,"player_choice":"Removed Attack","damage_taken":0,"max_hp_gain":0,"max_hp_loss":0,"event_name":"Falling","floor":37,"gold_loss":0},{"damage_healed":0,"gold_gain":0,"player_choice":"Ignored","damage_taken":0,"max_hp_gain":0,"max_hp_loss":0,"event_name":"Tomb of Lord Red Mask","floor":38,"gold_loss":0},{"damage_healed":0,"gold_gain":0,"player_choice":"Fight","damage_taken":0,"max_hp_gain":0,"max_hp_loss":0,"event_name":"MindBloom","floor":39,"gold_loss":0}],"is_beta":false,"boss_relics":[{"not_picked":["hubris:HollowSoul","HoveringKite"],"picked":"Ring of the Serpent"},{"not_picked":["SacredBark","hubris:Stopwatch"],"picked":"Sozu"}],"items_purged_floors":[],"is_endless":false,"potions_floor_spawned":[1,8,13,14,16,29,30,31,33,36,40],"killed_by":"Spire Growth","ascension_level":0}}