{"host":"malnomdwo8ughgez","time":1610495737,"event":{"mods":["AchievementEnabler","BaseMod","Challenge The Spire","Colored Powertips","Highlight Path","Minty Spire (QoL Compilation)","Quick Restart","everything is the same but u backflip on backflip"],"gold_per_floor":[114,114,0,0,21,60,60,103,103,119,144,194,206,262,274,377,452,478,514,546,558,570,582,582],"floor_reached":23,"language":"FRA","playtime":849,"items_purged":["Injury"],"score":366,"play_id":"2bee2034-8756-490e-976b-b4e864ea2860","local_time":"20210113005537","is_ascension_mode":true,"campfire_choices":[{"floor":7.0,"key":"REST"},{"floor":13.0,"key":"REST"},{"floor":15.0,"key":"REST"}],"circlet_count":0,"master_deck":["AscendersBane","Strike_R","Strike_R","Strike_R","Strike_R","Strike_R","Defend_R","Defend_R","Defend_R","Defend_R","Bash","Bludgeon","Perfected Strike","Whirlwind+1","Fire Breathing","Cleave+1","Demon Form","Headbutt","Fire Breathing","Twin Strike","Brutality","Dual Wield","Disarm","Writhe"],"relics":["Burning Blood","Golden Idol","Mercury Hourglass","Blood Vial","Darkstone Periapt","MawBank","Smiling Mask","Tiny House","Eternal Feather"],"acts_visited":[],"potions_floor_usage":[20,20,23,23],"damage_taken":[{"damage":1.0,"enemies":"2 Louse","floor":1.0,"turns":3.0},{"damage":7.0,"enemies":"Jaw Worm","floor":5.0,"turns":3.0},{"damage":50.0,"enemies":"Lagavulin","floor":6.0,"turns":6.0},{"damage":15.0,"enemies":"3 Sentries","floor":8.0,"turns":5.0},{"damage":3.0,"enemies":"Small Slimes","floor":10.0,"turns":2.0},{"damage":17.0,"enemies":"Exordium Thugs","floor":11.0,"turns":3.0},{"damage":13.0,"enemies":"Gremlin Nob","floor":14.0,"turns":3.0},{"damage":16.0,"enemies":"Slime Boss","floor":16.0,"turns":8.0},{"damage":47.0,"enemies":"Shell Parasite","floor":18.0,"turns":4.0},{"damage":13.0,"enemies":"3 Byrds","floor":19.0,"turns":4.0},{"damage":30,"enemies":"Sentry and Sphere","floor":20,"turns":4},{"damage":25,"enemies":"Slavers","floor":23,"turns":1}],"seed_played":"5480604607681990409","potions_obtained":[{"floor":8.0,"key":"EntropicBrew"},{"floor":11.0,"key":"LiquidMemories"},{"floor":14.0,"key":"Energy Potion"},{"floor":16.0,"key":"BlessingOfTheForge"},{"floor":18.0,"key":"Strength Potion"}],"is_trial":false,"path_per_floor":["M","?","$","?","M","E","R","E","T","M","M","T","R","E","R","B",null,"M","M","M","?","?","E"],"character_chosen":"IRONCLAD","items_purchased":["Whirlwind"],"campfire_rested":3,"item_purchase_floors":[3],"current_hp_per_floor":[55,55,55,55,54,10,32,23,23,28,19,19,41,36,58,50,74,35,30,8,14,14,0,0],"gold":582,"neow_bonus":"THREE_RARE_CARDS","is_daily":false,"chose_seed":false,"campfire_upgraded":0,"win_rate":0.0,"timestamp":1610495737,"path_taken":["M","?","$","?","M","E","R","E","T","M","M","?","R","E","R","BOSS","M","M","M","?","?","E"],"items_purchased_type":["Card"],"build_version":"2020-12-22","purchased_purges":1,"victory":false,"max_hp_per_floor":[75,75,75,75,75,75,75,75,75,75,75,75,75,75,75,75,80,80,80,80,86,86,86,86],"card_choices":[{"not_picked":["Fiend Fire","Juggernaut"],"picked":"Bludgeon","floor":0.0},{"not_picked":["Wild Strike","Body Slam"],"picked":"Perfected Strike","floor":1.0},{"not_picked":["True Grit","Iron Wave"],"picked":"Fire Breathing","floor":5.0},{"not_picked":["Offering","Flex"],"picked":"Cleave","floor":6.0},{"not_picked":["Armaments","Shrug It Off"],"picked":"Demon Form","floor":8.0},{"not_picked":["Sword Boomerang","Anger"],"picked":"Headbutt","floor":10.0},{"not_picked":["Cleave","Wild Strike"],"picked":"Fire Breathing","floor":11.0},{"not_picked":["Combust","Perfected Strike"],"picked":"Twin Strike","floor":14.0},{"not_picked":["Fiend Fire","Corruption"],"picked":"Brutality","floor":16.0},{"not_picked":["Body Slam","Shockwave"],"picked":"Dual Wield","floor":18.0},{"not_picked":["Perfected Strike","Bloodletting","Dark Embrace"],"picked":"SKIP","floor":19.0},{"not_picked":["Perfected Strike","Bloodletting","Dark Embrace"],"picked":"SKIP","floor":19.0},{"not_picked":["Warcry","Anger"],"picked":"Disarm","floor":20}],"player_experience":1244606,"relics_obtained":[{"floor":6.0,"key":"Mercury Hourglass"},{"floor":8.0,"key":"Blood Vial"},{"floor":9.0,"key":"Darkstone Periapt"},{"floor":12.0,"key":"MawBank"},{"floor":14.0,"key":"Smiling Mask"}],"event_choices":[{"damage_healed":0.0,"max_hp_gain":0.0,"max_hp_loss":0.0,"gold_gain":0.0,"event_name":"Golden Idol","player_choice":"Take Wound","floor":2.0,"gold_loss":0.0,"damage_taken":0.0,"relics_obtained":["Golden Idol"],"cards_obtained":["Injury"]},{"damage_healed":0.0,"max_hp_gain":0.0,"max_hp_loss":0.0,"gold_gain":0.0,"event_name":"Liars Game","player_choice":"Ignored","floor":4.0,"gold_loss":0.0,"damage_taken":0.0},{"damage_healed":0,"gold_gain":0,"player_choice":"Opened","damage_taken":0,"relics_obtained":["Eternal Feather"],"max_hp_gain":0,"max_hp_loss":0,"event_name":"The Mausoleum","floor":21,"gold_loss":0,"cards_obtained":["Writhe"]},{"damage_healed":0,"gold_gain":0,"player_choice":"Upgraded","damage_taken":0,"max_hp_gain":0,"max_hp_loss":0,"event_name":"Upgrade Shrine","floor":22,"gold_loss":0,"cards_upgraded":["Whirlwind"]}],"is_beta":false,"boss_relics":[{"not_picked":["Snecko Eye","Runic Cube"],"picked":"Tiny House"}],"items_purged_floors":[3],"is_endless":false,"potions_floor_spawned":[8,11,14,16,18],"killed_by":"Slavers","ascension_level":15}}