{"host":"4a0aa7b2d8dxohwr","time":1610422954,"event":{"mods":["ATMod(∞¢Ë™Mod)","Act Like it!","BaseMod","Dota2Spire","Gensokyo","GifTheSpireLib","Marisa£®ÏF”Í°°ƒß¿Ì…≥£©","Minty Spire (QoL Compilation)","Reimu£®≤©¿ˆ¡È√Œ£©","Remilia£®¿Ÿ√◊¿Ú—«£©","Shop Mod","StSLib","The Servant 0.9.4","Youmu£®ªÍ∆«—˝√Œ£©","[IsaacMod]“‘»ˆº‚À˛"],"gold_per_floor":[109,119,33,51,64,64,91,104,104,130,130,145,145,145,145,241,241,260,64,80,80,92,126,144,173,226,226,62,97,97,197,197,496,496,508,148,159,175,186,221,221,252,252,64,102,102,147,292,292,317,317,317,43,78,183],"floor_reached":56,"playtime":3170,"items_purged":["Strike_S","Strike_S","Strike_S"],"score":1669,"play_id":"2c015196-baa4-42c0-8772-0158c2544fee","local_time":"20210112114234","is_ascension_mode":true,"campfire_choices":[{"data":"Moondial","floor":6.0,"key":"SMITH"},{"data":"Potential","floor":11.0,"key":"SMITH"},{"data":"Initiator","floor":13.0,"key":"SMITH"},{"data":"KidneyShot","floor":15.0,"key":"SMITH"},{"data":"SilverBlades","floor":27.0,"key":"SMITH"},{"data":"Starlight","floor":32.0,"key":"SMITH"},{"data":"BestPractice","floor":41,"key":"SMITH"},{"data":"DancingSilver","floor":46,"key":"SMITH"},{"floor":49,"key":"RECALL"},{"data":"TheWorld","floor":52,"key":"SMITH"}],"circlet_count":0,"master_deck":["Strike_S","Defend_S","Defend_S","Defend_S","Defend_S","KidneyShot+1","Exchange","AT_FamilyPortrait+1","BottledTime","Initiator+1","Rearm","Moondial+1","FastForward","Potential+1","InstantArmor","Misdirection","Dilation","TimeTheft+1","SilverBlades+1","Starlight+1","DualDimension","BottledTime","Defy","TimeWarp","GearUp","Alleviate","Sunlight","SilverMatrix","ShatteredReality","TheWorld+1","Deny","BestPractice+1","Luminosity+1","DancingSilver+1","BottledTime+1","ShiftingGears+1","PendulumOfEternity"],"relics":["Uniform","AT_ATBox","HushsDoor","AT_BellowingDragoncrestRing","Ice Cream","HowToJump","SlaversCollar","Gensokyo:ChorusOfJoy","Dota2Spire:EchoSabre","RuthlessExorcism:ReiMu","PreservedInsect","Bottled Lightning","MoneyPower","Coffee Dripper","Coffee Dripper","AT_LudenTempest","Dota2Spire:Desolator","Dota2Spire:BattleFury","AT_BladeRuinedKing","AT_SpeedBoots","MerchantsRug","Sling","SalivaCoin"],"acts_visited":["Gensokyo:Gensokyo","Gensokyo:Gensokyoer","TheBeyond","TheEnding"],"potions_floor_usage":[47,50],"damage_taken":[{"damage":7.0,"enemies":"Gensokyo:2_Kodama","floor":1.0,"turns":3.0},{"damage":0.0,"enemies":"Gensokyo:Python","floor":2.0,"turns":2.0},{"damage":8.0,"enemies":"Gensokyo:Gryphon","floor":4.0,"turns":3.0},{"damage":14.0,"enemies":"Gensokyo:Kitsune","floor":5.0,"turns":5.0},{"damage":5.0,"enemies":"Gensokyo:Mamizou","floor":7.0,"turns":7.0},{"damage":0.0,"enemies":"Gensokyo:Python_and_Kodama","floor":8.0,"turns":3.0},{"damage":0.0,"enemies":"Gensokyo:Cirno","floor":10.0,"turns":6.0},{"damage":0.0,"enemies":"Gensokyo:VengefulSpirit","floor":12.0,"turns":2.0},{"damage":17.0,"enemies":"Gensokyo:Kokoro","floor":16.0,"turns":7.0},{"damage":13.0,"enemies":"Gensokyo:AngelMirror","floor":18.0,"turns":2.0},{"damage":0.0,"enemies":"Gensokyo:3_Dogs","floor":20.0,"turns":4.0},{"damage":0.0,"enemies":"Gensokyo:3_Gloops","floor":22.0,"turns":2.0},{"damage":0.0,"enemies":"Gensokyo:Koishi","floor":23.0,"turns":2.0},{"damage":0.0,"enemies":"Gensokyo:Wraith","floor":24.0,"turns":4.0},{"damage":0.0,"enemies":"Gensokyo:Reisen","floor":25.0,"turns":4.0},{"damage":11.0,"enemies":"Gensokyo:Tenshi","floor":29.0,"turns":4.0},{"damage":0.0,"enemies":"Gensokyo:Tenshi","floor":31.0,"turns":4.0},{"damage":4.0,"enemies":"Gensokyo:Eiki","floor":33.0,"turns":7.0},{"damage":6,"enemies":"3 Darklings","floor":35,"turns":2},{"damage":0,"enemies":"Orb Walker","floor":37,"turns":2},{"damage":0,"enemies":"Jaw Worm Horde","floor":38,"turns":2},{"damage":0,"enemies":"3 Darklings","floor":39,"turns":2},{"damage":0,"enemies":"Reptomancer","floor":40,"turns":1},{"damage":0,"enemies":"Nemesis","floor":42,"turns":3},{"damage":0,"enemies":"Maw","floor":45,"turns":2},{"damage":0,"enemies":"Transient","floor":47,"turns":4},{"damage":5,"enemies":"3 Darklings","floor":48,"turns":2},{"damage":3,"enemies":"Time Eater","floor":50,"turns":4},{"damage":0,"enemies":"Shield and Spear","floor":54,"turns":1},{"damage":0,"enemies":"The Heart","floor":55,"turns":3}],"seed_played":"-4193947365980853203","potions_obtained":[{"floor":1.0,"key":"GamblersBrew"},{"floor":10.0,"key":"Dexterity Potion"},{"floor":12.0,"key":"FairyPotion"},{"floor":16.0,"key":"Regen Potion"},{"floor":20.0,"key":"Fruit Juice"},{"floor":23.0,"key":"Explosive Potion"},{"floor":25.0,"key":"Dota2Spire:Clarity"},{"floor":42,"key":"ColorlessPotion"},{"floor":47,"key":"GamblersBrew"},{"floor":48,"key":"ColorlessPotion"}],"is_trial":false,"path_per_floor":["M","M","COS","M","M","R","E","M","T","E","R","M","R","?","R","B",null,"M","$","M","?","M","E","M","E","T","R","COS","E","T","?","R","B",null,"M","$","M","M","M","E","R","E","T","$","M","R","M","M","R","B",null,"R","$","E","B",null],"character_chosen":"THE_SERVANT","items_purchased":["SilverBlades","Starlight","Dota2Spire:Desolator","AT_BladeRuinedKing","DancingSilver","AT_SpeedBoots","MerchantsRug","Sling","Swift Potion"],"campfire_rested":0,"item_purchase_floors":[19,19,36,44,44,53,53,53,53],"current_hp_per_floor":[58,58,58,50,36,36,31,31,31,31,31,31,31,31,31,14,65,52,52,57,57,57,57,57,57,57,57,57,46,46,46,46,42,70,64,64,64,64,64,64,64,64,64,64,64,70,70,65,70,67,70,70,70,70,70],"gold":183,"neow_bonus":"UPGRADE_CARD","is_daily":false,"chose_seed":false,"campfire_upgraded":9,"win_rate":0.0,"timestamp":1610422954,"path_taken":["M","M","COS","M","M","R","E","?","T","E","R","M","R","?","R","BOSS","M","?","M","?","M","E","M","E","T","R","COS","E","?","?","R","BOSS","M","$","M","M","M","E","R","E","T","?","M","R","M","M","R","BOSS","R","$","E","BOSS"],"items_purchased_type":["Card","Card","Relic","Relic","Card","Relic","Relic","Relic","Potion"],"build_version":"2020-12-22","purchased_purges":3,"victory":true,"max_hp_per_floor":[65,65,65,65,65,65,65,65,65,65,65,65,65,65,65,65,65,65,65,70,70,70,70,70,70,70,70,70,70,70,70,70,70,70,70,70,70,70,70,70,70,70,70,70,70,70,70,70,70,70,70,70,70,70,70],"card_choices":[{"not_picked":[],"picked":"ChaosCard","floor":0.0},{"not_picked":["Gouge","Read"],"picked":"BottledTime","floor":1.0},{"not_picked":["GearUp","Contraction"],"picked":"Initiator","floor":2.0},{"not_picked":["BestPractice","BottledTime"],"picked":"Rearm","floor":4.0},{"not_picked":["TimeWarp","DancingSilver"],"picked":"Moondial","floor":5.0},{"not_picked":["Rewind","Barrier"],"picked":"FastForward","floor":7.0},{"not_picked":["SurpressingFire","Desolation"],"picked":"Potential","floor":8.0},{"not_picked":["Alleviate","Potential"],"picked":"InstantArmor","floor":10.0},{"not_picked":["Rewind","BottledTime"],"picked":"Misdirection","floor":12.0},{"not_picked":["Duplication","SoulSculpture"],"picked":"Dilation","floor":16.0},{"not_picked":["Unruled","SurpressingFire+1"],"picked":"TimeTheft+1","floor":18.0},{"not_picked":["Rewind","MoonPhase"],"picked":"DualDimension","floor":20.0},{"not_picked":["Revamp","Unruled"],"picked":"BottledTime","floor":22.0},{"not_picked":["Unruled+1","Shuttle"],"picked":"Defy","floor":23.0},{"not_picked":["BestPractice","Unruled"],"picked":"TimeWarp","floor":24.0},{"not_picked":["Reset","Defy"],"picked":"GearUp","floor":25.0},{"not_picked":["Rewind","MoonPhase"],"picked":"Alleviate","floor":29.0},{"not_picked":["Barrier","MoonPhase"],"picked":"Sunlight","floor":31.0},{"not_picked":["MurderousAura","LightFlow","SoulSculpture"],"picked":"SilverMatrix","floor":33.0},{"not_picked":["FanOfKnives+1","Contraction","TimeTheft"],"picked":"ShatteredReality","floor":35},{"not_picked":["Revamp","Alleviate+1","Starlight+1","Spin+1"],"picked":"SKIP","floor":37},{"not_picked":["Rearm+1","DoubleEdge+1","Replace"],"picked":"TheWorld","floor":38},{"not_picked":["DualDimension","ShatteredReality+1","Starlight+1"],"picked":"Deny","floor":39},{"not_picked":["ShatteredReality","TimeWarp","Reset+1"],"picked":"BestPractice","floor":40},{"not_picked":["Revamp+1","ShatteredReality+1","Advance"],"picked":"Luminosity+1","floor":42},{"not_picked":["Shuttle","Rearm+1","DoubleEdge+1","Rewind+1"],"picked":"SKIP","floor":45},{"not_picked":["MoonPhase+1","Collapse+1","SpecialFormula+1"],"picked":"BottledTime+1","floor":47},{"not_picked":["TimeWarp+1","Starlight+1","Replace"],"picked":"ShiftingGears+1","floor":48},{"not_picked":["WasteNot","BestPractice"],"picked":"PendulumOfEternity","floor":54}],"player_experience":435453,"relics_obtained":[{"floor":7.0,"key":"Ice Cream"},{"floor":9.0,"key":"D6"},{"floor":10.0,"key":"HowToJump"},{"floor":23.0,"key":"Dota2Spire:EchoSabre"},{"floor":25.0,"key":"RuthlessExorcism:ReiMu"},{"floor":26.0,"key":"PreservedInsect"},{"floor":29.0,"key":"Bottled Lightning"},{"floor":31.0,"key":"Diplopia"},{"floor":31.0,"key":"MoneyPower"},{"floor":40,"key":"Dota2Spire:BattleFury"},{"floor":42,"key":"Eternal Feather"},{"floor":43,"key":"AT_MibuBalloonWealth"},{"floor":54,"key":"SalivaCoin"}],"event_choices":[],"is_beta":false,"boss_relics":[{"not_picked":["Velvet Choker","Runic Dome"],"picked":"SlaversCollar"},{"not_picked":[]},{"not_picked":["Black Star","Snecko Eye"],"picked":"Coffee Dripper"},{"not_picked":[]}],"items_purged_floors":[19,36,53],"is_endless":false,"potions_floor_spawned":[1,10,12,16,20,23,25,33,42,45,47,48],"ascension_level":3}}