{"host":"f5gffvlv6a66yqkd","time":1610432107,"event":{"mods":["2.2 Compatiblity","BaseMod","Colored Map","DeckTracker","Keyboard Shortcuts","Minty Spire (QoL Compilation)","Permanent Neow","Quick Restart","Relic Stats","StSLib","SuperFastMode"],"gold_per_floor":[118,138,149,165,3,3,35,35,35,52,69,69,99,116,116,213,213,230,248,261,77,77,77,110,110,110,110,110,30,30,64,64,168,218,235,285,285,296,82,82,93,110,136,136,161,185,197,229,241,356,368,399,430,462,494,516,528,560,572,584,608,637,676,688,775,787,908,920,947,973,994,1006,1028,1040,1052,1064,1111,1142,7,21,21,21,21,21,21],"floor_reached":84,"playtime":2765,"items_purged":["Strike_R","Strike_R","Strike_R","J.A.X."],"score":1560,"play_id":"1f036b41-bc2c-403d-8ac8-6ff8ac886ac9","local_time":"20210112151507","is_ascension_mode":false,"campfire_choices":[{"data":"Armaments","floor":6.0,"key":"SMITH"},{"data":"Body Slam","floor":8.0,"key":"SMITH"},{"data":"Carnage","floor":12.0,"key":"SMITH"},{"data":"True Grit","floor":15.0,"key":"SMITH"},{"data":"Seeing Red","floor":23.0,"key":"SMITH"},{"data":"Impervious","floor":25.0,"key":"SMITH"},{"data":"Barricade","floor":28.0,"key":"SMITH"},{"data":"Burning Pact","floor":30.0,"key":"SMITH"},{"data":"Shrug It Off","floor":32.0,"key":"SMITH"},{"data":"Seeing Red","floor":40.0,"key":"SMITH"},{"data":"Shrug It Off","floor":44.0,"key":"SMITH"},{"data":"Feed","floor":49.0,"key":"SMITH"},{"data":"Entrench","floor":57.0,"key":"SMITH"},{"data":"Evolve","floor":59.0,"key":"SMITH"},{"data":"Impervious","floor":66.0,"key":"SMITH"},{"data":"Brutality","floor":74.0,"key":"SMITH"},{"floor":76.0,"key":"REST"},{"floor":83,"key":"REST"}],"circlet_count":0,"master_deck":["Strike_R+1","Defend_R","Defend_R","Defend_R","Defend_R","Bash","Body Slam+1","Cleave","Armaments+1","Shrug It Off+1","Inflame","True Grit+1","Carnage+1","Hemokinesis","Barricade+1","Shrug It Off+1","Burning Pact+1","Seeing Red+1","Impervious+1","Feed+1","Seeing Red+1","Sentinel+1","Evolve+1","Entrench+1","Impervious+1","Brutality+1","Body Slam+1"],"relics":["Burning Blood","Question Card","Gremlin Horn","Pantograph","SacredBark","Medical Kit","The Courier","CaptainsWheel","Mummified Hand","Sundial","Tiny House","Ice Cream","Toy Ornithopter","CeramicFish","MawBank","Eternal Feather","Philosopher\u0027s Stone","Chemical X","Molten Egg 2","Potion Belt","Bag of Marbles","Vajra","Pen Nib","FossilizedHelix"],"acts_visited":["Exordium","TheCity","TheBeyond","Exordium","TheCity"],"potions_floor_usage":[84],"damage_taken":[{"damage":6.0,"enemies":"Cultist","floor":1.0,"turns":5.0},{"damage":1.0,"enemies":"2 Louse","floor":2.0,"turns":3.0},{"damage":2.0,"enemies":"Small Slimes","floor":3.0,"turns":4.0},{"damage":11.0,"enemies":"Blue Slaver","floor":4.0,"turns":5.0},{"damage":4.0,"enemies":"Lagavulin","floor":7.0,"turns":8.0},{"damage":0.0,"enemies":"Looter","floor":10.0,"turns":4.0},{"damage":15.0,"enemies":"Exordium Wildlife","floor":11.0,"turns":4.0},{"damage":28.0,"enemies":"Gremlin Nob","floor":13.0,"turns":4.0},{"damage":7.0,"enemies":"Blue Slaver","floor":14.0,"turns":4.0},{"damage":22.0,"enemies":"Slime Boss","floor":16.0,"turns":9.0},{"damage":0.0,"enemies":"Shell Parasite","floor":18.0,"turns":7.0},{"damage":29.0,"enemies":"Spheric Guardian","floor":19.0,"turns":6.0},{"damage":6.0,"enemies":"Centurion and Healer","floor":20.0,"turns":11.0},{"damage":2.0,"enemies":"Book of Stabbing","floor":24.0,"turns":7.0},{"damage":4.0,"enemies":"Gremlin Leader","floor":31.0,"turns":6.0},{"damage":6.0,"enemies":"Automaton","floor":33.0,"turns":6.0},{"damage":15.0,"enemies":"3 Shapes","floor":35.0,"turns":3.0},{"damage":2.0,"enemies":"Mind Bloom Boss Battle","floor":36.0,"turns":12.0},{"damage":10.0,"enemies":"Orb Walker","floor":38.0,"turns":3.0},{"damage":0.0,"enemies":"4 Shapes","floor":41.0,"turns":6.0},{"damage":19.0,"enemies":"Jaw Worm Horde","floor":42.0,"turns":5.0},{"damage":0.0,"enemies":"Sphere and 2 Shapes","floor":46.0,"turns":4.0},{"damage":5.0,"enemies":"Spire Growth","floor":48.0,"turns":9.0},{"damage":0.0,"enemies":"Donu and Deca","floor":50.0,"turns":9.0},{"damage":0.0,"enemies":"Small Slimes","floor":52.0,"turns":3.0},{"damage":0.0,"enemies":"Cultist","floor":53.0,"turns":3.0},{"damage":0.0,"enemies":"Jaw Worm","floor":54.0,"turns":2.0},{"damage":0.0,"enemies":"Lots of Slimes","floor":55.0,"turns":7.0},{"damage":0.0,"enemies":"Large Slime","floor":56.0,"turns":7.0},{"damage":9.0,"enemies":"Blue Slaver","floor":58.0,"turns":3.0},{"damage":2.0,"enemies":"3 Louse","floor":61.0,"turns":3.0},{"damage":0.0,"enemies":"Exordium Wildlife","floor":62.0,"turns":6.0},{"damage":0.0,"enemies":"Looter","floor":63.0,"turns":3.0},{"damage":70.0,"enemies":"Hexaghost","floor":67.0,"turns":6.0},{"damage":30.0,"enemies":"Spheric Guardian","floor":69.0,"turns":5.0},{"damage":26.0,"enemies":"Shell Parasite","floor":70.0,"turns":6.0},{"damage":2.0,"enemies":"Centurion and Healer","floor":73.0,"turns":8.0},{"damage":95.0,"enemies":"Slavers","floor":77.0,"turns":10.0},{"damage":27.0,"enemies":"Snecko","floor":78.0,"turns":8.0},{"damage":0,"enemies":"Snake Plant","floor":80,"turns":3},{"damage":122,"enemies":"Collector","floor":84,"turns":6}],"seed_played":"-437902633693397881","potions_obtained":[{"floor":2.0,"key":"SneckoOil"},{"floor":4.0,"key":"HeartOfIron"},{"floor":7.0,"key":"BlessingOfTheForge"},{"floor":11.0,"key":"ElixirPotion"},{"floor":16.0,"key":"DuplicationPotion"},{"floor":20.0,"key":"ColorlessPotion"},{"floor":31.0,"key":"PowerPotion"},{"floor":34.0,"key":"Weak Potion"},{"floor":36.0,"key":"FearPotion"},{"floor":46.0,"key":"SneckoOil"},{"floor":50.0,"key":"SteroidPotion"},{"floor":54.0,"key":"Strength Potion"},{"floor":55.0,"key":"LiquidMemories"},{"floor":61.0,"key":"Fire Potion"},{"floor":63.0,"key":"Swift Potion"},{"floor":69.0,"key":"FearPotion"}],"is_trial":true,"path_per_floor":["M","M","M","M","$","R","E","R","T","M","M","R","E","M","R","B",null,"M","M","M","$","?","R","E","R","T","?","R","$","R","E","R","B",null,"M","?","?","M","$","R","M","M","T","R","T","M","$","M","R","B",null,"M","M","M","M","M","R","M","R","T","M","M","M","?","?","R","B",null,"M","M","?","?","M","R","?","R","E","M","$","M","$","?","R","B"],"character_chosen":"IRONCLAD","items_purchased":["Shrug It Off","Inflame","Medical Kit","Seeing Red","Toy Ornithopter","Chemical X","Molten Egg 2","Potion Belt","Bag of Marbles","Vajra","Pen Nib","FossilizedHelix"],"campfire_rested":2,"item_purchase_floors":[5,5,21,21,39,79,79,79,79,79,79,79],"current_hp_per_floor":[80,80,80,75,75,75,77,77,77,80,71,71,49,48,48,57,80,80,57,57,57,42,42,46,46,46,46,46,46,46,48,48,73,90,81,94,94,90,90,90,98,88,88,88,88,98,98,102,102,112,112,112,116,116,120,124,124,121,121,121,128,132,136,136,123,136,74,136,112,96,96,80,88,103,103,144,59,47,47,53,53,20,82,0,0],"gold":21,"neow_bonus":"","is_daily":false,"chose_seed":false,"campfire_upgraded":16,"win_rate":0.0,"timestamp":1610432107,"path_taken":["M","M","M","M","$","R","E","R","T","M","M","R","E","M","R","BOSS","M","M","M","?","?","R","E","R","T","?","R","$","R","E","R","BOSS","M","?","?","M","?","R","M","M","T","R","?","?","$","M","R","BOSS","M","M","M","M","M","R","M","R","T","M","M","M","?","?","R","BOSS","M","M","?","?","M","R","?","R","E","M","$","?","?","?","R","BOSS"],"items_purchased_type":["Card","Card","Relic","Card","Relic","Relic","Relic","Relic","Relic","Relic","Relic","Relic"],"build_version":"2020-12-22","purchased_purges":4,"victory":false,"max_hp_per_floor":[80,80,80,80,80,80,80,80,80,80,80,80,80,80,80,80,80,80,80,80,80,85,85,85,85,85,85,85,85,85,85,85,85,90,90,94,94,94,94,94,98,101,101,101,101,105,105,108,108,112,112,112,116,116,120,124,124,124,124,124,128,132,136,136,136,136,136,136,136,140,140,140,144,144,144,144,148,152,152,152,152,157,157,157,157],"relic_stats":{"Gremlin Horn":[36,36],"counters":[41,233],"CeramicFish":54,"Eternal Feather":58,"Pen Nib":[0],"Question Card":36,"Medical Kit":[12],"MawBank":408,"Burning Blood":167,"Mummified Hand":[81],"Sundial":[42],"Pantograph":90,"Chemical X":[1],"obtain_stats":[{"Ice Cream":36,"Potion Belt":79,"Tiny House":34,"Gremlin Horn":9,"SacredBark":17,"CeramicFish":43,"Vajra":79,"Eternal Feather":60,"The Courier":24,"Pen Nib":79,"Question Card":7,"Medical Kit":21,"MawBank":45,"Burning Blood":0,"CaptainsWheel":26,"Mummified Hand":27,"Sundial":31,"Pantograph":13,"Philosopher\u0027s Stone":68,"Molten Egg 2":79,"Bag of Marbles":79,"Chemical X":79,"Toy Ornithopter":39,"FossilizedHelix":79},{"Ice Cream":18,"Potion Belt":39,"Tiny House":16,"Gremlin Horn":5,"SacredBark":10,"CeramicFish":21,"Vajra":39,"Eternal Feather":30,"The Courier":14,"Pen Nib":39,"Question Card":5,"Medical Kit":13,"MawBank":21,"Burning Blood":0,"CaptainsWheel":14,"Mummified Hand":14,"Sundial":15,"Pantograph":8,"Philosopher\u0027s Stone":34,"Molten Egg 2":39,"Bag of Marbles":39,"Chemical X":39,"Toy Ornithopter":19,"FossilizedHelix":39},{"Ice Cream":108,"Potion Belt":224,"Tiny House":93,"Gremlin Horn":25,"SacredBark":50,"CeramicFish":122,"Vajra":224,"Eternal Feather":169,"The Courier":81,"Pen Nib":224,"Question Card":25,"Medical Kit":74,"MawBank":122,"Burning Blood":0,"CaptainsWheel":81,"Mummified Hand":81,"Sundial":87,"Pantograph":37,"Philosopher\u0027s Stone":187,"Molten Egg 2":224,"Bag of Marbles":224,"Chemical X":224,"Toy Ornithopter":111,"FossilizedHelix":224}],"Toy Ornithopter":12},"card_choices":[{"not_picked":["Heavy Blade","Cleave"],"picked":"Body Slam","floor":1.0},{"not_picked":["Clash","Burning Pact"],"picked":"Cleave","floor":2.0},{"not_picked":["Cleave","Burning Pact"],"picked":"Armaments","floor":3.0},{"not_picked":["Reckless Charge","Shockwave","Warcry"],"picked":"SKIP","floor":4.0},{"not_picked":["Flex","Havoc"],"picked":"True Grit","floor":7.0},{"not_picked":["True Grit","Cleave","Warcry","Twin Strike"],"picked":"SKIP","floor":10.0},{"not_picked":["Wild Strike","Spot Weakness","Sword Boomerang"],"picked":"Carnage","floor":11.0},{"not_picked":["Ghostly Armor","Warcry","Clash","Reaper"],"picked":"SKIP","floor":13.0},{"not_picked":["Thunderclap","Bloodletting","Havoc"],"picked":"Hemokinesis","floor":14.0},{"not_picked":["Impervious","Bludgeon","Corruption"],"picked":"Barricade","floor":16.0},{"not_picked":["Blood for Blood","Pommel Strike","Dropkick","Searing Blow+1"],"picked":"SKIP","floor":18.0},{"not_picked":["Pommel Strike","Cleave+1","Sword Boomerang"],"picked":"Shrug It Off","floor":19.0},{"not_picked":["Searing Blow","Iron Wave","Anger+1"],"picked":"Burning Pact","floor":20.0},{"not_picked":["Twin Strike","Body Slam+1","Feel No Pain+1"],"picked":"Impervious","floor":24.0},{"not_picked":["True Grit","Dark Embrace","Headbutt+1","Anger"],"picked":"SKIP","floor":31.0},{"not_picked":["Double Tap","Berserk","Limit Break"],"picked":"Feed","floor":33.0},{"not_picked":["Cleave","Pommel Strike+1","Disarm+1","Sever Soul"],"picked":"SKIP","floor":35.0},{"not_picked":["Fire Breathing","Flex","Burning Pact"],"picked":"Seeing Red","floor":36.0},{"not_picked":["Clothesline+1","Anger","Shrug It Off+1","Inflame"],"picked":"SKIP","floor":38.0},{"not_picked":["Shrug It Off+1","Iron Wave","Wild Strike+1","Disarm"],"picked":"SKIP","floor":41.0},{"not_picked":["Shockwave","Shrug It Off+1","Flex"],"picked":"Sentinel+1","floor":42.0},{"not_picked":["Heavy Blade+1","Perfected Strike","Anger+1","Armaments"],"picked":"SKIP","floor":46.0},{"not_picked":["Whirlwind+1","Pommel Strike+1","Anger+1","Reaper"],"picked":"SKIP","floor":48.0},{"not_picked":["Iron Wave","Shrug It Off","Clothesline","Wild Strike"],"picked":"SKIP","floor":52.0},{"not_picked":["Intimidate","True Grit","Clothesline"],"picked":"Evolve","floor":53.0},{"not_picked":["Clash","Ghostly Armor","Bloodletting","Sever Soul"],"picked":"SKIP","floor":54.0},{"not_picked":["True Grit","Flex","Warcry"],"picked":"Entrench","floor":55.0},{"not_picked":["Entrench","Anger","Berserk","True Grit"],"picked":"SKIP","floor":56.0},{"not_picked":["Clothesline","Warcry","Carnage","Anger"],"picked":"SKIP","floor":58.0},{"not_picked":["Entrench","Ghostly Armor","Uppercut","Disarm"],"picked":"SKIP","floor":61.0},{"not_picked":["Body Slam","Rage","Armaments","Uppercut"],"picked":"SKIP","floor":62.0},{"not_picked":["Infernal Blade","Flex","Cleave"],"picked":"Impervious","floor":63.0},{"not_picked":["Bludgeon","Juggernaut","Demon Form"],"picked":"Brutality","floor":67.0},{"not_picked":["Warcry+1","Clothesline","Sword Boomerang","Armaments"],"picked":"SKIP","floor":69.0},{"not_picked":["Havoc+1","Infernal Blade","Metallicize+1","Clothesline"],"picked":"SKIP","floor":70.0},{"not_picked":["Sword Boomerang","Entrench+1","Combust","Havoc"],"picked":"SKIP","floor":73.0},{"not_picked":["Thunderclap","Searing Blow+1","Dropkick+1"],"picked":"Body Slam+1","floor":77.0},{"not_picked":["Iron Wave","Heavy Blade+1","Fiend Fire","Clash"],"picked":"SKIP","floor":78.0},{"not_picked":["Warcry+1","Headbutt+1","Rampage+1","Sentinel"],"picked":"SKIP","floor":80}],"player_experience":1544665,"relics_obtained":[{"floor":7.0,"key":"Question Card"},{"floor":9.0,"key":"Gremlin Horn"},{"floor":13.0,"key":"Pantograph"},{"floor":24.0,"key":"The Courier"},{"floor":26.0,"key":"CaptainsWheel"},{"floor":31.0,"key":"Sundial"},{"floor":36.0,"key":"Ice Cream"},{"floor":43.0,"key":"CeramicFish"},{"floor":45.0,"key":"MawBank"},{"floor":60.0,"key":"Eternal Feather"}],"event_choices":[{"damage_healed":0.0,"max_hp_gain":5.0,"max_hp_loss":0.0,"gold_gain":0.0,"event_name":"Forgotten Altar","player_choice":"Shed Blood","floor":22.0,"gold_loss":0.0,"damage_taken":20.0},{"damage_healed":0.0,"max_hp_gain":0.0,"max_hp_loss":0.0,"gold_gain":0.0,"event_name":"The Mausoleum","player_choice":"Opened","floor":27.0,"gold_loss":0.0,"damage_taken":0.0,"relics_obtained":["Mummified Hand"]},{"damage_healed":0.0,"max_hp_gain":0.0,"max_hp_loss":0.0,"gold_gain":0.0,"event_name":"MindBloom","player_choice":"Fight","floor":36.0,"gold_loss":0.0,"damage_taken":0.0},{"damage_healed":0.0,"max_hp_gain":0.0,"max_hp_loss":0.0,"gold_gain":0.0,"event_name":"Tomb of Lord Red Mask","player_choice":"Ignored","floor":37.0,"gold_loss":0.0,"damage_taken":0.0},{"cards_removed":["Strike_R"],"damage_healed":0.0,"max_hp_gain":0.0,"max_hp_loss":0.0,"gold_gain":0.0,"event_name":"Living Wall","player_choice":"Forget","floor":64.0,"gold_loss":0.0,"damage_taken":0.0},{"damage_healed":0.0,"max_hp_gain":0.0,"max_hp_loss":0.0,"gold_gain":75.0,"event_name":"FaceTrader","player_choice":"Touch","floor":65.0,"gold_loss":0.0,"damage_taken":13.0},{"damage_healed":0.0,"max_hp_gain":0.0,"max_hp_loss":0.0,"gold_gain":0.0,"event_name":"Drug Dealer","player_choice":"Obtain J.A.X.","floor":71.0,"gold_loss":0.0,"damage_taken":0.0,"cards_obtained":["J.A.X."]},{"damage_healed":0.0,"max_hp_gain":0.0,"max_hp_loss":0.0,"gold_gain":0.0,"event_name":"Cursed Tome","player_choice":"Obtained Book","floor":72.0,"gold_loss":0.0,"damage_taken":16.0},{"damage_healed":0.0,"max_hp_gain":0.0,"max_hp_loss":0.0,"gold_gain":0.0,"event_name":"Vampires","player_choice":"Ignored","floor":75.0,"gold_loss":0.0,"damage_taken":0.0},{"damage_healed":0,"gold_gain":0,"player_choice":"Shed Blood","damage_taken":38,"max_hp_gain":5,"max_hp_loss":0,"event_name":"Forgotten Altar","floor":82,"gold_loss":0}],"is_beta":false,"boss_relics":[{"not_picked":["Coffee Dripper","Calling Bell"],"picked":"SacredBark"},{"not_picked":["Snecko Eye","Busted Crown"],"picked":"Tiny House"},{"not_picked":["Cursed Key","Runic Dome","Mark of Pain"]},{"not_picked":["Velvet Choker","Fusion Hammer"],"picked":"Philosopher\u0027s Stone"}],"items_purged_floors":[5,29,39,79],"is_endless":true,"potions_floor_spawned":[2,4,7,11,16,20,31,36,46,50,54,55,61,62,63,69],"killed_by":"Collector","ascension_level":0}}