{"host":"uceopoba4zvqsgiy","time":1610427390,"event":{"mods":["Act Like it!","BaseMod","Better Skull","Better Third Choice","Elementarium","Evolution","GifTheSpireLib","Hermit","Humility","Infinite Spire","Jorbs\u0027s Wanderer Trilogy","Marked Mod","Minty Spire (QoL Compilation)","Potionbrewer","Replay The Spire","Robot Space Explorer","Shade Mod","Spicy Shops","StSLib","Stuff the Spire","The Blue Laboratory","The Caster","The Cursed","The Dragon Tamer","The Hierophant","The Judge","The Jungle","Wandering Minibosses"],"gold_per_floor":[116,116,131,145,74,101,151,151,199,215,215,215,215,248,248,356,356,416,65,65,65,86,92,92],"floor_reached":23,"playtime":3470,"items_purged":["Amnesia"],"score":244,"play_id":"ebd6486e-dce4-4990-a498-47596f285c05","local_time":"20210112152630","is_ascension_mode":true,"campfire_choices":[{"data":"LikeWater","floor":8,"key":"SMITH"},{"floor":11,"key":"REST"},{"floor":15,"key":"REST"}],"circlet_count":0,"master_deck":["Strike_P","Strike_P","Strike_P","Strike_P","Defend_P","Defend_P","Defend_P","Defend_P","Eruption","Vigilance","MarkedMod:GracefulMovements","MarkedMod:OneThousandNeedles","JustLucky","LikeWater+1","MarkedMod:NorthStar+1","infinitespire:Pacifist","MarkedMod:NorthStar+1","Normality","MarkedMod:FirstStrike+1","ReplayTheSpireMod:Splinters","Decay","infinitespire:FutureSight+1"],"relics":["PureWater","EVO:Axolotl","NeowsBlessing","Bag of Preparation","Ring of Hypnosis","Ring of Greed","infinitespire:Midas Blood","Tiny Chest","Orichalcum","Toxic Egg 2","NlothsMask","Toy Ornithopter","potionbrewer:BhaskarasWheel","ReplayTheSpireMod:CursedCoin","infinitespire:CheckeredPen","Golden Egg","Black Star","ReplayTheSpireMod:EnergyBall"],"acts_visited":["Exordium","TheCity"],"potions_floor_usage":[14,14,16,23],"damage_taken":[{"damage":0,"enemies":"Jaw Worm","floor":1,"turns":1},{"damage":0,"enemies":"Cultist","floor":3,"turns":1},{"damage":0,"enemies":"2 Louse","floor":4,"turns":2},{"damage":0,"enemies":"Replay:BlueRogue","floor":6,"turns":8},{"damage":24,"enemies":"Exordium Wildlife","floor":10,"turns":5},{"damage":21,"enemies":"3 Sentries","floor":14,"turns":9},{"damage":23,"enemies":"Hexaghost","floor":16,"turns":12},{"damage":35,"enemies":"3 Byrds","floor":18,"turns":7},{"damage":30,"enemies":"Shell Parasite","floor":22,"turns":5},{"damage":17,"enemies":"Book of Stabbing","floor":23,"turns":2}],"seed_played":"3910967829654099652","potions_obtained":[{"floor":1,"key":"blueLaboratory:BubblePotion"},{"floor":2,"key":"AttackPotion"},{"floor":2,"key":"ColorlessPotion"},{"floor":14,"key":"blueLaboratory:FrostheartPotion"},{"floor":18,"key":"PowerPotion"}],"is_trial":false,"path_per_floor":["M","?","M","M","$","E","?","R","T","M","R","T","?","E","R","B",null,"M","$","AVR","T","M","E"],"character_chosen":"WATCHER","items_purchased":["LikeWater","ReplayTheSpireMod:CursedCoin","infinitespire:CheckeredPen","Golden Egg"],"campfire_rested":2,"item_purchase_floors":[5,19,19,19],"current_hp_per_floor":[72,72,72,72,72,72,72,72,72,48,69,69,69,48,69,49,72,37,37,37,37,7,0,0],"gold":92,"neow_bonus":"THREE_ENEMY_KILL","is_daily":false,"chose_seed":false,"campfire_upgraded":1,"win_rate":0.0,"timestamp":1610427390,"path_taken":["M","?","?","M","$","E","?","R","T","M","R","?","?","E","R","BOSS","M","?","AVR","?","M","E"],"items_purchased_type":["Card","Relic","Relic","Relic"],"build_version":"2020-12-22","purchased_purges":1,"victory":false,"max_hp_per_floor":[72,72,72,72,72,72,72,72,72,72,72,72,72,72,72,72,72,72,72,72,72,72,72,72],"card_choices":[{"not_picked":["JustLucky","Replay:ManipulateFuture"],"picked":"MarkedMod:GracefulMovements","floor":1},{"not_picked":["Consecrate","JustLucky"],"picked":"MarkedMod:OneThousandNeedles","floor":3},{"not_picked":["Perseverance","Tantrum"],"picked":"JustLucky","floor":4},{"not_picked":["Blasphemy","Protect","Halt"],"picked":"SKIP","floor":6},{"not_picked":["Perseverance","CutThroughFate","Adaptation"],"picked":"SKIP","floor":10},{"not_picked":["Adaptation","MarkedMod:GracefulMovements"],"picked":"MarkedMod:NorthStar+1","floor":14},{"not_picked":["MarkedMod:SlowDance+1","Omniscience+1"],"picked":"MarkedMod:NorthStar+1","floor":16},{"not_picked":["MarkedMod:Acupuncture","Fasting2+1"],"picked":"MarkedMod:FirstStrike+1","floor":18},{"not_picked":["Fasting2","FlyingSleeves","FlurryOfBlows+1"],"picked":"SKIP","floor":22}],"player_experience":1658396,"relics_obtained":[{"floor":6,"key":"Bag of Preparation"},{"floor":7,"key":"Ring of Hypnosis"},{"floor":7,"key":"Ring of Greed"},{"floor":7,"key":"infinitespire:Midas Blood"},{"floor":7,"key":"Tiny Chest"},{"floor":9,"key":"Orichalcum"},{"floor":12,"key":"Toxic Egg 2"},{"floor":14,"key":"Toy Ornithopter"}],"event_choices":[{"damage_healed":0,"gold_gain":0,"player_choice":"Got Potions","damage_taken":0,"max_hp_gain":0,"max_hp_loss":0,"event_name":"Lab","floor":2,"gold_loss":0},{"damage_healed":0,"gold_gain":0,"player_choice":"Trade","damage_taken":0,"relics_obtained":["NlothsMask"],"max_hp_gain":0,"max_hp_loss":0,"event_name":"FaceTrader","floor":13,"gold_loss":0}],"is_beta":false,"boss_relics":[{"not_picked":["Runic Dome","StuffTheSpire:Kangaroo"],"picked":"potionbrewer:BhaskarasWheel"}],"items_purged_floors":[20],"is_endless":false,"potions_floor_spawned":[1,6,14,18],"killed_by":"Book of Stabbing","ascension_level":2}}