{"host":"tom9euzqew4po1rs","time":1610430433,"event":{"mods":["BaseMod","Minty Spire (QoL Compilation)","Quick Restart","Rare Cards Sparkle","Replay The Spire","StSLib","The Cursed"],"gold_per_floor":[114,36,53,53,69,69,69,81,81,95,95,126,126,143,143,248,248,265,265,284,24,41,41,73,87,163,262,281,281,281,300,300,405,405,416,416,119,174,185,185,202,219,219,237,237,237,237,11,11,37,37,37,37,37,0,32,32],"floor_reached":58,"playtime":5075,"items_purged":[],"score":1286,"play_id":"31171fce-a460-4d83-902d-e24c58d7eab1","local_time":"20210112004713","is_ascension_mode":false,"campfire_choices":[{"floor":6,"key":"RECALL"},{"floor":13,"key":"REST"},{"data":"TheCursedMod:CircleOfAmplification","floor":23,"key":"SMITH"},{"data":"TheCursedMod:ForbiddenAlchemy","floor":30,"key":"SMITH"},{"data":"TheCursedMod:Hemoplague","floor":32,"key":"SMITH"},{"data":"TheCursedMod:HellfireBreathing","floor":40,"key":"SMITH"},{"data":"TheCursedMod:LuckyCharm","floor":45,"key":"SMITH"},{"data":"TheCursedMod:NeowsMight","floor":49,"key":"SMITH"},{"data":"TheCursedMod:CircleOfWindfury","floor":51,"key":"SMITH"},{"data":"TheCursedMod:EmpowerCircles","floor":54,"key":"SMITH"}],"circlet_count":0,"master_deck":["TheCursedMod:Strike_TheCursed","TheCursedMod:Strike_TheCursed","TheCursedMod:Strike_TheCursed","TheCursedMod:Defend_TheCursed","TheCursedMod:Defend_TheCursed","TheCursedMod:Defend_TheCursed","TheCursedMod:Defend_TheCursed","TheCursedMod:CursedWand","TheCursedMod:CleanUpWorkshop","TheCursedMod:Dregs","CurseOfTheBell","TheCursedMod:WearCloak","TheCursedMod:LuckyCharm+1","TheCursedMod:ForbiddenAlchemy+1","TheCursedMod:FleshFromBone","TheCursedMod:CircleOfCorruption","TheCursedMod:TroublousMinions","TheCursedMod:Wield","TheCursedMod:ReleasedStrength","TheCursedMod:CursedAmulet","TheCursedMod:OutForBlood","Spreading Infection","Voices","CommonCold","TheCursedMod:SpitefulPray+1","TheCursedMod:Evocation+1","TheCursedMod:CollectTribute+1","TheCursedMod:CircleOfAmplification+1","TheCursedMod:SoulReap+1","TheCursedMod:BlessingInDisguise","TheCursedMod:DemonSword","TheCursedMod:Hemoplague+1","TheCursedMod:CircleOfAbyss","TheCursedMod:SpitefulPlan","TheCursedMod:NeowsMight+1","TheCursedMod:EmpowerCircles+1","TheCursedMod:CircleOfFlame","TheCursedMod:ManaBullet","TheCursedMod:Evocation+1","TheCursedMod:HellfireBreathing+1","TheCursedMod:Stretching","TheCursedMod:OutForBlood","TheCursedMod:StingEye","TheCursedMod:CircleOfWindfury+1","TheCursedMod:CursedShiv","TheCursedMod:AshesToAshes+1","TheCursedMod:ManaBullet","TheCursedMod:CircleOfBlood"],"relics":["Calling Bell","Orichalcum","Divine Protection","TheCursedMod:SoulVessel","Turnip","Oddly Smooth Stone","Replay:Ancient Bell","PreservedInsect","Replay:Bottled Flurry","TungstenRod","TheCursedMod:Tack","Centennial Puzzle","Bottled Tornado","SacredBark","Du-Vu Doll","Iron Hammer","TheAbacus","Gremlin Horn","Nunchaku"],"acts_visited":["Exordium","TheCity","TheBeyond","TheEnding"],"potions_floor_usage":[5,5,8,8,11,12,12,12,14,14,14,16,16,16,16,16,16,16,18,18,18,18,20,20,20,22,22,24,24,24,25,25,25,25,25,28,28,28,31,31,31,31,31,33,33,33,33,35,35,38,38,38,38,38,38,41,41,41,41,42,42,42,42,44,44,44,44,50,50,50,50,52,52,52,52,56,56,57,57,57,57,57],"damage_taken":[{"damage":0,"enemies":"Jaw Worm","floor":1,"turns":5},{"damage":0,"enemies":"Small Slimes","floor":3,"turns":5},{"damage":0,"enemies":"Cultist","floor":5,"turns":5},{"damage":0,"enemies":"Exordium Wildlife","floor":8,"turns":3},{"damage":8,"enemies":"3 Louse","floor":10,"turns":6},{"damage":0,"enemies":"2 Fungi Beasts","floor":11,"turns":1},{"damage":23,"enemies":"3 Sentries","floor":12,"turns":19},{"damage":0,"enemies":"Looter","floor":14,"turns":4},{"damage":6,"enemies":"Fading Forest","floor":16,"turns":11},{"damage":3,"enemies":"3 Byrds","floor":18,"turns":7},{"damage":0,"enemies":"Shell Parasite","floor":20,"turns":9},{"damage":0,"enemies":"Centurion and Healer","floor":22,"turns":11},{"damage":22,"enemies":"Book of Stabbing","floor":24,"turns":6},{"damage":4,"enemies":"Snecko","floor":25,"turns":7},{"damage":8,"enemies":"Sentry and Sphere","floor":28,"turns":11},{"damage":0,"enemies":"Centurion and Healer","floor":31,"turns":11},{"damage":11,"enemies":"Collector","floor":33,"turns":11},{"damage":1,"enemies":"3 Shapes","floor":35,"turns":7},{"damage":34,"enemies":"2 Orb Walkers","floor":38,"turns":7},{"damage":5,"enemies":"Orb Walker","floor":39,"turns":3},{"damage":0,"enemies":"Jaw Worm Horde","floor":41,"turns":3},{"damage":0,"enemies":"Transient","floor":42,"turns":5},{"damage":2,"enemies":"4 Shapes","floor":44,"turns":10},{"damage":7,"enemies":"Reptomancer","floor":50,"turns":4},{"damage":75,"enemies":"Awakened One","floor":52,"turns":7},{"damage":43,"enemies":"Shield and Spear","floor":56,"turns":8},{"damage":84,"enemies":"The Heart","floor":57,"turns":8}],"seed_played":"-7569982355799263782","potions_obtained":[{"floor":1,"key":"SmokeBomb"},{"floor":5,"key":"LifebloodPotion"},{"floor":14,"key":"LiquidMemories"},{"floor":20,"key":"SneckoOil"},{"floor":25,"key":"FearPotion"},{"floor":31,"key":"SmokeBomb"},{"floor":33,"key":"GamblersBrew"},{"floor":38,"key":"Explosive Potion"},{"floor":44,"key":"Flashbang"},{"floor":50,"key":"Energy Potion"}],"is_trial":false,"path_per_floor":["M","$","M","$","M","R","?","M","T","M","M","E","R","M","R","B",null,"M","?","M","$","M","R","E","M","T","?","M","?","R","M","R","B",null,"M","?","$","?","M","R","M","M","T","M","R","PTL","PTL","$","R","E","R","B",null,"R","$","E","B",null],"character_chosen":"THE_CURSED","items_purchased":["TheCursedMod:LuckyCharm","TheCursedMod:Tack","TheCursedMod:CollectTribute+1","TheCursedMod:NeowsMight","TheCursedMod:EmpowerCircles","TheCursedMod:CircleOfFlame","TheCursedMod:ManaBullet","TheAbacus","TheCursedMod:CircleOfWindfury","TheCursedMod:CursedShiv","TheCursedMod:ManaBullet"],"campfire_rested":1,"item_purchase_floors":[2,21,21,37,37,37,37,48,48,48,55],"current_hp_per_floor":[75,75,75,75,75,75,50,52,52,47,47,29,51,54,54,66,75,75,75,75,75,75,75,60,74,74,74,75,62,62,80,80,80,80,80,80,80,63,61,61,63,80,80,80,80,80,80,80,80,78,78,24,80,80,80,50,58],"gold":32,"neow_bonus":"BOSS_RELIC","is_daily":false,"chose_seed":false,"campfire_upgraded":8,"win_rate":0.0,"timestamp":1610430433,"path_taken":["M","$","M","$","M","R","?","M","T","M","M","E","R","M","R","BOSS","M","?","M","$","M","R","E","?","T","?","M","?","R","M","R","BOSS","M","?","$","?","M","R","M","M","T","M","R","PTL","PTL","?","R","E","R","BOSS","R","$","E","BOSS"],"items_purchased_type":["Card","Relic","Card","Card","Card","Card","Card","Relic","Card","Card","Card"],"build_version":"2020-12-22","purchased_purges":0,"victory":true,"max_hp_per_floor":[75,75,75,75,75,75,75,75,75,75,75,75,75,75,75,75,75,75,75,75,75,75,75,75,75,75,75,75,80,80,80,80,80,80,80,80,80,80,80,80,80,80,80,80,80,80,80,80,80,80,80,80,80,80,80,80,80],"card_choices":[{"not_picked":["TheCursedMod:BloodBarrier","TheCursedMod:CursedMace"],"picked":"TheCursedMod:WearCloak","floor":1},{"not_picked":["TheCursedMod:CursedMace","TheCursedMod:BloodBarrier"],"picked":"TheCursedMod:ForbiddenAlchemy","floor":3},{"not_picked":["TheCursedMod:CursedBlade","TheCursedMod:Obscuration"],"picked":"TheCursedMod:FleshFromBone","floor":5},{"not_picked":["TheCursedMod:BloodBarrier","TheCursedMod:CursedMace"],"picked":"TheCursedMod:CircleOfCorruption","floor":8},{"not_picked":["TheCursedMod:Mangle","TheCursedMod:CursedShiv"],"picked":"TheCursedMod:TroublousMinions","floor":10},{"not_picked":["TheCursedMod:RapidMovement","TheCursedMod:FuryStrike"],"picked":"TheCursedMod:Wield","floor":12},{"not_picked":["TheCursedMod:VitalStrike","TheCursedMod:HellsGateOpen"],"picked":"TheCursedMod:ReleasedStrength","floor":14},{"not_picked":["TheCursedMod:CursedRelics","TheCursedMod:UltimatePain"],"picked":"TheCursedMod:OutForBlood","floor":16},{"not_picked":["Languid","Sickly"],"picked":"Spreading Infection","floor":17},{"not_picked":["Delirium","Looming Evil"],"picked":"Voices","floor":17},{"not_picked":["Shame","AbeCurse"],"picked":"CommonCold","floor":17},{"not_picked":["TheCursedMod:CursedBlade","TheCursedMod:CircleOfCorruption+1"],"picked":"TheCursedMod:SpitefulPray+1","floor":18},{"not_picked":["TheCursedMod:TacticalStrike","TheCursedMod:CursedStaff"],"picked":"TheCursedMod:Evocation+1","floor":20},{"not_picked":["TheCursedMod:FuryStrike+1","TheCursedMod:SurpriseAttack+1"],"picked":"TheCursedMod:CircleOfAmplification","floor":22},{"not_picked":["TheCursedMod:SoulCrush","TheCursedMod:SpreadPlague"],"picked":"TheCursedMod:SoulReap+1","floor":24},{"not_picked":["TheCursedMod:TacticalStrike+1","TheCursedMod:RapidMovement"],"picked":"TheCursedMod:BlessingInDisguise","floor":25},{"not_picked":["TheCursedMod:VitalStrike+1","TheCursedMod:TacticalStrike"],"picked":"TheCursedMod:DemonSword","floor":28},{"not_picked":["TheCursedMod:SurpriseAttack","TheCursedMod:Stretching"],"picked":"TheCursedMod:Hemoplague","floor":31},{"not_picked":["TheCursedMod:DemonSword","TheCursedMod:DemonicPact"],"picked":"TheCursedMod:CircleOfAbyss","floor":33},{"not_picked":["TheCursedMod:VitalStrike","TheCursedMod:Stigma+1"],"picked":"TheCursedMod:SpitefulPlan","floor":35},{"not_picked":["TheCursedMod:CursedMace","TheCursedMod:WearCloak"],"picked":"TheCursedMod:Evocation+1","floor":38},{"not_picked":["TheCursedMod:TacticalStrike+1","TheCursedMod:FuryStrike+1"],"picked":"TheCursedMod:HellfireBreathing","floor":39},{"not_picked":["TheCursedMod:AbyssShockwave+1","TheCursedMod:Obscuration+1"],"picked":"TheCursedMod:Stretching","floor":41},{"not_picked":["TheCursedMod:VitalStrike","TheCursedMod:FleshFromBone"],"picked":"TheCursedMod:OutForBlood","floor":42},{"not_picked":["TheCursedMod:FleshFromBone","TheCursedMod:Obscuration"],"picked":"TheCursedMod:StingEye","floor":44},{"not_picked":["TheCursedMod:FleshFromBone+1","TheCursedMod:BlessingInDisguise+1"],"picked":"TheCursedMod:AshesToAshes+1","floor":50},{"not_picked":["TheCursedMod:StunningStrike","TheCursedMod:PrepareRite"],"picked":"TheCursedMod:CircleOfBlood","floor":56}],"player_experience":96786,"relics_obtained":[{"floor":0,"key":"Orichalcum"},{"floor":0,"key":"Divine Protection"},{"floor":0,"key":"TheCursedMod:SoulVessel"},{"floor":12,"key":"Oddly Smooth Stone"},{"floor":24,"key":"Centennial Puzzle"},{"floor":26,"key":"Bottled Tornado"},{"floor":38,"key":"Du-Vu Doll"},{"floor":43,"key":"Iron Hammer"},{"floor":50,"key":"Gremlin Horn"},{"floor":56,"key":"Nunchaku"}],"event_choices":[{"damage_healed":0,"gold_gain":0,"player_choice":"Success","damage_taken":25,"relics_obtained":["Turnip"],"max_hp_gain":0,"max_hp_loss":0,"event_name":"Scrap Ooze","floor":7,"gold_loss":0},{"damage_healed":0,"gold_gain":0,"player_choice":"Ignored","damage_taken":0,"max_hp_gain":0,"max_hp_loss":0,"event_name":"Purifier","floor":19,"gold_loss":0},{"damage_healed":0,"gold_gain":99,"player_choice":"Stole From Cult","damage_taken":0,"max_hp_gain":0,"max_hp_loss":0,"event_name":"Nest","floor":27,"gold_loss":0},{"damage_healed":0,"gold_gain":0,"player_choice":"Shed Blood","damage_taken":19,"max_hp_gain":5,"max_hp_loss":0,"event_name":"Forgotten Altar","floor":29,"gold_loss":0},{"damage_healed":0,"gold_gain":0,"player_choice":"Ignored","damage_taken":0,"max_hp_gain":0,"max_hp_loss":0,"event_name":"Tomb of Lord Red Mask","floor":36,"gold_loss":0},{"damage_healed":0,"gold_gain":0,"player_choice":"Fight","damage_taken":0,"max_hp_gain":0,"max_hp_loss":0,"event_name":"Mysterious Sphere","floor":38,"gold_loss":0}],"is_beta":false,"boss_relics":[{"not_picked":["SlaversCollar","ReplayTheSpireMod:DimensionalGlitch"],"picked":"Replay:Ancient Bell"},{"not_picked":["Omamori","Replay:Mystery Machine"],"picked":"PreservedInsect"},{"not_picked":["Shuriken","Replay:Bottled Eggs"],"picked":"Replay:Bottled Flurry"},{"not_picked":["TheCursedMod:MagicCandle","Gambling Chip"],"picked":"TungstenRod"},{"not_picked":["Tiny House","Replay:Wanted Poster"],"picked":"SacredBark"}],"items_purged_floors":[],"is_endless":false,"potions_floor_spawned":[1,5,14,20,25,31,33,38,44,50],"ascension_level":0}}