{"host":"0cgp910o8339lr91","time":1610448866,"event":{"mods":["BaseMod","Block Reminder","Colored Map","Colored Powertips","Filter the Spire","Minty Spire (QoL Compilation)","Relic Stats","Slay-I","ojb\u0027s Better Paths Mod","ojb\u0027s Info Mod"],"gold_per_floor":[166,166,241,254,268,294,55,80,106,126,126,152,152,166,166,266,266,266,266,10,10,10,10,10,10,10,10,10],"floor_reached":27,"playtime":2070,"items_purged":["Strike_B"],"score":445,"play_id":"b3b6b955-3f70-488a-9f98-48fbf40bf2c5","local_time":"20210112115426","is_ascension_mode":true,"campfire_choices":[{"data":"Seek","floor":13,"key":"SMITH"},{"data":"Creative AI","floor":15,"key":"SMITH"}],"circlet_count":0,"master_deck":["AscendersBane","Defend_B","Defend_B","Defend_B","Defend_B+1","Zap","Dualcast","Hello World","Sweeping Beam","Creative AI+1","Hologram","Doom and Gloom","Coolheaded","Electrodynamics","Conserve Battery","Cold Snap","Seek+1","Ball Lightning+1","Reboot","Coolheaded","Lockon+1","Defragment+1","Storm","Coolheaded+1","Cold Snap+1","Coolheaded+1"],"relics":["Tiny House","PreservedInsect","MealTicket","Orichalcum","Molten Egg 2","Ectoplasm","Toxic Egg 2","Omamori","Shovel","Boot","MawBank"],"acts_visited":["Exordium","TheCity"],"potions_floor_usage":[6,8,12,21,25,27],"damage_taken":[{"damage":0,"enemies":"Small Slimes","floor":1,"turns":3},{"damage":6,"enemies":"Jaw Worm","floor":4,"turns":5},{"damage":8,"enemies":"2 Louse","floor":5,"turns":3},{"damage":17,"enemies":"3 Sentries","floor":6,"turns":4},{"damage":9,"enemies":"Lagavulin","floor":8,"turns":9},{"damage":6,"enemies":"Large Slime","floor":10,"turns":8},{"damage":5,"enemies":"3 Sentries","floor":12,"turns":4},{"damage":1,"enemies":"Looter","floor":14,"turns":4},{"damage":17,"enemies":"Hexaghost","floor":16,"turns":9},{"damage":6,"enemies":"Chosen","floor":18,"turns":4},{"damage":0,"enemies":"3 Byrds","floor":19,"turns":2},{"damage":32,"enemies":"Shelled Parasite and Fungi","floor":21,"turns":5},{"damage":18,"enemies":"Book of Stabbing","floor":23,"turns":5},{"damage":17,"enemies":"Slavers","floor":25,"turns":3},{"damage":9,"enemies":"Gremlin Leader","floor":27,"turns":3}],"seed_played":"-2316963181562171036","potions_obtained":[{"floor":0,"key":"ColorlessPotion"},{"floor":1,"key":"EssenceOfSteel"},{"floor":4,"key":"Weak Potion"},{"floor":6,"key":"SpeedPotion"},{"floor":10,"key":"EssenceOfSteel"},{"floor":18,"key":"FearPotion"},{"floor":21,"key":"Fire Potion"},{"floor":23,"key":"ColorlessPotion"}],"is_trial":false,"path_per_floor":["M","?","?","M","M","E","$","E","T","M","$","E","R","M","R","B",null,"M","M","$","M","?","E","?","E","T","E"],"character_chosen":"DEFECT","items_purchased":["Electrodynamics","Toxic Egg 2"],"campfire_rested":0,"item_purchase_floors":[7,20],"current_hp_per_floor":[73,73,62,56,48,31,31,22,22,16,31,26,26,25,25,8,62,56,56,71,39,39,21,21,4,4,0,0],"gold":10,"neow_bonus":"BOSS_RELIC","is_daily":false,"chose_seed":false,"campfire_upgraded":2,"win_rate":0.0,"timestamp":1610448866,"path_taken":["M","?","?","M","M","E","?","E","T","M","$","E","R","M","R","BOSS","M","M","$","M","?","E","?","E","T","E"],"items_purchased_type":["Card","Relic"],"build_version":"2020-12-22","purchased_purges":1,"victory":false,"max_hp_per_floor":[80,80,80,80,80,80,80,80,80,80,80,80,80,80,80,80,80,80,80,80,80,80,80,80,80,80,80,80],"relic_stats":{"Shovel":0,"counters":[15,71],"MealTicket":30,"PreservedInsect":203,"Ectoplasm":123,"Orichalcum":[84],"Boot":[0],"MawBank":0,"obtain_stats":[{"Tiny House":0,"Shovel":24,"MealTicket":8,"Molten Egg 2":12,"PreservedInsect":6,"Ectoplasm":17,"Omamori":23,"Orichalcum":9,"Toxic Egg 2":20,"Cracked Core":0,"Boot":25,"MawBank":26},{"Tiny House":0,"Shovel":13,"MealTicket":5,"Molten Egg 2":7,"PreservedInsect":4,"Ectoplasm":9,"Omamori":13,"Orichalcum":5,"Toxic Egg 2":11,"Cracked Core":0,"Boot":14,"MawBank":14},{"Tiny House":0,"Shovel":65,"MealTicket":24,"Molten Egg 2":36,"PreservedInsect":15,"Ectoplasm":49,"Omamori":65,"Orichalcum":24,"Toxic Egg 2":55,"Cracked Core":0,"Boot":68,"MawBank":68}]},"card_choices":[{"not_picked":["Consume","Aggregate"],"picked":"Hello World","floor":0},{"not_picked":["Redo","Heatsinks"],"picked":"Sweeping Beam","floor":1},{"not_picked":["Conserve Battery","Turbo"],"picked":"Hologram","floor":4},{"not_picked":["Rip and Tear","Double Energy"],"picked":"Doom and Gloom","floor":5},{"not_picked":["Stack","Go for the Eyes"],"picked":"Coolheaded","floor":6},{"not_picked":["Sunder","Melter"],"picked":"Conserve Battery","floor":8},{"not_picked":["Meteor Strike","Gash"],"picked":"Cold Snap","floor":10},{"not_picked":["Ball Lightning+1","Fusion"],"picked":"Seek","floor":12},{"not_picked":["Leap","Rebound+1"],"picked":"Ball Lightning+1","floor":14},{"not_picked":["Fission","All For One+1"],"picked":"Reboot","floor":16},{"not_picked":["Stack","Barrage+1"],"picked":"Coolheaded","floor":18},{"not_picked":["Beam Cell+1","Steam"],"picked":"Lockon+1","floor":19},{"not_picked":["Beam Cell+1","Conserve Battery+1"],"picked":"Defragment+1","floor":21},{"not_picked":["Melter+1","Beam Cell+1"],"picked":"Cold Snap+1","floor":23},{"not_picked":["Creative AI","Fusion+1"],"picked":"Coolheaded+1","floor":25}],"player_experience":1381252,"relics_obtained":[{"floor":6,"key":"PreservedInsect"},{"floor":8,"key":"MealTicket"},{"floor":9,"key":"Orichalcum"},{"floor":12,"key":"Molten Egg 2"},{"floor":23,"key":"Omamori"},{"floor":25,"key":"Boot"},{"floor":26,"key":"MawBank"}],"event_choices":[{"damage_healed":0,"gold_gain":0,"cards_transformed":["Strike_B"],"player_choice":"Change","damage_taken":0,"max_hp_gain":0,"max_hp_loss":0,"event_name":"Living Wall","floor":2,"gold_loss":0,"cards_obtained":["Creative AI"]},{"damage_healed":0,"gold_gain":75,"player_choice":"Gather Gold","damage_taken":11,"max_hp_gain":0,"max_hp_loss":0,"event_name":"World of Goop","floor":3,"gold_loss":0},{"damage_healed":0,"gold_gain":0,"cards_transformed":["Strike_B","Strike_B"],"player_choice":"Became Test Subject","damage_taken":0,"max_hp_gain":0,"max_hp_loss":0,"event_name":"Drug Dealer","floor":22,"gold_loss":0,"cards_obtained":["Storm","Coolheaded"]},{"damage_healed":0,"gold_gain":0,"player_choice":"Stole Relic","damage_taken":0,"relics_obtained":["Shovel"],"max_hp_gain":0,"max_hp_loss":0,"event_name":"Addict","floor":24,"gold_loss":0,"cards_obtained":["Shame"]}],"is_beta":false,"boss_relics":[{"not_picked":["Nuclear Battery","Calling Bell"],"picked":"Ectoplasm"}],"items_purged_floors":[7],"is_endless":false,"potions_floor_spawned":[1,4,6,10,18,21,23],"killed_by":"Gremlin Leader","ascension_level":11}}