{"host":"61xbmbtf5zrn7rzc","time":1610482044,"event":{"mods":["BaseMod","Challenge The Spire","Hubris","Minty Spire (QoL Compilation)","Replay The Spire","StSLib","SuperFastMode"],"gold_per_floor":[118,118,31,31,47,76,76,87,112,112,127,137,137,137],"floor_reached":13,"language":"ENG","playtime":742,"items_purged":[],"score":170,"play_id":"0c368fbe-4c38-4cb0-b245-662d3d278b66","local_time":"20210112150724","daily_mods":["SealedDeck","Heirloom"],"is_ascension_mode":true,"campfire_choices":[{"data":"Replay:Poison Smokescreen","floor":7,"key":"SMITH"},{"data":"ReplayTheSpireMod:Speed Training","floor":10,"key":"SMITH"}],"circlet_count":0,"master_deck":["AscendersBane","ReplayTheSpireMod:Speed Training+1","Dodge and Roll","PiercingWail","Escape Plan","Deflect","Cloak And Dagger","Blade Dance","Infinite Blades","Blade Dance","Replay:Poison Smokescreen+1","Blur","Infinite Blades","Escape Plan","ReplayTheSpireMod:Speed Training","Escape Plan"],"relics":["Ring of the Snake","Ring of Chaos","CaptainsWheel","ReplayTheSpireMod:Ninjato","hubris:BottledRain","Pen Nib"],"acts_visited":["Exordium"],"potions_floor_usage":[13,13],"damage_taken":[{"damage":0,"enemies":"2 Louse","floor":1,"turns":2},{"damage":0,"enemies":"Cultist","floor":5,"turns":3},{"damage":6,"enemies":"3 Sentries","floor":6,"turns":9},{"damage":6,"enemies":"Small Slimes","floor":8,"turns":4},{"damage":0,"enemies":"3 Louse","floor":11,"turns":5},{"damage":0,"enemies":"Exordium Thugs","floor":12,"turns":5},{"damage":50,"enemies":"Gremlin Nob","floor":13,"turns":4}],"seed_played":"-3502797984819319656","potions_obtained":[{"floor":5,"key":"Explosive Potion"},{"floor":8,"key":"Milkshake"},{"floor":12,"key":"Languid Potion"}],"is_trial":true,"path_per_floor":["M","?","$","?","M","E","R","M","T","R","M","M","E"],"character_chosen":"THE_SILENT","items_purchased":["Blur"],"campfire_rested":0,"item_purchase_floors":[3],"current_hp_per_floor":[59,59,59,59,59,53,53,47,47,47,47,47,0,0],"gold":137,"neow_bonus":"","is_daily":false,"chose_seed":false,"campfire_upgraded":2,"win_rate":0.0,"timestamp":1610482044,"path_taken":["M","?","?","?","M","E","R","M","T","R","M","M","E"],"items_purchased_type":["Card"],"build_version":"2020-12-22","purchased_purges":0,"victory":false,"max_hp_per_floor":[66,66,66,66,66,66,66,66,66,66,66,66,66,66],"card_choices":[{"not_picked":["Blade Dance","Skewer"],"picked":"Replay:Poison Smokescreen","floor":1},{"not_picked":["Hidden Blade","Dodge and Roll"],"picked":"Infinite Blades","floor":5},{"not_picked":["Dagger Spray","Backflip"],"picked":"Escape Plan","floor":6},{"not_picked":["Underhanded Strike","Endless Agony"],"picked":"ReplayTheSpireMod:Speed Training","floor":8},{"not_picked":["Distraction","ReplayTheSpireMod:Tripwire","Bane"],"picked":"SKIP","floor":11},{"not_picked":["Outmaneuver","Skewer"],"picked":"Escape Plan","floor":12}],"player_experience":98849,"relics_obtained":[{"floor":6,"key":"hubris:BottledRain"},{"floor":9,"key":"Pen Nib"}],"event_choices":[{"cards_removed":["Hidden Blade"],"damage_healed":0,"gold_gain":0,"player_choice":"Gave Card","damage_taken":0,"relics_obtained":["ReplayTheSpireMod:Ninjato"],"max_hp_gain":0,"max_hp_loss":0,"event_name":"WeMeetAgain","floor":2,"gold_loss":0},{"damage_healed":0,"gold_gain":0,"player_choice":"Ignored","damage_taken":0,"max_hp_gain":0,"max_hp_loss":0,"event_name":"Transmorgrifier","floor":4,"gold_loss":0}],"is_beta":false,"boss_relics":[],"items_purged_floors":[],"is_endless":false,"potions_floor_spawned":[5,8,12],"killed_by":"Gremlin Nob","ascension_level":20}}