{"host":"g2yp6paluzgljz05","time":1610460824,"event":{"mods":["BaseMod","Bestiary","Colored Powertips","DeckTracker","Highlight Path","Minty Spire (QoL Compilation)","Quick Restart"],"gold_per_floor":[11,11,11,11,24,24,59,59,59,75,85,60,60,44,44,148,148,158,158,171,96,96,123,123,142,192,192,192,192],"floor_reached":28,"playtime":1791,"items_purged":["Defend_R"],"score":283,"play_id":"64c13b66-24b3-4367-93f1-aaf458d32ee1","local_time":"20210113011344","is_ascension_mode":true,"campfire_choices":[{"data":"Pommel Strike","floor":6.0,"key":"SMITH"},{"floor":8.0,"key":"REST"},{"floor":15.0,"key":"REST"},{"floor":27,"key":"REST"}],"circlet_count":0,"master_deck":["Strike_R+1","Strike_R","Defend_R","Defend_R","Bash+1","Second Wind","True Grit+1","Seeing Red","Pommel Strike+1","Evolve","Dropkick","Dropkick","Shrug It Off","Headbutt"],"relics":["Burning Blood","Orichalcum","Bottled Flame","Eternal Feather","Busted Crown","Centennial Puzzle","Enchiridion","Vajra"],"acts_visited":["Exordium","TheCity"],"potions_floor_usage":[],"damage_taken":[{"damage":7.0,"enemies":"Small Slimes","floor":1.0,"turns":5.0},{"damage":6.0,"enemies":"2 Louse","floor":5.0,"turns":3.0},{"damage":43.0,"enemies":"Lagavulin","floor":7.0,"turns":6.0},{"damage":16.0,"enemies":"Jaw Worm","floor":10.0,"turns":4.0},{"damage":11.0,"enemies":"Red Slaver","floor":11.0,"turns":4.0},{"damage":13.0,"enemies":"Exordium Thugs","floor":14.0,"turns":4.0},{"damage":26.0,"enemies":"Hexaghost","floor":16.0,"turns":7.0},{"damage":8.0,"enemies":"3 Byrds","floor":18.0,"turns":5.0},{"damage":19.0,"enemies":"Shell Parasite","floor":20.0,"turns":4.0},{"damage":21.0,"enemies":"Book of Stabbing","floor":23.0,"turns":4.0},{"damage":24,"enemies":"Centurion and Healer","floor":25,"turns":4},{"damage":62,"enemies":"Gremlin Leader","floor":28,"turns":3}],"seed_played":"4727207683998495560","potions_obtained":[{"floor":7.0,"key":"FearPotion"},{"floor":10.0,"key":"Dexterity Potion"},{"floor":14.0,"key":"Strength Potion"},{"floor":18.0,"key":"SkillPotion"},{"floor":20.0,"key":"SteroidPotion"}],"is_trial":false,"path_per_floor":["M","?","?","?","M","R","E","R","T","M","M","$","T","M","R","B",null,"M","?","M","$","?","E","?","M","T","R","E"],"character_chosen":"IRONCLAD","items_purchased":["Shrug It Off"],"campfire_rested":3,"item_purchase_floors":[12],"current_hp_per_floor":[79,79,63,56,56,56,19,43,43,33,28,28,28,21,54,34,80,78,78,65,65,80,65,49,31,31,61,0,0],"gold":192,"neow_bonus":"TRANSFORM_TWO_CARDS","is_daily":false,"chose_seed":false,"campfire_upgraded":1,"win_rate":0.0,"timestamp":1610460824,"path_taken":["M","?","?","?","M","R","E","R","T","?","M","$","?","M","R","BOSS","M","?","?","?","?","E","?","M","T","R","E"],"items_purchased_type":["Card"],"build_version":"2020-12-22","purchased_purges":1,"victory":false,"max_hp_per_floor":[80,80,80,80,80,80,80,80,80,80,80,80,80,80,80,80,80,80,80,80,80,80,80,80,80,80,80,80,80],"card_choices":[{"not_picked":["Warcry","Wild Strike","Clash"],"picked":"SKIP","floor":1.0},{"not_picked":["Thunderclap","Clothesline"],"picked":"Pommel Strike","floor":5.0},{"not_picked":["Cleave","Offering"],"picked":"Evolve","floor":7.0},{"not_picked":["Warcry","Hemokinesis"],"picked":"Dropkick","floor":10.0},{"not_picked":["Iron Wave","Pommel Strike"],"picked":"Dropkick","floor":11.0},{"not_picked":["Sentinel","Intimidate"],"picked":"Headbutt","floor":14.0},{"not_picked":["Thunderclap+1"],"picked":"SKIP","floor":18.0},{"not_picked":["Wild Strike+1"],"picked":"SKIP","floor":20.0},{"not_picked":["Pommel Strike"],"picked":"SKIP","floor":23},{"not_picked":["Spot Weakness+1"],"picked":"SKIP","floor":25}],"player_experience":174425,"relics_obtained":[{"floor":7.0,"key":"Orichalcum"},{"floor":9.0,"key":"Bottled Flame"},{"floor":13.0,"key":"Eternal Feather"},{"floor":23,"key":"Centennial Puzzle"},{"floor":24,"key":"Enchiridion"},{"floor":26,"key":"Vajra"}],"event_choices":[{"damage_healed":0.0,"max_hp_gain":0.0,"max_hp_loss":0.0,"gold_gain":0.0,"cards_transformed":["Strike_R"],"event_name":"Living Wall","player_choice":"Change","floor":2.0,"gold_loss":0.0,"damage_taken":0.0,"cards_obtained":["Seeing Red"]},{"damage_healed":0.0,"max_hp_gain":0.0,"max_hp_loss":0.0,"gold_gain":0.0,"event_name":"Shining Light","player_choice":"Entered Light","floor":3.0,"gold_loss":0.0,"damage_taken":16.0,"cards_upgraded":["True Grit","Strike_R"]},{"cards_removed":["Defend_R"],"damage_healed":0.0,"max_hp_gain":0.0,"max_hp_loss":0.0,"gold_gain":0.0,"event_name":"Golden Wing","player_choice":"Card Removal","floor":4.0,"gold_loss":0.0,"damage_taken":7.0},{"damage_healed":0.0,"max_hp_gain":0.0,"max_hp_loss":0.0,"gold_gain":0.0,"event_name":"Accursed Blacksmith","player_choice":"Forge","floor":19.0,"gold_loss":0.0,"damage_taken":0.0,"cards_upgraded":["Bash"]},{"damage_healed":26.0,"max_hp_gain":0.0,"max_hp_loss":0.0,"gold_gain":0.0,"event_name":"The Library","player_choice":"Heal","floor":22.0,"gold_loss":0.0,"damage_taken":0.0},{"damage_healed":0,"gold_gain":0,"player_choice":"Obtained Book","damage_taken":16,"max_hp_gain":0,"max_hp_loss":0,"event_name":"Cursed Tome","floor":24,"gold_loss":0}],"is_beta":false,"boss_relics":[{"not_picked":["Runic Cube","Fusion Hammer"],"picked":"Busted Crown"}],"items_purged_floors":[21],"is_endless":false,"potions_floor_spawned":[7,10,14,18,20],"killed_by":"Gremlin Leader","ascension_level":4}}