{"host":"jggt5i9rbuoqvque","time":1610450997,"event":{"mods":["BaseMod","Colored Map","Minty Spire (QoL Compilation)","StSLib"],"gold_per_floor":[115,129,146,158,172,172,200,200,200,180,191,205,219,219,219,342,405,430,430,448,466,466,466],"floor_reached":22,"playtime":783,"items_purged":[],"score":259,"play_id":"dd31ce9c-5d93-4adc-86ab-5a34f298f2e3","local_time":"20210112202957","is_ascension_mode":true,"campfire_choices":[{"data":"Armaments","floor":6,"key":"SMITH"},{"data":"Bash","floor":8,"key":"SMITH"},{"floor":15,"key":"REST"}],"circlet_count":0,"master_deck":["Strike_R","Strike_R","Strike_R","Strike_R","Strike_R","Defend_R","Defend_R+1","Defend_R","Defend_R+1","Bash+1","Flash of Steel","Cleave","Armaments+1","Metallicize","Flame Barrier+1","Spot Weakness","Berserk+1","Heavy Blade+1","Battle Trance+1"],"relics":["Burning Blood","War Paint","Frozen Egg 2","Golden Idol","Tiny House"],"acts_visited":["Exordium","TheCity"],"potions_floor_usage":[10,11,16,20,21,22],"damage_taken":[{"damage":19,"enemies":"Jaw Worm","floor":1,"turns":3},{"damage":1,"enemies":"Cultist","floor":2,"turns":3},{"damage":3,"enemies":"2 Louse","floor":3,"turns":2},{"damage":10,"enemies":"Lots of Slimes","floor":4,"turns":3},{"damage":33,"enemies":"Exordium Thugs","floor":5,"turns":4},{"damage":27,"enemies":"Lagavulin","floor":7,"turns":7},{"damage":11,"enemies":"Gremlin Gang","floor":11,"turns":3},{"damage":9,"enemies":"Looter","floor":12,"turns":3},{"damage":1,"enemies":"Exordium Wildlife","floor":13,"turns":2},{"damage":39,"enemies":"Slime Boss","floor":16,"turns":15},{"damage":17,"enemies":"Chosen","floor":18,"turns":6},{"damage":30,"enemies":"2 Thieves","floor":20,"turns":4},{"damage":22,"enemies":"Shelled Parasite and Fungi","floor":21,"turns":6},{"damage":11,"enemies":"Centurion and Healer","floor":22,"turns":5}],"seed_played":"8457638012439391087","potions_obtained":[{"floor":1,"key":"Dexterity Potion"},{"floor":7,"key":"ColorlessPotion"},{"floor":10,"key":"BloodPotion"},{"floor":11,"key":"ElixirPotion"},{"floor":12,"key":"DuplicationPotion"},{"floor":17,"key":"GamblersBrew"},{"floor":21,"key":"Dexterity Potion"}],"is_trial":false,"path_per_floor":["M","M","M","M","M","R","E","R","T","?","M","M","M","?","R","B",null,"M","?","M","M","M"],"character_chosen":"IRONCLAD","items_purchased":[],"campfire_rested":1,"item_purchase_floors":[],"current_hp_per_floor":[59,64,67,63,36,36,15,15,15,31,26,23,28,28,50,17,65,54,54,30,14,3,3],"gold":466,"neow_bonus":"RANDOM_COLORLESS","is_daily":false,"chose_seed":false,"campfire_upgraded":2,"win_rate":0.0,"timestamp":1610450997,"path_taken":["M","M","M","M","M","R","E","R","T","?","?","?","M","?","R","BOSS","M","?","?","M","M"],"items_purchased_type":[],"build_version":"2020-12-22","purchased_purges":0,"victory":false,"max_hp_per_floor":[80,80,80,80,80,80,80,80,80,80,80,80,80,74,74,74,79,79,79,79,79,79,79],"card_choices":[{"not_picked":["Impatience","Discovery"],"picked":"Flash of Steel","floor":0},{"not_picked":["Anger","Havoc"],"picked":"Cleave","floor":1},{"not_picked":["Infernal Blade","Havoc"],"picked":"Armaments","floor":2},{"not_picked":["Sword Boomerang","Clash","Armaments"],"picked":"SKIP","floor":3},{"not_picked":["True Grit","Rupture","Feel No Pain"],"picked":"SKIP","floor":4},{"not_picked":["Intimidate","Pummel","True Grit"],"picked":"SKIP","floor":5},{"not_picked":["Berserk","Cleave"],"picked":"Metallicize","floor":7},{"not_picked":["Blood for Blood","Havoc","Clash"],"picked":"SKIP","floor":11},{"not_picked":["Warcry","Heavy Blade"],"picked":"Flame Barrier","floor":12},{"not_picked":["Feel No Pain+1","Pommel Strike"],"picked":"Spot Weakness","floor":13},{"not_picked":["Fiend Fire","Offering"],"picked":"Berserk+1","floor":16},{"not_picked":["Perfected Strike+1","Bloodletting"],"picked":"Heavy Blade","floor":18},{"not_picked":["Whirlwind","Infernal Blade","Wild Strike"],"picked":"SKIP","floor":20},{"not_picked":["Cleave+1","Clothesline+1"],"picked":"Battle Trance+1","floor":21}],"player_experience":321161,"relics_obtained":[{"floor":7,"key":"War Paint"},{"floor":9,"key":"Frozen Egg 2"}],"event_choices":[{"damage_healed":0,"gold_gain":0,"player_choice":"Bought 1 Potion","damage_taken":0,"max_hp_gain":0,"max_hp_loss":0,"event_name":"The Woman in Blue","floor":10,"gold_loss":0},{"damage_healed":0,"gold_gain":0,"player_choice":"Lose Max HP","damage_taken":0,"relics_obtained":["Golden Idol"],"max_hp_gain":0,"max_hp_loss":6,"event_name":"Golden Idol","floor":14,"gold_loss":0},{"damage_healed":0,"gold_gain":0,"player_choice":"Upgraded","damage_taken":0,"max_hp_gain":0,"max_hp_loss":0,"event_name":"Upgrade Shrine","floor":19,"gold_loss":0,"cards_upgraded":["Heavy Blade"]}],"is_beta":false,"boss_relics":[{"not_picked":["Snecko Eye","Velvet Choker"],"picked":"Tiny House"}],"items_purged_floors":[],"is_endless":false,"potions_floor_spawned":[1,7,11,12,21],"killed_by":"Centurion and Healer","ascension_level":7}}