{"host":"dhr6iszse2qz12e2","time":1610445440,"event":{"mods":["2.2 Compatiblity","A Magickal Journey","Act Like it!","BaseMod","BetterRewards","Colored Map","Downfall","Gensokyo","Hubris","Infinite Spire","Marisa????????","Minty Spire (QoL Compilation)","Permanent Neow","Quick Restart","Replay The Spire","Shop Mod","StSLib","The Animator","The Cursed","The Hierophant","The IronCluck","The Jungle","everything is the same but u backflip on backflip","slay the spire mod where everything is the same but ironclad has a cowboy hat"],"gold_per_floor":[99,111,130,130,130,55,55,55,83,83,103,117,149,13,25,130,130,55,73,85,85,97,107,107,32,103,103,123,123,134,161,181,286,286,286,302,302,355,355,355,406,436,436,463,463,478,286,306,324,324,324,354,41,41,41,41,41],"floor_reached":55,"playtime":2719,"items_purged":["Slimebound:Strike_Slimebound","Slimebound:Strike_Slimebound","Slimebound:Defend_Slimebound"],"score":727,"play_id":"6c1821ca-6348-49bd-b56b-b84f6f711d2c","local_time":"20210112115720","is_ascension_mode":false,"campfire_choices":[{"floor":1.0,"key":"RECALL"},{"data":"Slimebound:Nibble","floor":6.0,"key":"SMITH"},{"data":"Slimebound:Split","floor":8.0,"key":"SMITH"},{"data":"Slimebound:CorrosiveSpit","floor":10.0,"key":"SMITH"},{"data":"Slimebound:LeechLife","floor":18.0,"key":"SMITH"},{"data":"Slimebound:LevelUp","floor":25.0,"key":"SMITH"},{"data":"Slimebound:Tackle","floor":35,"key":"SMITH"},{"data":"Slimebound:Defend_Slimebound","floor":45,"key":"SMITH"},{"floor":54,"key":"REST"}],"circlet_count":0,"master_deck":["Slimebound:Tackle+1","Slimebound:Defend_Slimebound+1","Slimebound:Split+1","Slimebound:CorrosiveSpit+1","Slimebound:Nibble+1","Slimebound:PressTheAttack+1","Slimebound:GrowthPunch+1","Slimebound:MegaLick+1","Slimebound:LevelUp+1","Slimebound:DouseInSlime+1","Slimebound:MegaLick+1","Slimebound:DouseInSlime+1","Slimebound:PressTheAttack+1","Slimebound:Schlurp+1","Slimebound:LeechLife+1","Slimebound:SplitAcid+1","Slimebound:ViciousTackle+1","Slimebound:HauntingLick+1","Slimebound:SplitLeeching+1","Slimebound:Schlurp+1","Slimebound:OozeBath+1","expansioncontent:DecasProtection+1","Slimebound:RainOfGoop+1","Slimebound:LivingWall+1"],"relics":["Slimebound:AbsorbEndCombat","downfall:HeartBlessingRed","Toxic Egg 2","Pen Nib","Centennial Puzzle","Replay:Grab Bag","Philosopher\u0027s Stone","Runic Dome","Ring of Chaos","downfall:HeartBlessingGreen","downfall:HeartBlessingBlue","ClockworkSouvenir","Juzu Bracelet","Sozu","Replay:Multitool","Bag of Marbles","infinitespire:BottledMercury","Slimebound:AggressiveSlimeRelic","Happy Flower","Ice Cream"],"acts_visited":["Exordium","TheCity","TheBeyond","TheEnding"],"potions_floor_usage":[50,50,50],"damage_taken":[{"damage":8.0,"enemies":"Jaw Worm","floor":2.0,"turns":2.0},{"damage":3.0,"enemies":"2 Louse","floor":3.0,"turns":2.0},{"damage":31.0,"enemies":"3 Sentries","floor":9.0,"turns":5.0},{"damage":16.0,"enemies":"infinitespire:Voidling","floor":11.0,"turns":2.0},{"damage":8.0,"enemies":"Large Slime","floor":12.0,"turns":3.0},{"damage":11.0,"enemies":"Gremlin Nob","floor":13.0,"turns":2.0},{"damage":13.0,"enemies":"downfall:FleeingMerchant","floor":14.0,"turns":4.0},{"damage":6.0,"enemies":"Lots of Slimes","floor":15.0,"turns":2.0},{"damage":13.0,"enemies":"downfall:Defect","floor":16.0,"turns":3.0},{"damage":31.0,"enemies":"3 Byrds","floor":19.0,"turns":4.0},{"damage":25.0,"enemies":"Shell Parasite","floor":20.0,"turns":4.0},{"damage":16.0,"enemies":"Snecko","floor":22.0,"turns":3.0},{"damage":12.0,"enemies":"Snake Plant","floor":23.0,"turns":2.0},{"damage":11.0,"enemies":"downfall:FleeingMerchant","floor":26.0,"turns":2.0},{"damage":30,"enemies":"Slavers","floor":28,"turns":3},{"damage":16,"enemies":"3 Cultists","floor":30,"turns":3},{"damage":50,"enemies":"Gremlin Leader","floor":31,"turns":3},{"damage":7,"enemies":"Snecko","floor":32,"turns":2},{"damage":76,"enemies":"downfall:Watcher","floor":33,"turns":5},{"damage":18,"enemies":"3 Shapes","floor":36,"turns":3},{"damage":73,"enemies":"Nemesis","floor":42,"turns":5},{"damage":3,"enemies":"Orb Walker","floor":46,"turns":1},{"damage":23,"enemies":"Maw","floor":48,"turns":4},{"damage":40,"enemies":"Jaw Worm Horde","floor":49,"turns":3},{"damage":28,"enemies":"downfall:Ironclad","floor":50,"turns":4},{"damage":58,"enemies":"downfall:CharBossMerchant","floor":52,"turns":4},{"damage":128,"enemies":"downfall:NeowBoss","floor":55,"turns":9}],"seed_played":"156648184410729204","potions_obtained":[{"floor":11.0,"key":"Venom Potion"},{"floor":13.0,"key":"LiquidMemories"},{"floor":15.0,"key":"Elixir"},{"floor":16.0,"key":"champ:CounterPotion"},{"floor":19.0,"key":"EntropicBrew"},{"floor":20.0,"key":"PowerPotion"}],"is_trial":false,"path_per_floor":["R_BF","M","M","?","?","R","T","R","E","R","M","M","E","$","M","B",null,"R","M","M","?","M","M","T","R","$","?","E","$","M","E","M","B",null,"R","M","AVR","?","?","R","T","E","R","T","R","M","$","M","M","B",null,"E","$","R","B"],"character_chosen":"SLIMEBOUND","items_purchased":["Slimebound:PressTheAttack","ClockworkSouvenir","Slimebound:RainOfGoop+1","Ice Cream"],"campfire_rested":1,"item_purchase_floors":[14,26,47,53],"current_hp_per_floor":[60,60,60,60,60,60,60,60,49,49,57,60,60,60,60,60,60,60,60,60,60,60,60,60,70,70,70,60,60,70,60,69,70,70,70,67,67,67,57,70,70,17,38,38,38,51,51,68,48,48,70,32,32,53,0,0,0],"gold":41,"neow_bonus":"TRANSFORM_CARD","is_daily":false,"chose_seed":false,"campfire_upgraded":7,"win_rate":0.0,"timestamp":1610445440,"path_taken":["R_BF","M","M","?","?","R","T","R","E","R","M","M","E","$","M","BOSS","R","M","M","?","?","M","T","R","$","?","E","$","M","E","M","BOSS","R","M","AVR","?","?","R","T","E","R","?","R","M","$","M","M","BOSS","E","$","R","BOSS"],"items_purchased_type":["Card","Relic","Card","Relic"],"build_version":"2020-12-22","purchased_purges":3,"victory":false,"max_hp_per_floor":[60,60,60,60,60,60,60,60,60,60,60,60,60,60,60,60,60,60,60,60,60,60,60,60,70,70,70,70,70,70,70,70,70,70,70,70,70,70,70,70,70,70,70,70,70,70,70,70,70,70,70,70,70,70,70,70,70],"card_choices":[{"not_picked":["Slimebound:SplitAcid","Slimebound:GoopSpray"],"picked":"Slimebound:PressTheAttack","floor":2.0},{"not_picked":["Slimebound:PressTheAttack","Slimebound:LeechingTouch"],"picked":"Slimebound:GrowthPunch","floor":3.0},{"not_picked":["Slimebound:SpikyOuterGoop","Slimebound:ItLooksTasty"],"picked":"Slimebound:MegaLick+1","floor":9.0},{"not_picked":["Slimebound:SplitAcid+1","Slimebound:GrowthPunch"],"picked":"Slimebound:LevelUp","floor":11.0},{"not_picked":["Slimebound:MegaLick+1","Slimebound:FlameTackle"],"picked":"Slimebound:DouseInSlime+1","floor":12.0},{"not_picked":["Slimebound:Nibble","Slimebound:Prepare+1"],"picked":"Slimebound:MegaLick+1","floor":13.0},{"not_picked":["Slimebound:GrowthPunch","Slimebound:RollThrough"],"picked":"Slimebound:DouseInSlime+1","floor":14.0},{"not_picked":["Slimebound:SamplingLick+1","Slimebound:LeechingTouch"],"picked":"Slimebound:Schlurp+1","floor":15.0},{"not_picked":["Slimebound:MassRepurpose+1","Slimebound:PrepareCrush+1"],"picked":"Slimebound:LeechLife","floor":16.0},{"not_picked":["Slimebound:DisruptingSlam","Slimebound:ProtectTheBoss"],"picked":"Slimebound:SplitAcid+1","floor":19.0},{"not_picked":["Slimebound:SlimeSpikes+1","Slimebound:SplitLeeching+1"],"picked":"Slimebound:ViciousTackle+1","floor":20.0},{"not_picked":["Slimebound:LevelUp","Slimebound:SplitAcid+1","Slimebound:SpikyOuterGoop+1"],"picked":"SKIP","floor":22.0},{"not_picked":["Slimebound:Gluttony","Slimebound:SamplingLick+1"],"picked":"Slimebound:HauntingLick+1","floor":23.0},{"not_picked":["Slimebound:BestDefense","Slimebound:Teamwork+1","Slimebound:SlimeTap+1"],"picked":"SKIP","floor":28},{"not_picked":["Slimebound:RollThrough","Slimebound:Dissolve+1","Slimebound:PressTheAttack"],"picked":"SKIP","floor":30},{"not_picked":["Slimebound:LivingWall+1","Slimebound:SplitAcid+1"],"picked":"Slimebound:Schlurp+1","floor":31},{"not_picked":["Slimebound:PressTheAttack+1","Slimebound:ViciousTackle","Slimebound:FlameTackle"],"picked":"SKIP","floor":32},{"not_picked":["Slimebound:MassRepurpose+1","Slimebound:LeechLife"],"picked":"Slimebound:OozeBath+1","floor":33},{"not_picked":["Slimebound:SplitAcid+1","Slimebound:SplitBruiser+1","Slimebound:TongueLash+1"],"picked":"SKIP","floor":36},{"not_picked":["Replay:SS_fish_1+1","expansioncontent:PolyBeam"],"picked":"expansioncontent:DecasProtection+1","floor":39},{"not_picked":["Slimebound:LeechEnergy+1","Slimebound:Overexert","Slimebound:GoopSpray+1"],"picked":"SKIP","floor":42},{"not_picked":["Slimebound:LeechingTouch","Slimebound:Replication+1","Slimebound:SplitAcid+1"],"picked":"SKIP","floor":46},{"not_picked":["Slimebound:AcidTongue+1","Slimebound:SplitLeeching+1","Slimebound:Nibble"],"picked":"SKIP","floor":48},{"not_picked":["Slimebound:Chomp+1","Slimebound:SplitLeeching+1","Slimebound:ComboTackle+1"],"picked":"SKIP","floor":49},{"not_picked":["Slimebound:AcidTongue","Slimebound:LeechEnergy+1"],"picked":"Slimebound:LivingWall+1","floor":52}],"player_experience":445048,"relics_obtained":[{"floor":7.0,"key":"Toxic Egg 2"},{"floor":9.0,"key":"Pen Nib"},{"floor":13.0,"key":"Centennial Puzzle"},{"floor":31,"key":"Juzu Bracelet"},{"floor":38,"key":"Bag of Marbles"},{"floor":42,"key":"infinitespire:BottledMercury"},{"floor":44,"key":"Slimebound:AggressiveSlimeRelic"},{"floor":52,"key":"Happy Flower"}],"event_choices":[{"damage_healed":0,"gold_gain":0,"cards_transformed":["Slimebound:Strike_Slimebound"],"player_choice":"Transformed","damage_taken":0,"max_hp_gain":0,"max_hp_loss":0,"event_name":"Transmorgrifier","floor":27,"gold_loss":0,"cards_obtained":["Slimebound:SplitLeeching"]}],"is_beta":false,"boss_relics":[{"not_picked":["downfall:Hecktoplasm","hubris:VirtuousBlindfold"],"picked":"Replay:Grab Bag"},{"not_picked":["ReplayTheSpireMod:DimensionalGlitch","hubris:TerracottaHorce"],"picked":"Philosopher\u0027s Stone"},{"not_picked":["hubris:GrandSneckoEye","Busted Crown"],"picked":"Runic Dome"},{"not_picked":["SacredBark","hubris:ScarierMask"],"picked":"Ring of Chaos"},{"not_picked":["Tiny House","Pandora\u0027s Box"],"picked":"Sozu"}],"items_purged_floors":[14,26,47],"is_endless":false,"potions_floor_spawned":[11,13,15,16,19,20,22,32,33,42,46,49],"killed_by":"downfall:NeowBoss","ascension_level":0}}