{"host":"dnvpprmy3abbf89m","time":1610419792,"event":{"mods":["BaseMod","Colored Map","Minty Spire (QoL Compilation)","StSLib"],"gold_per_floor":[111,111,126,201,126,126,91,91,91,266,266,284,131,131,131,230,230,243,243,278,20,20,47,47,47,47],"floor_reached":25,"playtime":1903,"items_purged":["Clumsy","Doubt"],"score":294,"play_id":"1b9acfe5-9e42-4a8d-a35e-fe124624abc2","local_time":"20210112034952","is_ascension_mode":true,"campfire_choices":[{"data":"Neutralize","floor":6.0,"key":"SMITH"},{"data":"Catalyst","floor":8.0,"key":"SMITH"},{"data":"PiercingWail","floor":11.0,"key":"SMITH"},{"data":"Dodge and Roll","floor":15.0,"key":"SMITH"},{"floor":24.0,"key":"REST"}],"circlet_count":0,"master_deck":["Strike_G","Strike_G","Defend_G","Defend_G","Defend_G","Defend_G","Survivor","Neutralize+1","Catalyst+1","PiercingWail+1","Sucker Punch+1","Dodge and Roll+1","Venomology","Calculated Gamble+1","Corpse Explosion+1"],"relics":["Ring of the Snake","Lizard Tail","Pantograph","Astrolabe","Red Mask","Toxic Egg 2","Snake Skull","Bottled Lightning"],"acts_visited":["Exordium","TheCity"],"potions_floor_usage":[25],"damage_taken":[{"damage":2.0,"enemies":"Small Slimes","floor":1.0,"turns":5.0},{"damage":12.0,"enemies":"Jaw Worm","floor":3.0,"turns":6.0},{"damage":2.0,"enemies":"Cultist","floor":12.0,"turns":4.0},{"damage":88.0,"enemies":"The Guardian","floor":16.0,"turns":28.0},{"damage":7.0,"enemies":"Shell Parasite","floor":18.0,"turns":5.0},{"damage":2.0,"enemies":"Masked Bandits","floor":20.0,"turns":3.0},{"damage":35.0,"enemies":"Book of Stabbing","floor":23.0,"turns":7.0},{"damage":49,"enemies":"Gremlin Leader","floor":25,"turns":13}],"seed_played":"-7335973749431956667","potions_obtained":[{"floor":12.0,"key":"Explosive Potion"},{"floor":16.0,"key":"AttackPotion"}],"is_trial":false,"path_per_floor":["M","$","M","?","$","R","?","R","T","?","R","M","$","?","R","B",null,"M","?","?","$","?","E","R","E"],"character_chosen":"THE_SILENT","items_purchased":["Dodge and Roll","Toxic Egg 2"],"campfire_rested":1,"item_purchase_floors":[13,21],"current_hp_per_floor":[61,61,49,38,38,38,55,55,55,55,55,53,53,53,53,18,57,50,50,48,48,48,13,34,0,0],"gold":47,"neow_bonus":"ONE_RARE_RELIC","is_daily":false,"chose_seed":false,"campfire_upgraded":4,"win_rate":0.0,"timestamp":1610419792,"path_taken":["M","$","M","?","$","R","?","R","T","?","R","?","$","?","R","BOSS","M","?","?","$","?","E","R","E"],"items_purchased_type":["Card","Relic"],"build_version":"2020-12-22","purchased_purges":2,"victory":false,"max_hp_per_floor":[70,70,70,70,70,70,70,70,70,70,70,70,70,70,70,70,70,70,70,70,70,70,70,70,70,70],"card_choices":[{"not_picked":["Accuracy","Poisoned Stab"],"picked":"Catalyst","floor":1.0},{"not_picked":["Expertise","Acrobatics"],"picked":"PiercingWail","floor":3.0},{"not_picked":["Dagger Spray","Slice"],"picked":"Sucker Punch","floor":12.0},{"not_picked":["Bullet Time","Unload"],"picked":"Venomology","floor":16.0},{"not_picked":["Underhanded Strike","Dagger Throw","Flying Knee"],"picked":"SKIP","floor":18.0},{"not_picked":["Bane+1","Accuracy","Dagger Throw"],"picked":"SKIP","floor":23.0}],"player_experience":789629,"relics_obtained":[{"floor":9.0,"key":"Pantograph"},{"floor":20.0,"key":"Red Mask"},{"floor":23.0,"key":"Bottled Lightning"}],"event_choices":[{"damage_healed":0.0,"max_hp_gain":0.0,"max_hp_loss":0.0,"gold_gain":75.0,"event_name":"World of Goop","player_choice":"Gather Gold","floor":4.0,"gold_loss":0.0,"damage_taken":11.0},{"damage_healed":17.0,"max_hp_gain":0.0,"max_hp_loss":0.0,"gold_gain":0.0,"event_name":"The Cleric","player_choice":"Healed","floor":7.0,"gold_loss":35.0,"damage_taken":0.0},{"damage_healed":0.0,"max_hp_gain":0.0,"max_hp_loss":0.0,"gold_gain":175.0,"event_name":"Liars Game","player_choice":"AGREE","floor":10.0,"gold_loss":0.0,"damage_taken":0.0,"cards_obtained":["Doubt"]},{"damage_healed":0.0,"max_hp_gain":0.0,"max_hp_loss":0.0,"gold_gain":0.0,"event_name":"Living Wall","player_choice":"Grow","floor":14.0,"gold_loss":0.0,"damage_taken":0.0,"cards_upgraded":["Sucker Punch"]},{"cards_removed":["Defend_G"],"damage_healed":0.0,"max_hp_gain":0.0,"max_hp_loss":0.0,"gold_gain":0.0,"event_name":"Back to Basics","player_choice":"Elegance","floor":19.0,"gold_loss":0.0,"damage_taken":0.0},{"damage_healed":0.0,"max_hp_gain":0.0,"max_hp_loss":0.0,"gold_gain":0.0,"event_name":"Masked Bandits","player_choice":"Fought Bandits","floor":20.0,"gold_loss":0.0,"damage_taken":0.0},{"cards_removed":["Phantasmal Killer"],"damage_healed":0.0,"max_hp_gain":0.0,"max_hp_loss":0.0,"gold_gain":0.0,"event_name":"WeMeetAgain","player_choice":"Gave Card","floor":22.0,"gold_loss":0.0,"damage_taken":0.0,"relics_obtained":["Snake Skull"]}],"is_beta":false,"boss_relics":[{"not_picked":["Ring of the Serpent","Runic Pyramid"],"picked":"Astrolabe"}],"items_purged_floors":[5,13],"is_endless":false,"potions_floor_spawned":[12,16],"killed_by":"Gremlin Leader","ascension_level":9}}