{"host":"ekha54jsiuuqgn65","time":1610441427,"event":{"mods":["BaseMod","Colored Map","Conspire","Minty Spire (QoL Compilation)","Replay The Spire","StSLib","The Marked","[IsaacMod]ÒÔÈö¼âËþ"],"gold_per_floor":[114,167,167,177,177,177,232,21,21,21,82,100,100,100,100,198,198,214,214,264,282,82,82,93,93,93,15,49,64,78,88,88,88,88],"floor_reached":33,"playtime":1187,"items_purged":["Strike_R","Massacre","Strike_R"],"score":288,"play_id":"fc2cc802-0fb1-4f8a-965e-494baa70e6ca","local_time":"20210112165027","is_ascension_mode":false,"campfire_choices":[{"floor":6,"key":"RECALL"},{"data":"Inflame","floor":13,"key":"SMITH"},{"floor":15,"key":"REST"},{"floor":23,"key":"REST"},{"data":"Heavy Blade","floor":25,"key":"SMITH"},{"floor":32,"key":"REST"}],"circlet_count":0,"master_deck":["Strike_R+1","Strike_R","Strike_R","Defend_R","Defend_R+1","Defend_R","Defend_R","Bash","Clash","Pommel Strike","Hemogenesis+1","Heavy Blade+1","Inflame+1","Offering","Armaments","Disarm","Feed","Perfected Strike","Thunderclap","Uppercut","Metallicize+1","Twin Strike+1"],"relics":["Burning Blood","HushsDoor","Orichalcum","Void","BloodBag","Black Star","GuppysHead","GuppysCollar","Membership Card","SteamSale","D6","PreservedInsect","ReplayTheSpireMod:Shallot","Dream Catcher"],"acts_visited":["Exordium","TheCity"],"potions_floor_usage":[16,16,28,29,30,30,31,31],"damage_taken":[{"damage":0,"enemies":"Cultist","floor":1,"turns":1},{"damage":0,"enemies":"Jaw Worm","floor":4,"turns":1},{"damage":0,"enemies":"Gremlin Nob","floor":7,"turns":1},{"damage":22,"enemies":"Gremlin Nob","floor":11,"turns":5},{"damage":0,"enemies":"Small Slimes","floor":12,"turns":2},{"damage":52,"enemies":"The Guardian","floor":16,"turns":10},{"damage":9,"enemies":"3 Byrds","floor":18,"turns":5},{"damage":21,"enemies":"2 Thieves","floor":21,"turns":4},{"damage":6,"enemies":"Snecko","floor":24,"turns":4},{"damage":57,"enemies":"Slavers","floor":28,"turns":7},{"damage":6,"enemies":"Snake Plant","floor":29,"turns":3},{"damage":17,"enemies":"Centurion and Healer","floor":30,"turns":3},{"damage":7,"enemies":"Cultist and Chosen","floor":31,"turns":4},{"damage":66,"enemies":"Champ","floor":33,"turns":10}],"seed_played":"448879833648667823","potions_obtained":[{"floor":1,"key":"Block Potion"},{"floor":10,"key":"Fire Potion"},{"floor":10,"key":"ElixirPotion"},{"floor":11,"key":"Weak Potion"},{"floor":18,"key":"Adrenaline Potion"},{"floor":27,"key":"FairyPotion"},{"floor":27,"key":"LifebloodPotion"},{"floor":27,"key":"Adrenaline Potion"},{"floor":29,"key":"Fire Potion"},{"floor":30,"key":"Explosive Potion"}],"is_trial":false,"path_per_floor":["M","T","?","M","?","R","E","$","T","R","?","M","R","?","R","B",null,"M","?","?","M","$","R","M","R","T","$","E","M","M","M","R","B"],"character_chosen":"IRONCLAD","items_purchased":["Hemogenesis","GuppysHead","GuppysCollar","Membership Card","SteamSale","ReplayTheSpireMod:Lightbulb","D6","Potion Belt","PreservedInsect","Cauldron","Feed","Perfected Strike"],"campfire_rested":3,"item_purchase_floors":[8,17,17,22,27,27,27,27,27,27,27,27],"current_hp_per_floor":[80,80,64,70,70,70,70,73,73,73,57,63,63,63,87,41,64,61,61,61,46,46,64,64,64,64,64,24,24,13,12,32,0,0],"gold":88,"neow_bonus":"THREE_ENEMY_KILL","is_daily":false,"chose_seed":false,"campfire_upgraded":2,"win_rate":0.0,"timestamp":1610441427,"path_taken":["M","?","?","M","?","R","E","$","T","R","?","?","R","?","R","BOSS","M","?","?","M","$","R","M","R","T","?","E","M","M","M","R","BOSS"],"items_purchased_type":["Card","Relic","Relic","Relic","Relic","Relic","Relic","Relic","Relic","Relic","Card","Card"],"build_version":"2020-12-22","purchased_purges":3,"victory":false,"max_hp_per_floor":[80,80,80,80,80,80,80,87,87,87,87,87,87,87,87,87,64,64,64,64,64,64,64,64,64,64,64,67,67,67,67,67,67,67],"card_choices":[{"not_picked":[],"picked":"Bomb","floor":0},{"not_picked":["Headbutt","Flex"],"picked":"Massacre","floor":1},{"not_picked":["Clothesline","Burning Pact"],"picked":"Clash","floor":4},{"not_picked":["Bomb","Entrench"],"picked":"Pommel Strike","floor":7},{"not_picked":["Cleave","Anger"],"picked":"Heavy Blade","floor":11},{"not_picked":["Replay:Many Hands","Anger"],"picked":"Inflame","floor":12},{"not_picked":["Limit Break","Impervious"],"picked":"Offering","floor":16},{"not_picked":["Body Slam","True Grit"],"picked":"Armaments","floor":18},{"not_picked":["ReplayTheSpireMod:Strike From Hell","Seeing Red"],"picked":"Disarm","floor":21},{"not_picked":["Run Through","Body Slam","Dual Wield"],"picked":"SKIP","floor":24},{"not_picked":["Bloodletting","Cleave"],"picked":"Thunderclap","floor":28},{"not_picked":["Twin Strike","Clash"],"picked":"Uppercut","floor":29},{"not_picked":["ReplayTheSpireMod:Strike From Hell","Body Slam+1"],"picked":"Metallicize+1","floor":30},{"not_picked":["Replay:Undeath\u0027s Touch","Run Through","Warcry"],"picked":"SKIP","floor":31},{"not_picked":["Shockwave","Headbutt"],"picked":"Twin Strike+1","floor":32}],"player_experience":7811,"relics_obtained":[{"floor":2,"key":"Orichalcum"},{"floor":7,"key":"BloodDonationMachine"},{"floor":9,"key":"Chameleon Ring"},{"floor":11,"key":"Bottled Flame"},{"floor":26,"key":"Mirror"},{"floor":28,"key":"ReplayTheSpireMod:Shallot"},{"floor":28,"key":"Dream Catcher"}],"event_choices":[{"damage_healed":0,"gold_gain":0,"player_choice":"Entered Light","damage_taken":16,"max_hp_gain":0,"max_hp_loss":0,"event_name":"Shining Light","floor":3,"gold_loss":0,"cards_upgraded":["Strike_R","Defend_R"]},{"damage_healed":0,"gold_gain":0,"player_choice":"Searched \u00271\u0027 times","damage_taken":0,"max_hp_gain":0,"max_hp_loss":0,"event_name":"Dead Adventurer","floor":11,"gold_loss":0},{"damage_healed":0,"gold_gain":0,"player_choice":"Grow","damage_taken":0,"max_hp_gain":0,"max_hp_loss":0,"event_name":"Living Wall","floor":14,"gold_loss":0,"cards_upgraded":["Hemogenesis"]},{"damage_healed":0,"gold_gain":100,"player_choice":"Bet on Murderer","damage_taken":0,"max_hp_gain":0,"max_hp_loss":0,"event_name":"The Joust","floor":20,"gold_loss":50}],"is_beta":false,"boss_relics":[{"not_picked":["Kintsugi","Replay:Bronze Core"],"picked":"Black Star"},{"not_picked":[]}],"items_purged_floors":[8,22,27],"is_endless":false,"potions_floor_spawned":[1,11,12,18,29,30],"killed_by":"Champ","ascension_level":0}}