{"host":"yb8bkkdvr1qiclnk","time":1610487250,"event":{"mods":["BaseMod","Colored Map","Colored Powertips","DeckTracker","Faster Ascension Climbing","Highlight Path","Minty Spire (QoL Compilation)","Quick Restart","Relic Stats","UnlockEverythingMod"],"gold_per_floor":[110,123,134,16,26,26,58,58,106,139,139,158,83,106,106,183,183,223,138,1,1,20,53,53,83,136,136,136,179,179,179,179,256,256,299,324,403,449,108,108,108,165,189,201,242,323,353,365,365],"floor_reached":48,"language":"ENG","playtime":4131,"items_purged":["Defend_P"],"score":1264,"play_id":"fc6ed530-c527-4c7e-8202-ace26090a24e","local_time":"20210112163410","is_ascension_mode":true,"campfire_choices":[{"data":"Wallop","floor":6,"key":"SMITH"},{"data":"Consecrate","floor":8,"key":"SMITH"},{"data":"Eruption","floor":11,"key":"SMITH"},{"data":"EmptyFist","floor":15,"key":"SMITH"},{"floor":24,"key":"REST"},{"floor":27,"key":"REST"},{"floor":30,"key":"REST"},{"data":"Wish","floor":32,"key":"SMITH"},{"data":"Establishment","floor":40,"key":"SMITH"},{"data":"Alpha","floor":44,"key":"SMITH"}],"circlet_count":0,"master_deck":["AscendersBane","Strike_P","Defend_P","Defend_P","Defend_P","Eruption+1","Vigilance","EmptyFist+1","Tantrum","Consecrate+1","Wallop+1","Halt","DeceiveReality","ThirdEye","ClearTheMind","Establishment+1","Wish+1","Vengeance","Meditate","RitualDagger","FlurryOfBlows+1","CarveReality+1","MentalFortress","Alpha+1","JustLucky","DeceiveReality","Omniscience","CrushJoints","WheelKick+1","Dark Shackles","Vengeance"],"relics":["PureWater","Shuriken","Bronze Scales","Bag of Marbles","Odd Mushroom","Snecko Eye","Mango","Yang","Anchor","Enchiridion","Busted Crown","Calipers","StrikeDummy","Lee\u0027s Waffle","Pantograph","MawBank","Dream Catcher","Frozen Egg 2"],"acts_visited":["Exordium","TheCity","TheBeyond"],"potions_floor_usage":[14,16,25,25,33,42,47],"damage_taken":[{"damage":1,"enemies":"Small Slimes","floor":1,"turns":4},{"damage":2,"enemies":"Jaw Worm","floor":2,"turns":3},{"damage":4,"enemies":"2 Louse","floor":3,"turns":3},{"damage":2,"enemies":"Blue Slaver","floor":5,"turns":2},{"damage":28,"enemies":"Lagavulin","floor":7,"turns":4},{"damage":0,"enemies":"Gremlin Nob","floor":10,"turns":2},{"damage":0,"enemies":"2 Fungi Beasts","floor":12,"turns":1},{"damage":0,"enemies":"The Mushroom Lair","floor":14,"turns":3},{"damage":27,"enemies":"Slime Boss","floor":16,"turns":6},{"damage":17,"enemies":"Chosen","floor":18,"turns":4},{"damage":6,"enemies":"3 Byrds","floor":22,"turns":4},{"damage":22,"enemies":"Slavers","floor":23,"turns":3},{"damage":21,"enemies":"Book of Stabbing","floor":25,"turns":4},{"damage":21,"enemies":"Sentry and Sphere","floor":29,"turns":4},{"damage":0,"enemies":"Collector","floor":33,"turns":7},{"damage":0,"enemies":"Orb Walker","floor":35,"turns":3},{"damage":20,"enemies":"Mind Bloom Boss Battle","floor":36,"turns":4},{"damage":0,"enemies":"3 Shapes","floor":38,"turns":3},{"damage":15,"enemies":"Giant Head","floor":42,"turns":7},{"damage":54,"enemies":"Nemesis","floor":45,"turns":7},{"damage":10,"enemies":"Sphere and 2 Shapes","floor":47,"turns":3},{"damage":24,"enemies":"Spire Growth","floor":48,"turns":2}],"seed_played":"1814524821319505335","potions_obtained":[{"floor":1,"key":"BlessingOfTheForge"},{"floor":3,"key":"Regen Potion"},{"floor":23,"key":"SkillPotion"},{"floor":25,"key":"Weak Potion"},{"floor":29,"key":"AttackPotion"},{"floor":36,"key":"CultistPotion"},{"floor":42,"key":"FearPotion"},{"floor":47,"key":"Energy Potion"}],"is_trial":false,"path_per_floor":["M","M","M","$","M","R","E","R","T","E","R","M","?","?","R","B",null,"M","?","$","?","M","E","R","E","T","R","?","M","R","?","R","B",null,"M","?","T","M","$","R","?","E","T","R","E","T","M","M"],"character_chosen":"WATCHER","items_purchased":["Wallop","Halt","Meditate","Energy Potion","Lee\u0027s Waffle","Dark Shackles"],"campfire_rested":3,"item_purchase_floors":[4,4,20,20,39,39],"current_hp_per_floor":[66,64,60,60,58,58,30,30,30,30,30,30,30,39,39,12,59,42,56,56,50,44,22,48,27,27,53,53,32,58,37,37,37,75,75,55,55,55,95,95,90,75,75,75,21,21,11,0,0],"gold":365,"neow_bonus":"TEN_PERCENT_HP_BONUS","is_daily":false,"chose_seed":false,"campfire_upgraded":7,"win_rate":0.0,"timestamp":1610487250,"path_taken":["M","M","M","$","M","R","E","R","T","E","R","M","?","?","R","BOSS","M","?","$","?","M","E","R","E","T","R","?","M","R","?","R","BOSS","M","?","?","M","$","R","?","E","T","R","E","?","M","M"],"items_purchased_type":["Card","Card","Card","Potion","Relic","Card"],"build_version":"2020-12-22","purchased_purges":1,"victory":false,"max_hp_per_floor":[74,74,74,74,74,74,74,74,74,74,74,74,74,74,74,74,74,74,88,88,88,88,88,88,88,88,88,88,88,88,88,88,88,88,88,88,88,88,95,95,90,90,90,90,90,90,90,90,90],"relic_stats":{"Lee\u0027s Waffle":40,"Dream Catcher":0,"Busted Crown":12,"counters":[22,83],"Shuriken":[26],"Bronze Scales":[195],"Pantograph":0,"Snecko Eye":[104,87,91,110],"Yang":[92],"MawBank":60,"obtain_stats":[{"Lee\u0027s Waffle":39,"Calipers":36,"Enchiridion":31,"Mango":19,"Yang":23,"Odd Mushroom":14,"Frozen Egg 2":46,"MawBank":43,"Anchor":25,"Dream Catcher":45,"Busted Crown":34,"Shuriken":7,"Bronze Scales":9,"Pantograph":42,"Snecko Eye":17,"Bag of Marbles":10,"PureWater":0,"StrikeDummy":37},{"Lee\u0027s Waffle":18,"Calipers":17,"Enchiridion":14,"Mango":10,"Yang":12,"Odd Mushroom":8,"Frozen Egg 2":20,"MawBank":19,"Anchor":13,"Dream Catcher":20,"Busted Crown":15,"Shuriken":5,"Bronze Scales":5,"Pantograph":19,"Snecko Eye":9,"Bag of Marbles":6,"PureWater":0,"StrikeDummy":17},{"Lee\u0027s Waffle":64,"Calipers":61,"Enchiridion":47,"Mango":32,"Yang":39,"Odd Mushroom":22,"Frozen Egg 2":78,"MawBank":71,"Anchor":43,"Dream Catcher":78,"Busted Crown":54,"Shuriken":16,"Bronze Scales":16,"Pantograph":71,"Snecko Eye":28,"Bag of Marbles":18,"PureWater":0,"StrikeDummy":61}]},"card_choices":[{"not_picked":["Study","Crescendo"],"picked":"EmptyFist","floor":1},{"not_picked":["Collect","ThirdEye"],"picked":"Tantrum","floor":2},{"not_picked":["Crescendo","Tantrum"],"picked":"Consecrate","floor":3},{"not_picked":["BowlingBash","SashWhip"],"picked":"DeceiveReality","floor":5},{"not_picked":["Prostrate","Weave","Tantrum"],"picked":"SKIP","floor":7},{"not_picked":["ReachHeaven","DeceiveReality"],"picked":"ThirdEye","floor":10},{"not_picked":["WindmillStrike","FollowUp"],"picked":"ClearTheMind","floor":12},{"not_picked":["EmptyFist","JustLucky"],"picked":"Establishment","floor":14},{"not_picked":["Scrawl","Judgement"],"picked":"Wish","floor":16},{"not_picked":["EmptyBody","BowlingBash"],"picked":"Vengeance","floor":18},{"not_picked":["FlyingSleeves","Consecrate"],"picked":"FlurryOfBlows+1","floor":22},{"not_picked":["Halt","EmptyFist"],"picked":"CarveReality+1","floor":23},{"not_picked":["SignatureMove+1","FollowUp"],"picked":"MentalFortress","floor":25},{"not_picked":["Vengeance","Prostrate"],"picked":"DeceiveReality","floor":29},{"not_picked":["Brilliance","Judgement"],"picked":"Omniscience","floor":33},{"not_picked":["CutThroughFate"],"picked":"SKIP","floor":35},{"not_picked":[],"picked":"CrushJoints","floor":36},{"not_picked":[],"picked":"WheelKick+1","floor":38},{"not_picked":["Pray"],"picked":"SKIP","floor":42},{"not_picked":["Halt"],"picked":"SKIP","floor":45},{"not_picked":[],"picked":"Vengeance","floor":47}],"player_experience":48096,"relics_obtained":[{"floor":7,"key":"Shuriken"},{"floor":9,"key":"Bronze Scales"},{"floor":10,"key":"Bag of Marbles"},{"floor":14,"key":"Odd Mushroom"},{"floor":23,"key":"Yang"},{"floor":25,"key":"Anchor"},{"floor":31,"key":"Enchiridion"},{"floor":36,"key":"Calipers"},{"floor":37,"key":"StrikeDummy"},{"floor":42,"key":"Pantograph"},{"floor":43,"key":"MawBank"},{"floor":45,"key":"Dream Catcher"},{"floor":46,"key":"Frozen Egg 2"}],"event_choices":[{"cards_removed":["Strike_P"],"damage_healed":0,"gold_gain":0,"player_choice":"Card Removal","damage_taken":0,"max_hp_gain":0,"max_hp_loss":0,"event_name":"The Cleric","floor":13,"gold_loss":75},{"damage_healed":0,"gold_gain":0,"player_choice":"Fought Mushrooms","damage_taken":0,"max_hp_gain":0,"max_hp_loss":0,"event_name":"Mushrooms","floor":14,"gold_loss":0},{"damage_healed":0,"gold_gain":0,"player_choice":"Obtained Relic","damage_taken":0,"relics_obtained":["Mango"],"max_hp_gain":0,"max_hp_loss":0,"event_name":"Addict","floor":19,"gold_loss":85},{"damage_healed":0,"gold_gain":0,"player_choice":"Joined the Cult","damage_taken":6,"max_hp_gain":0,"max_hp_loss":0,"event_name":"Nest","floor":21,"gold_loss":0,"cards_obtained":["RitualDagger"]},{"damage_healed":0,"gold_gain":0,"cards_transformed":["Strike_P","Strike_P"],"player_choice":"Became Test Subject","damage_taken":0,"max_hp_gain":0,"max_hp_loss":0,"event_name":"Drug Dealer","floor":28,"gold_loss":0,"cards_obtained":["Alpha","JustLucky"]},{"damage_healed":0,"gold_gain":0,"player_choice":"Obtained Book","damage_taken":21,"max_hp_gain":0,"max_hp_loss":0,"event_name":"Cursed Tome","floor":31,"gold_loss":0},{"damage_healed":0,"gold_gain":0,"player_choice":"Fight","damage_taken":0,"max_hp_gain":0,"max_hp_loss":0,"event_name":"MindBloom","floor":36,"gold_loss":0},{"damage_healed":0,"gold_gain":0,"player_choice":"Max HP","damage_taken":0,"max_hp_gain":0,"max_hp_loss":5,"event_name":"Winding Halls","floor":41,"gold_loss":0}],"is_beta":false,"boss_relics":[{"not_picked":["Empty Cage","Fusion Hammer"],"picked":"Snecko Eye"},{"not_picked":["Sozu","Runic Pyramid"],"picked":"Busted Crown"}],"items_purged_floors":[39],"is_endless":false,"potions_floor_spawned":[1,3,7,23,25,29,36,42,45,47],"killed_by":"Spire Growth","ascension_level":20}}