{"host":"qijhzzkmbgiiyux7","time":1610459940,"event":{"mods":["BaseMod","Downfall","Hermit","Marisa????????","Minty Spire (QoL Compilation)","Replay The Spire","StSLib","The Bug Knight","The Cursed","The Mystic"],"gold_per_floor":[110,110,8,28,28,28,39,39,65,95,109,109,109,126,126,222,222,236,236,31,50,27,27,42,42,68,82,82,82,82,82],"floor_reached":30,"playtime":1659,"items_purged":[],"score":228,"play_id":"a098c0bb-c680-4716-ad89-8c6418917a0e","local_time":"20210112165900","is_ascension_mode":false,"campfire_choices":[{"data":"HollowMod:SharpenedShadows","floor":6,"key":"SMITH"},{"data":"HollowMod:GreatSlash","floor":8,"key":"SMITH"},{"floor":13,"key":"REST"},{"floor":23,"key":"REST"},{"floor":25,"key":"REST"}],"circlet_count":0,"master_deck":["HollowMod:NailStrikeStart","HollowMod:NailStrikeStart","HollowMod:NailStrikeStart","HollowMod:NailStrikeStart","HollowMod:QuickDashStart","HollowMod:QuickDashStart","HollowMod:QuickDashStart","HollowMod:QuickDashStart","HollowMod:FocusHealStart","HollowMod:PogoStrike","HollowMod:SharpenedShadows+1","Replay:UnknownCurse","HollowMod:GreatSlash+1","HollowMod:SoulStrike","TheCursedMod:Hemoplague+1","Steam","TheCursedMod:TacticalStrike","Dagger Throw+1","HollowMod:ElderbugsWisdom","TheCursedMod:CursedBlade+1","HollowMod:HornetsHelp","HollowMod:SoulSplash","HollowMod:SharpenedNail","HollowMod:HeavyBlow","TheCursedMod:Stigma","Decay","MagicAbsorber","Hallucinations"],"relics":["HollowMod:VesselMask","NeowsBlessing","PrismaticShard","Bag of Preparation","Anchor","Cursed Key","Dream Catcher","ReplayTheSpireMod:Ring of Addiction","Chameleon Ring","SacredBark"],"acts_visited":["Exordium","TheCity"],"potions_floor_usage":[27,30],"damage_taken":[{"damage":0,"enemies":"Small Slimes","floor":1,"turns":1},{"damage":0,"enemies":"2 Louse","floor":4,"turns":1},{"damage":0,"enemies":"Cultist","floor":7,"turns":1},{"damage":20,"enemies":"Gremlin Nob","floor":10,"turns":4},{"damage":9,"enemies":"2 Fungi Beasts","floor":11,"turns":3},{"damage":12,"enemies":"Large Slime","floor":14,"turns":5},{"damage":60,"enemies":"HollowMod:FalseKnight","floor":16,"turns":11},{"damage":28,"enemies":"2 Thieves","floor":18,"turns":5},{"damage":15,"enemies":"Spheric Guardian","floor":21,"turns":5},{"damage":18,"enemies":"Snake Plant","floor":24,"turns":5},{"damage":57,"enemies":"Cultist and Chosen","floor":27,"turns":8},{"damage":27,"enemies":"HollowMod:Nosk","floor":30,"turns":5}],"seed_played":"1795148495868943020","potions_obtained":[{"floor":1,"key":"LiquidBronze"},{"floor":7,"key":"SpeedPotion"},{"floor":14,"key":"SpeedPotion"},{"floor":27,"key":"Fruit Juice"},{"floor":28,"key":"SkillPotion"}],"is_trial":false,"path_per_floor":["M","?","$","M","?","R","M","R","T","E","M","?","R","M","R","B",null,"M","?","$","M","$","R","M","R","T","M","?","?","E"],"character_chosen":"THE_BUGKNIGHT","items_purchased":["HollowMod:GreatSlash","HollowMod:SoulStrike","HollowMod:HornetsHelp","HollowMod:SoulSplash","HollowMod:HeavyBlow"],"campfire_rested":3,"item_purchase_floors":[3,3,20,20,22],"current_hp_per_floor":[75,75,75,75,75,75,75,75,75,55,52,52,74,68,75,25,75,53,53,53,44,44,66,48,70,70,24,24,24,0,0],"gold":82,"neow_bonus":"THREE_ENEMY_KILL","is_daily":false,"chose_seed":false,"campfire_upgraded":2,"win_rate":0.0,"timestamp":1610459940,"path_taken":["M","?","$","M","?","R","M","R","T","E","M","?","R","M","R","BOSS","M","?","$","M","$","R","M","R","T","M","?","?","E"],"items_purchased_type":["Card","Card","Card","Card","Card"],"build_version":"2020-12-22","purchased_purges":0,"victory":false,"max_hp_per_floor":[75,75,75,75,75,75,75,75,75,75,75,75,75,75,75,75,75,75,75,75,75,75,75,75,75,75,80,80,80,80,80],"card_choices":[{"not_picked":["HollowMod:ShadowDash","HollowMod:PureNailStrike"],"picked":"HollowMod:SharpenedShadows","floor":1},{"not_picked":["mysticmod:HeavyStrike","hexamod:HauntingEcho","hermit:SprayPray"],"picked":"SKIP","floor":4},{"not_picked":["hermit:HoleUp","hexamod:RecurringNightmare"],"picked":"TheCursedMod:Hemoplague","floor":7},{"not_picked":["hexamod:GhostLash","ReplayTheSpireMod:Tripwire"],"picked":"Steam","floor":10},{"not_picked":["Whirlwind","champ:CrookedStrike"],"picked":"TheCursedMod:TacticalStrike","floor":11},{"not_picked":["LessonLearned","expansioncontent:YouAreMine"],"picked":"Dagger Throw","floor":14},{"not_picked":["mysticmod:Natural20","TheCursedMod:ManaCirculation"],"picked":"HollowMod:ElderbugsWisdom","floor":16},{"not_picked":["Slimebound:ComboTackle","Reinforced Body"],"picked":"TheCursedMod:CursedBlade+1","floor":18},{"not_picked":["expansioncontent:BronzeBeam","expansioncontent:AwakenDeath+1"],"picked":"HollowMod:SharpenedNail","floor":21},{"not_picked":["Clash","Guardian:Harden"],"picked":"TheCursedMod:Stigma","floor":24},{"not_picked":["Omniscience","Halt"],"picked":"MagicAbsorber","floor":27}],"player_experience":23640,"relics_obtained":[{"floor":9,"key":"Bag of Preparation"},{"floor":10,"key":"Anchor"},{"floor":26,"key":"Dream Catcher"},{"floor":28,"key":"ReplayTheSpireMod:Ring of Addiction"},{"floor":28,"key":"Chameleon Ring"},{"floor":28,"key":"SacredBark"}],"event_choices":[{"damage_healed":0,"gold_gain":0,"player_choice":"Ignored","damage_taken":0,"max_hp_gain":0,"max_hp_loss":0,"event_name":"Ghosts","floor":19,"gold_loss":0}],"is_beta":false,"boss_relics":[{"not_picked":["Replay:Bronze Core","Replay:Ancient Bell"],"picked":"Cursed Key"}],"items_purged_floors":[],"is_endless":false,"potions_floor_spawned":[1,7,14,21,27],"killed_by":"HollowMod:Nosk","ascension_level":0}}