{"host":"82t6xbn50zntxpg2","time":1610448917,"event":{"mods":["BaseMod","BetterRewards","Chen","Hubris","Infinite Spire","KomeijiMod","Marisa（霧雨　魔理沙）","Minty Spire (QoL Compilation)","Reimu（博??梦）","Replay The Spire","StSLib","Waifu the Spire","Yakumo Yukari mod","Youmu（魂魄妖梦）"],"gold_per_floor":[117,132,143,155,172,172,206,279,305,305,405,83,83,115,115,222,222,245,245,245,245,53,53,82,82,82,104,129,181,181,213,213,334,334,368,95,126,126,126],"floor_reached":38,"playtime":5357,"items_purged":["Strike_Komeiji"],"score":571,"play_id":"dff995e6-65f2-4f3a-9ae8-1040cc32593a","local_time":"20210112125517","is_ascension_mode":false,"campfire_choices":[{"data":"SenseofElegance","floor":6.0,"key":"SMITH"},{"data":"SenseofElegance+1","floor":10.0,"key":"SMITH"},{"data":"TenguNoTaiko","floor":13.0,"key":"SMITH"},{"data":"Replay:Sssssssssshield","floor":23,"key":"SMITH"},{"data":"RidiculousThoughts","floor":30,"key":"SMITH"}],"circlet_count":0,"master_deck":["Strike_Komeiji","Strike_Komeiji","Strike_Komeiji","Defend_Komeiji","Defend_Komeiji","Defend_Komeiji","Dash_Komeiji","NingyouSousou+1","GroundStardust+1","SenseofElegance+2","DemonsDinnerFork","Mishyaguji+1","HagoromoKu","MakuraSeki","TenguNoTaiko+1","NingyouKisou+1","HisouNoKen","MunenMusou","MakuraSeki","RitualDagger","Impatience","Agarareta+1","Dash_Komeiji","GasuOrimono","RidiculousThoughts+1","PreThought","Replay:Sssssssssshield+1","Agarareta+1","ReplayTheSpireMod:Chaos Vortex","NingyouSP+1","InscribeRedSoul","RikonNoKama+1","MakuraSeki+1","EverywhereHibernate","SeekerDolls+1","HagoromoKu","VampireKiss","NingyouSousou+1"],"relics":["KomeijisEye","SpellCardsRule","MusicBox","CrystalOfMemory","Tiny Chest","Toy Ornithopter","infinitespire:ShieldingShard","infinitespire:Cupcake","Vajra","ReplayTheSpireMod:ShopPack","Replay:Lucky Slots","Philosopher\u0027s Stone","Nunchaku","SlaversCollar","ClockworkSouvenir"],"acts_visited":["Exordium","TheCity","TheBeyond"],"potions_floor_usage":[37],"damage_taken":[{"damage":5.0,"enemies":"2 Louse","floor":1.0,"turns":4.0},{"damage":0.0,"enemies":"Jaw Worm","floor":2.0,"turns":6.0},{"damage":2.0,"enemies":"Cultist","floor":3.0,"turns":4.0},{"damage":0.0,"enemies":"Looter","floor":4.0,"turns":4.0},{"damage":3.0,"enemies":"Gremlin Gang","floor":5.0,"turns":2.0},{"damage":0.0,"enemies":"Lagavulin","floor":7.0,"turns":4.0},{"damage":3.0,"enemies":"Lagavulin Event","floor":8.0,"turns":5.0},{"damage":7.0,"enemies":"Lots of Slimes","floor":14.0,"turns":4.0},{"damage":0.0,"enemies":"Fading Forest","floor":16.0,"turns":11.0},{"damage":0,"enemies":"Chosen","floor":18,"turns":5},{"damage":19,"enemies":"2 Thieves","floor":24,"turns":3},{"damage":3,"enemies":"Chosen and Byrds","floor":27,"turns":3},{"damage":13,"enemies":"Snake Plant","floor":28,"turns":3},{"damage":0,"enemies":"Replay:Snechameleon","floor":29,"turns":5},{"damage":0,"enemies":"Centurion and Healer","floor":31,"turns":3},{"damage":0,"enemies":"Automaton","floor":33,"turns":7},{"damage":7,"enemies":"3 Shapes","floor":35,"turns":3},{"damage":0,"enemies":"Orb Walker","floor":37,"turns":4},{"damage":0,"enemies":"Transient","floor":38,"turns":3}],"seed_played":"-7941882475001256401","potions_obtained":[{"floor":2.0,"key":"Dexterity Potion"},{"floor":4.0,"key":"AttackPotion"},{"floor":7.0,"key":"SpeedPotion"},{"floor":14.0,"key":"PowerPotion"},{"floor":29,"key":"DuplicationPotion"}],"is_trial":false,"path_per_floor":["M","M","M","M","M","R","E","?","T","R","?","$","R","M","R","B",null,"M","?","?","T","$","R","M","AVR","T","M","M","E","R","M","R","B",null,"M","$","M","M"],"character_chosen":"KomeijiSatori","items_purchased":["TenguNoTaiko","infinitespire:ShieldingShard","GasuOrimono","ReplayTheSpireMod:ShopPack","HagoromoKu","ClockworkSouvenir","VampireKiss"],"campfire_rested":0,"item_purchase_floors":[12,12,22,22,36,36,36],"current_hp_per_floor":[50,55,53,53,51,51,51,48,48,48,48,48,48,41,41,55,55,55,49,49,49,49,49,30,30,30,27,16,16,16,17,33,36,55,48,48,55,55,55],"gold":126,"neow_bonus":"TEN_PERCENT_HP_BONUS","is_daily":false,"chose_seed":false,"campfire_upgraded":5,"win_rate":0.0,"timestamp":1610448917,"path_taken":["M","M","M","M","M","R","E","?","T","R","?","$","R","M","R","BOSS","M","?","?","?","$","R","M","AVR","T","M","M","E","R","M","R","BOSS","M","$","?","M"],"items_purchased_type":["Card","Relic","Card","Relic","Card","Relic","Card"],"build_version":"2020-12-22","purchased_purges":1,"victory":false,"max_hp_per_floor":[55,55,55,55,55,55,55,55,55,55,55,55,55,55,55,55,55,55,55,55,55,55,55,55,55,55,55,55,55,55,55,55,55,55,55,55,55,55,55],"card_choices":[{"not_picked":["Melting","SenyouGoraku+1"],"picked":"NingyouSousou+1","floor":1.0},{"not_picked":["SeekerWire+1","ShyakuBuku"],"picked":"GroundStardust+1","floor":2.0},{"not_picked":["TerribleSouvenir","RikonNoKama+1"],"picked":"SenseofElegance","floor":3.0},{"not_picked":["NingyouSP+1","NingyouKasou+1"],"picked":"DemonsDinnerFork","floor":4.0},{"not_picked":["OoedoNingyou+1","MusuNoYume"],"picked":"Mishyaguji+1","floor":5.0},{"not_picked":["SeekerDolls","KinbakuJin+1"],"picked":"HagoromoKu","floor":7.0},{"not_picked":["SeekerDolls","JyouchiJin+1"],"picked":"MakuraSeki","floor":8.0},{"not_picked":["EnMu+1","SenseofElegance"],"picked":"NingyouKisou+1","floor":14.0},{"not_picked":["WumiGaWareru","EverywhereHibernate"],"picked":"MunenMusou","floor":16.0},{"not_picked":["NingyouFukuhei+1","KinbakuJin+1"],"picked":"MakuraSeki","floor":18},{"not_picked":["Apotheosis","The Bomb"],"picked":"RidiculousThoughts","floor":22},{"not_picked":["Enlightenment","Madness"],"picked":"PreThought","floor":22},{"not_picked":["Purity","Discovery"],"picked":"Replay:Sssssssssshield","floor":22},{"not_picked":["SeekerDolls","ShyakuBuku"],"picked":"Agarareta+1","floor":24},{"not_picked":["NingyouOkisou+1","NingyouSousou+1"],"picked":"NingyouSP+1","floor":27},{"not_picked":["Sabishigari+1","SatsujinDooru"],"picked":"InscribeRedSoul","floor":28},{"not_picked":["EnMu+1","MajikuruSanhai+1"],"picked":"RikonNoKama+1","floor":29},{"not_picked":["SeekerDolls","RikonNoKama+1"],"picked":"MakuraSeki","floor":31},{"not_picked":["HisouTensoku","LunaDial"],"picked":"EverywhereHibernate","floor":33},{"not_picked":["SeekerWire+1","Sabishigari+1"],"picked":"SeekerDolls+1","floor":35},{"not_picked":["SatsujinDooru+1","OoedoNingyou+1"],"picked":"NingyouSousou+1","floor":37}],"player_experience":386726,"relics_obtained":[{"floor":7.0,"key":"CrystalOfMemory"},{"floor":9.0,"key":"Toy Ornithopter"},{"floor":21,"key":"Vajra"},{"floor":29,"key":"Nunchaku"}],"event_choices":[{"damage_healed":0.0,"max_hp_gain":0.0,"max_hp_loss":0.0,"gold_gain":30.0,"event_name":"Dead Adventurer","player_choice":"Searched \u00273\u0027 times","floor":8.0,"gold_loss":0.0,"damage_taken":0.0,"relics_obtained":["Tiny Chest"]},{"damage_healed":0.0,"max_hp_gain":0.0,"max_hp_loss":0.0,"gold_gain":100.0,"event_name":"Golden Shrine","player_choice":"Pray","floor":11.0,"gold_loss":0.0,"damage_taken":0.0},{"damage_healed":0,"gold_gain":0,"player_choice":"Joined the Cult","damage_taken":6,"max_hp_gain":0,"max_hp_loss":0,"event_name":"Nest","floor":19,"gold_loss":0,"cards_obtained":["RitualDagger"]},{"damage_healed":0,"gold_gain":0,"player_choice":"3 cards matched","damage_taken":0,"max_hp_gain":0,"max_hp_loss":0,"event_name":"Match and Keep!","floor":20,"gold_loss":0,"cards_obtained":["Impatience","Agarareta","Dash_Komeiji"]}],"is_beta":false,"boss_relics":[{"not_picked":["Replay:Drink Me","Sozu"],"picked":"infinitespire:Cupcake"},{"not_picked":["hubris:VirtuousBlindfold","Cursed Key"],"picked":"SlaversCollar"}],"items_purged_floors":[25],"is_endless":false,"potions_floor_spawned":[2,4,7,14,29,33,35],"killed_by":"Transient","ascension_level":0}}