{"host":"fxrgx7wt2cpkbhka","time":1610431092,"event":{"mods":["AchievementEnabler","BaseMod","Colored Powertips","Minty Spire (QoL Compilation)","Permanent Neow","Slay-I","StSLib","Waifu the Spire"],"gold_per_floor":[363,381,381,61,78,78,89,115,141,108,108,123,141,25,25,123,123,140,100,100,100],"floor_reached":20,"playtime":668,"items_purged":["Injury"],"score":278,"play_id":"a074bba8-e698-4e51-90d6-feff5f4bb49f","local_time":"20210111215812","is_ascension_mode":true,"campfire_choices":[{"data":"Flex","floor":6,"key":"SMITH"},{"floor":11,"key":"REST"},{"data":"Shockwave","floor":15,"key":"SMITH"}],"circlet_count":0,"master_deck":["AscendersBane","Strike_R","Strike_R","Strike_R","Strike_R","Strike_R","Defend_R","Defend_R","Defend_R","Defend_R","Bash","Flex+1","Shockwave+1","Perfected Strike","Dropkick","Rage","Spot Weakness","Feed+1","Inflame"],"relics":["Burning Blood","Regal Pillow","Membership Card","Shuriken","Omamori","MealTicket","Juzu Bracelet"],"acts_visited":["Exordium","TheCity"],"potions_floor_usage":[7,8,16,16,18,20],"damage_taken":[{"damage":7,"enemies":"Jaw Worm","floor":1,"turns":3},{"damage":6,"enemies":"2 Louse","floor":2,"turns":4},{"damage":19,"enemies":"Small Slimes","floor":5,"turns":4},{"damage":20,"enemies":"Exordium Thugs","floor":7,"turns":5},{"damage":25,"enemies":"3 Sentries","floor":8,"turns":7},{"damage":13,"enemies":"Exordium Wildlife","floor":12,"turns":4},{"damage":9,"enemies":"Looter","floor":13,"turns":3},{"damage":52,"enemies":"Slime Boss","floor":16,"turns":10},{"damage":60,"enemies":"Spheric Guardian","floor":18,"turns":7},{"damage":15,"enemies":"Masked Bandits","floor":20,"turns":3}],"seed_played":"4923921692038235721","potions_obtained":[{"floor":1,"key":"Fire Potion"},{"floor":5,"key":"Energy Potion"},{"floor":12,"key":"Swift Potion"},{"floor":13,"key":"Explosive Potion"},{"floor":16,"key":"Weak Potion"},{"floor":18,"key":"EssenceOfSteel"}],"is_trial":false,"path_per_floor":["M","M","?","$","M","R","M","E","T","?","R","M","M","$","R","B",null,"M","?","?"],"character_chosen":"IRONCLAD","items_purchased":["Membership Card","Shuriken","Spot Weakness","Juzu Bracelet"],"campfire_rested":1,"item_purchase_floors":[4,4,14,14],"current_hp_per_floor":[71,71,64,64,51,51,37,18,18,18,57,50,47,62,62,16,64,13,13,0,0],"gold":100,"neow_bonus":"TWO_FIFTY_GOLD","is_daily":false,"chose_seed":false,"campfire_upgraded":2,"win_rate":0.0,"timestamp":1610431092,"path_taken":["M","M","?","$","M","R","M","E","T","?","R","M","M","$","R","BOSS","M","?","?"],"items_purchased_type":["Relic","Relic","Card","Relic"],"build_version":"2020-12-22","purchased_purges":1,"victory":false,"max_hp_per_floor":[80,80,80,80,80,80,80,80,80,80,80,80,80,80,80,80,80,83,83,83,83],"card_choices":[{"not_picked":["Uppercut","Warcry"],"picked":"Flex","floor":1},{"not_picked":["Heavy Blade","Disarm","Havoc"],"picked":"SKIP","floor":2},{"not_picked":["Rampage","Thunderclap"],"picked":"Shockwave","floor":5},{"not_picked":["Shrug It Off","Fire Breathing"],"picked":"Perfected Strike","floor":7},{"not_picked":["Ghostly Armor","True Grit"],"picked":"Dropkick","floor":8},{"not_picked":["Warcry","Sword Boomerang","Blood for Blood"],"picked":"SKIP","floor":12},{"not_picked":["Thunderclap","Pommel Strike"],"picked":"Rage","floor":13},{"not_picked":["Brutality","Immolate"],"picked":"Feed","floor":16},{"not_picked":["Perfected Strike","Seeing Red"],"picked":"Inflame","floor":18}],"player_experience":699566,"relics_obtained":[{"floor":8,"key":"Omamori"},{"floor":9,"key":"MealTicket"}],"event_choices":[{"damage_healed":0,"gold_gain":0,"player_choice":"Success","damage_taken":7,"relics_obtained":["Regal Pillow"],"max_hp_gain":0,"max_hp_loss":0,"event_name":"Scrap Ooze","floor":3,"gold_loss":0},{"damage_healed":0,"gold_gain":0,"player_choice":"Left Gold","damage_taken":0,"max_hp_gain":0,"max_hp_loss":0,"event_name":"World of Goop","floor":10,"gold_loss":33},{"damage_healed":0,"gold_gain":0,"player_choice":"Upgrade","damage_taken":0,"max_hp_gain":0,"max_hp_loss":0,"event_name":"Designer","floor":19,"gold_loss":40,"cards_upgraded":["Feed"]},{"damage_healed":0,"gold_gain":0,"player_choice":"Fought Bandits","damage_taken":0,"max_hp_gain":0,"max_hp_loss":0,"event_name":"Masked Bandits","floor":20,"gold_loss":0}],"is_beta":false,"boss_relics":[{"not_picked":["Pandora\u0027s Box","Coffee Dripper","Fusion Hammer"]}],"items_purged_floors":[4],"is_endless":false,"potions_floor_spawned":[1,5,12,13,16,18],"killed_by":"Masked Bandits","ascension_level":12}}