{"host":"pl1fbpkom0aq337f","time":1610452312,"event":{"mods":["AchievementEnabler","BaseMod","Colored Map","Minty Spire (QoL Compilation)"],"gold_per_floor":[116,116,133,147,147,147,214,228,228,254,107,118,152,171,171,201,201,306,306,325,156,172,182,182,182,215,215,215,215,232,232,249,124,142,162,174,174,270,270,290,340,340,231,231,191,191,222,238,238,254,254,254,287,287,40,40,40,40],"floor_reached":59,"playtime":2984,"items_purged":["Strike_P","Strike_P","Defend_P","LessonLearned+1"],"score":854,"play_id":"8e18746c-79ce-4347-be82-29e03f683a7c","local_time":"20210112125152","is_ascension_mode":false,"campfire_choices":[{"data":"TalkToTheHand","floor":6.0,"key":"SMITH"},{"data":"TalkToTheHand","floor":9.0,"key":"SMITH"},{"data":"TalkToTheHand","floor":15.0,"key":"SMITH"},{"data":"Adaptation","floor":17.0,"key":"SMITH"},{"data":"Adaptation","floor":25.0,"key":"SMITH"},{"data":"Eruption","floor":27.0,"key":"SMITH"},{"floor":37.0,"key":"REST"},{"floor":46.0,"key":"REST"},{"floor":51.0,"key":"REST"},{"floor":54,"key":"REST"},{"floor":56,"key":"REST"},{"floor":57,"key":"REST"}],"circlet_count":0,"master_deck":["Defend_P+1","Eruption+1","Vigilance+1","TalkToTheHand+1","TalkToTheHand+1","FearNoEvil+1","TalkToTheHand+1","Consecrate+1","Tantrum+1","Evaluate+1","Adaptation+1","InnerPeace+1","Adaptation+1","Wallop+1","BowlingBash+1","EmptyFist+1","SandsOfTime+1","TalkToTheHand+1","CutThroughFate+1","EmptyMind+1","Wireheading+1","WaveOfTheHand+1","Meditate+1","MentalFortress+1"],"relics":["Empty Cage"],"acts_visited":["Exordium","TheCity","TheBeyond"],"potions_floor_usage":[58,58,58],"damage_taken":[{"damage":10.0,"enemies":"Jaw Worm","floor":1.0,"turns":4.0},{"damage":6.0,"enemies":"Small Slimes","floor":3.0,"turns":4.0},{"damage":3.0,"enemies":"2 Louse","floor":4.0,"turns":2.0},{"damage":14.0,"enemies":"3 Sentries","floor":7.0,"turns":5.0},{"damage":4.0,"enemies":"Blue Slaver","floor":8.0,"turns":4.0},{"damage":0.0,"enemies":"Exordium Wildlife","floor":12.0,"turns":3.0},{"damage":2.0,"enemies":"Gremlin Nob","floor":13.0,"turns":4.0},{"damage":0.0,"enemies":"3 Louse","floor":14.0,"turns":2.0},{"damage":16.0,"enemies":"The Guardian","floor":18.0,"turns":8.0},{"damage":0.0,"enemies":"Chosen","floor":20.0,"turns":4.0},{"damage":13.0,"enemies":"3 Byrds","floor":22.0,"turns":4.0},{"damage":0.0,"enemies":"3 Cultists","floor":23.0,"turns":3.0},{"damage":0.0,"enemies":"Book of Stabbing","floor":26.0,"turns":4.0},{"damage":6.0,"enemies":"Shelled Parasite and Fungi","floor":30.0,"turns":3.0},{"damage":0.0,"enemies":"Snecko","floor":32.0,"turns":5.0},{"damage":15.0,"enemies":"Snake Plant","floor":34.0,"turns":4.0},{"damage":0.0,"enemies":"Cultist and Chosen","floor":35.0,"turns":5.0},{"damage":20.0,"enemies":"Shelled Parasite and Fungi","floor":36.0,"turns":8.0},{"damage":22.0,"enemies":"Automaton","floor":38.0,"turns":10.0},{"damage":30.0,"enemies":"3 Darklings","floor":40.0,"turns":6.0},{"damage":11.0,"enemies":"Mind Bloom Boss Battle","floor":41.0,"turns":7.0},{"damage":1.0,"enemies":"Giant Head","floor":47.0,"turns":10.0},{"damage":19.0,"enemies":"3 Shapes","floor":48.0,"turns":5.0},{"damage":19.0,"enemies":"Spire Growth","floor":50.0,"turns":6.0},{"damage":23.0,"enemies":"Nemesis","floor":53.0,"turns":7.0},{"damage":19,"enemies":"Time Eater","floor":58,"turns":9}],"seed_played":"2589273687318513970","potions_obtained":[{"floor":1.0,"key":"ColorlessPotion"},{"floor":4.0,"key":"ColorlessPotion"},{"floor":18.0,"key":"Regen Potion"},{"floor":20.0,"key":"Explosive Potion"},{"floor":22.0,"key":"AttackPotion"},{"floor":23.0,"key":"Ambrosia"},{"floor":36.0,"key":"Dexterity Potion"},{"floor":38.0,"key":"SteroidPotion"},{"floor":41.0,"key":"SteroidPotion"}],"is_trial":false,"path_per_floor":["M","?","M","M","?","R","E","M","R","T","$","M","E","M","R","?","R","B",null,"M","$","M","M","?","R","E","R","?","T","M","?","M","$","M","M","M","R","B",null,"M","?","?","$","T","?","R","E","M","T","M","R","?","E","R","$","R","R","B",null],"character_chosen":"WATCHER","items_purchased":["Tantrum","Adaptation","MentalFortress","Wallop","Strength Potion","PowerPotion"],"campfire_rested":6,"item_purchase_floors":[11,21,43,43,55,55],"current_hp_per_floor":[62,67,61,58,58,58,44,40,40,40,40,40,38,38,38,38,38,22,77,77,77,64,64,64,64,64,64,64,64,58,58,58,58,43,43,23,46,39,77,47,36,36,36,36,36,59,58,39,39,20,43,43,20,43,43,66,77,58],"gold":40,"neow_bonus":"BOSS_RELIC","is_daily":false,"chose_seed":false,"campfire_upgraded":6,"win_rate":0.0,"timestamp":1610452312,"path_taken":["M","?","M","M","?","R","E","M","R","T","$","M","E","M","R","?","R","BOSS","M","$","M","M","?","R","E","R","?","T","M","?","M","$","M","M","?","R","BOSS","M","?","?","$","?","?","R","E","?","T","M","R","?","E","R","$","R","R","BOSS"],"items_purchased_type":["Card","Card","Card","Card","Potion","Potion"],"build_version":"2020-12-22","purchased_purges":4,"victory":true,"max_hp_per_floor":[72,77,77,77,77,77,77,77,77,77,77,77,77,77,77,77,77,77,77,77,77,77,77,77,77,77,77,77,77,77,77,77,77,77,77,77,77,77,77,77,77,77,77,77,77,77,77,77,77,77,77,77,77,77,77,77,77,77],"card_choices":[{"not_picked":["Wireheading","Halt"],"picked":"TalkToTheHand","floor":1.0},{"not_picked":["Fasting2","SignatureMove"],"picked":"TalkToTheHand","floor":3.0},{"not_picked":["Evaluate","MentalFortress"],"picked":"FearNoEvil","floor":4.0},{"not_picked":["InnerPeace","Protect"],"picked":"TalkToTheHand","floor":7.0},{"not_picked":["EmptyFist","BowlingBash"],"picked":"Consecrate","floor":8.0},{"not_picked":["Prostrate","ThirdEye"],"picked":"Evaluate","floor":12.0},{"not_picked":["FlyingSleeves","Swivel","PathToVictory"],"picked":"SKIP","floor":13.0},{"not_picked":["Consecrate","SignatureMove"],"picked":"Adaptation","floor":14.0},{"not_picked":["ConjureBlade","Blasphemy"],"picked":"LessonLearned","floor":18.0},{"not_picked":["Consecrate","Protect"],"picked":"InnerPeace","floor":20.0},{"not_picked":["Prostrate","ThirdEye"],"picked":"Wallop+1","floor":22.0},{"not_picked":["JustLucky","Prostrate+1"],"picked":"BowlingBash","floor":23.0},{"not_picked":["Halt","FollowUp"],"picked":"EmptyFist","floor":26.0},{"not_picked":["Wish","ReachHeaven+1"],"picked":"CutThroughFate+1","floor":30.0},{"not_picked":["Consecrate","SashWhip+1"],"picked":"EmptyMind","floor":32.0},{"not_picked":["Nirvana","Collect"],"picked":"Wireheading","floor":34.0},{"not_picked":["SashWhip","CutThroughFate"],"picked":"WaveOfTheHand","floor":35.0},{"not_picked":["SpiritShield","SashWhip","EmptyBody"],"picked":"SKIP","floor":36.0},{"not_picked":["Worship","PathToVictory+1","JustLucky"],"picked":"SKIP","floor":40.0},{"not_picked":["EmptyBody+1","DeceiveReality+1"],"picked":"Meditate+1","floor":41.0},{"not_picked":["LikeWater+1","FollowUp","EmptyMind+1"],"picked":"SKIP","floor":47.0},{"not_picked":["FlurryOfBlows","CutThroughFate+1","Halt+1"],"picked":"SKIP","floor":48.0},{"not_picked":["CutThroughFate+1","SignatureMove+1","ClearTheMind+1"],"picked":"SKIP","floor":50.0},{"not_picked":["Wireheading","DevaForm","Wallop+1"],"picked":"SKIP","floor":53}],"player_experience":457746,"relics_obtained":[],"event_choices":[{"damage_healed":0.0,"max_hp_gain":5.0,"max_hp_loss":0.0,"gold_gain":0.0,"event_name":"Big Fish","player_choice":"Donut","floor":2.0,"gold_loss":0.0,"damage_taken":0.0},{"damage_healed":0.0,"max_hp_gain":0.0,"max_hp_loss":0.0,"gold_gain":0.0,"event_name":"The Cleric","player_choice":"Leave","floor":5.0,"gold_loss":0.0,"damage_taken":0.0},{"damage_healed":0.0,"max_hp_gain":0.0,"max_hp_loss":0.0,"gold_gain":30.0,"event_name":"Dead Adventurer","player_choice":"Searched \u00272\u0027 times","floor":16.0,"gold_loss":0.0,"damage_taken":0.0},{"damage_healed":0.0,"max_hp_gain":0.0,"max_hp_loss":0.0,"gold_gain":0.0,"event_name":"Ghosts","player_choice":"Ignored","floor":24.0,"gold_loss":0.0,"damage_taken":0.0},{"damage_healed":0.0,"max_hp_gain":0.0,"max_hp_loss":0.0,"gold_gain":0.0,"cards_transformed":["Strike_P","Defend_P"],"event_name":"Drug Dealer","player_choice":"Became Test Subject","floor":28.0,"gold_loss":0.0,"damage_taken":0.0,"cards_obtained":["SandsOfTime","TalkToTheHand"]},{"damage_healed":0.0,"max_hp_gain":0.0,"max_hp_loss":0.0,"gold_gain":0.0,"event_name":"The Mausoleum","player_choice":"Ignored","floor":31.0,"gold_loss":0.0,"damage_taken":0.0},{"damage_healed":0.0,"max_hp_gain":0.0,"max_hp_loss":0.0,"gold_gain":0.0,"event_name":"MindBloom","player_choice":"Fight","floor":41.0,"gold_loss":0.0,"damage_taken":0.0},{"damage_healed":0.0,"max_hp_gain":0.0,"max_hp_loss":0.0,"gold_gain":0.0,"event_name":"Mysterious Sphere","player_choice":"Ignored","floor":42.0,"gold_loss":0.0,"damage_taken":0.0},{"damage_healed":0.0,"max_hp_gain":0.0,"max_hp_loss":0.0,"gold_gain":0.0,"event_name":"Designer","player_choice":"Upgraded Two","floor":45.0,"gold_loss":40.0,"damage_taken":0.0,"cards_upgraded":["MentalFortress","Wireheading"]},{"cards_removed":["Wallop"],"damage_healed":0.0,"max_hp_gain":0.0,"max_hp_loss":0.0,"gold_gain":0.0,"event_name":"Purifier","player_choice":"Purged","floor":52.0,"gold_loss":0.0,"damage_taken":0.0}],"is_beta":false,"boss_relics":[{"not_picked":["Sozu","Pandora\u0027s Box","Cursed Key"]},{"not_picked":["Sozu","Pandora\u0027s Box","Cursed Key"]}],"items_purged_floors":[11,21,33,55],"is_endless":false,"potions_floor_spawned":[1,4,18,20,22,23,36,38,41],"ascension_level":0}}