{"host":"a1eatafr7pisesky","time":1610454683,"event":{"mods":["AchievementEnabler","BaseMod","Colored Map","Keyboard Shortcuts","Minty Spire (QoL Compilation)","Say the Spire","StSLib","SuperFastMode","everything is the same but u backflip on backflip"],"gold_per_floor":[117,117,4,23,23,58,58,93,117,179,206,233,276,288,300,412,424,456,481,318,331,351,351,378,378,429,429,429,443,471,22,22,119,119,131,9,28,45,7,7,19,19,95,95,127,127,138,191,191,191,191,191,29,57,57],"floor_reached":56,"playtime":2265,"items_purged":["Defend_P","Defend_P+1","Strike_P+1","Strike_P+1"],"score":1603,"play_id":"b5a89864-b475-4bfa-ba93-0a096dad9e5d","local_time":"20210112213123","is_ascension_mode":true,"campfire_choices":[{"floor":7.0,"key":"REST"},{"floor":15.0,"key":"REST"},{"floor":23.0,"key":"REST"},{"floor":28.0,"key":"REST"},{"floor":32.0,"key":"REST"},{"floor":40.0,"key":"REST"},{"floor":46.0,"key":"RECALL"},{"data":"TalkToTheHand","floor":49.0,"key":"SMITH"},{"data":"Tantrum","floor":52.0,"key":"SMITH"}],"circlet_count":0,"master_deck":["Eruption+1","Vigilance+1","CrushJoints+1","LessonLearned+1","InnerPeace+1","Wallop+1","Indignation+1","EmptyFist+1","TalkToTheHand+1","DeusExMachina+1","Tantrum+1","Pray+1","EmptyBody+1","Meditate+1","Omniscience+1","Ragnarok+1","Vengeance","FlurryOfBlows+1","InnerPeace+1","MentalFortress+1","Halt+1","TalkToTheHand+1","FlurryOfBlows+1"],"relics":["PureWater","CaptainsWheel","Regal Pillow","War Paint","Whetstone","MawBank","Centennial Puzzle","VioletLotus","Orichalcum","Smiling Mask","Red Mask","Membership Card","FossilizedHelix","Empty Cage","Orrery","Eternal Feather","Bird Faced Urn","Shuriken","Blue Candle"],"acts_visited":["Exordium","TheCity","TheBeyond","TheEnding"],"potions_floor_usage":[55,55],"damage_taken":[{"damage":4.0,"enemies":"Jaw Worm","floor":1.0,"turns":2.0},{"damage":0.0,"enemies":"Cultist","floor":4.0,"turns":3.0},{"damage":27.0,"enemies":"3 Sentries","floor":6.0,"turns":10.0},{"damage":14.0,"enemies":"Gremlin Nob","floor":8.0,"turns":4.0},{"damage":12.0,"enemies":"Gremlin Nob","floor":10.0,"turns":4.0},{"damage":0.0,"enemies":"2 Louse","floor":11.0,"turns":2.0},{"damage":7.0,"enemies":"2 Fungi Beasts","floor":12.0,"turns":3.0},{"damage":0.0,"enemies":"Lagavulin","floor":13.0,"turns":4.0},{"damage":22.0,"enemies":"The Guardian","floor":16.0,"turns":8.0},{"damage":11.0,"enemies":"Spheric Guardian","floor":18.0,"turns":3.0},{"damage":14.0,"enemies":"2 Thieves","floor":19.0,"turns":4.0},{"damage":0.0,"enemies":"Centurion and Healer","floor":21.0,"turns":3.0},{"damage":27.0,"enemies":"3 Cultists","floor":22.0,"turns":5.0},{"damage":24.0,"enemies":"Gremlin Leader","floor":24.0,"turns":3.0},{"damage":4.0,"enemies":"Sentry and Sphere","floor":29.0,"turns":5.0},{"damage":6.0,"enemies":"Masked Bandits","floor":30.0,"turns":5.0},{"damage":22.0,"enemies":"Champ","floor":33.0,"turns":10.0},{"damage":23.0,"enemies":"3 Darklings","floor":35.0,"turns":6.0},{"damage":12.0,"enemies":"3 Shapes","floor":37.0,"turns":5.0},{"damage":0.0,"enemies":"Transient","floor":38.0,"turns":5.0},{"damage":0.0,"enemies":"Spire Growth","floor":41.0,"turns":4.0},{"damage":6.0,"enemies":"Giant Head","floor":45.0,"turns":5.0},{"damage":0.0,"enemies":"Maw","floor":47.0,"turns":6.0},{"damage":0.0,"enemies":"2 Orb Walkers","floor":48.0,"turns":4.0},{"damage":19.0,"enemies":"Awakened One","floor":50.0,"turns":10.0},{"damage":12.0,"enemies":"Shield and Spear","floor":54.0,"turns":6.0},{"damage":55,"enemies":"The Heart","floor":55,"turns":7}],"seed_played":"-5506598462547971342","potions_obtained":[{"floor":4.0,"key":"Explosive Potion"},{"floor":12.0,"key":"BottledMiracle"},{"floor":13.0,"key":"SkillPotion"},{"floor":16.0,"key":"BlessingOfTheForge"},{"floor":24.0,"key":"DistilledChaos"},{"floor":35.0,"key":"BlessingOfTheForge"}],"is_trial":false,"path_per_floor":["M","?","$","M","?","E","R","E","T","?","M","M","E","?","R","B",null,"M","M","$","M","M","R","E","?","T","?","R","M","?","$","R","B",null,"M","$","M","M","$","R","M","?","T","?","E","R","M","?","R","B",null,"R","$","E","B",null],"character_chosen":"WATCHER","items_purchased":["InnerPeace","Tantrum","Membership Card","FossilizedHelix","Omniscience","EssenceOfSteel","Orrery","MentalFortress","Shuriken","StancePotion"],"campfire_rested":6,"item_purchase_floors":[3,20,31,31,31,31,36,39,53,53],"current_hp_per_floor":[61,61,61,61,61,34,65,51,51,39,39,32,32,32,65,43,60,49,35,35,35,8,42,18,7,7,7,43,39,33,33,69,47,64,41,41,29,29,29,65,65,65,65,65,59,66,66,66,66,47,61,66,66,58,7],"gold":57,"neow_bonus":"ONE_RARE_RELIC","is_daily":false,"chose_seed":false,"campfire_upgraded":2,"win_rate":0.0,"timestamp":1610454683,"path_taken":["M","?","?","M","?","E","R","E","T","?","M","M","E","?","R","BOSS","M","M","$","M","M","R","E","?","T","?","R","M","?","$","R","BOSS","M","$","M","M","$","R","M","?","T","?","E","R","M","?","R","BOSS","R","$","E","BOSS"],"items_purchased_type":["Card","Card","Relic","Relic","Card","Potion","Relic","Card","Relic","Potion"],"build_version":"2020-12-22","purchased_purges":4,"victory":true,"max_hp_per_floor":[65,65,65,65,65,65,65,65,65,65,65,65,65,65,65,65,65,65,65,65,65,65,65,65,70,70,70,70,70,70,70,70,70,70,70,70,70,70,70,70,70,66,66,66,66,66,66,66,66,66,66,66,66,66,66],"card_choices":[{"not_picked":["Crescendo","EmptyFist"],"picked":"CrushJoints","floor":1.0},{"not_picked":["CutThroughFate","FlyingSleeves","JustLucky"],"picked":"SKIP","floor":4.0},{"not_picked":["DeceiveReality","ThirdEye"],"picked":"Wallop","floor":6.0},{"not_picked":["MasterReality","ReachHeaven"],"picked":"Indignation","floor":8.0},{"not_picked":["Halt","Prostrate"],"picked":"WaveOfTheHand","floor":10.0},{"not_picked":["Weave","Study"],"picked":"EmptyFist","floor":11.0},{"not_picked":["FlyingSleeves","ForeignInfluence"],"picked":"TalkToTheHand","floor":12.0},{"not_picked":["WindmillStrike","Nirvana","Consecrate"],"picked":"SKIP","floor":13.0},{"not_picked":["ConjureBlade","MasterReality"],"picked":"DeusExMachina","floor":16.0},{"not_picked":["ClearTheMind","Evaluate+1","JustLucky"],"picked":"SKIP","floor":18.0},{"not_picked":["Consecrate","Prostrate","ThirdEye"],"picked":"SKIP","floor":19.0},{"not_picked":["BowlingBash","Protect"],"picked":"Pray","floor":21.0},{"not_picked":["ThirdEye","WindmillStrike","CutThroughFate"],"picked":"SKIP","floor":22.0},{"not_picked":["Wallop+1","Devotion"],"picked":"EmptyBody+1","floor":24.0},{"not_picked":["CarveReality","FlyingSleeves","SashWhip"],"picked":"SKIP","floor":29.0},{"not_picked":["Consecrate","EmptyFist"],"picked":"Meditate","floor":30.0},{"not_picked":["SpiritShield","Vault"],"picked":"Ragnarok","floor":33.0},{"not_picked":["EmptyBody","FlyingSleeves"],"picked":"Vengeance","floor":35.0},{"not_picked":["ThirdEye","FollowUp+1"],"picked":"FlurryOfBlows+1","floor":36.0},{"not_picked":["SashWhip","Collect+1"],"picked":"InnerPeace","floor":36.0},{"not_picked":["FlyingSleeves","Wallop+1","EmptyFist+1"],"picked":"SKIP","floor":37.0},{"not_picked":["FlyingSleeves","Wallop+1","EmptyFist+1"],"picked":"SKIP","floor":37.0},{"not_picked":["Prostrate","Evaluate","Sanctity"],"picked":"SKIP","floor":38.0},{"not_picked":["Consecrate","CrushJoints","Sanctity+1"],"picked":"SKIP","floor":41.0},{"not_picked":["Prostrate","JustLucky"],"picked":"Halt+1","floor":45.0},{"not_picked":["SandsOfTime+1","Tantrum+1"],"picked":"TalkToTheHand","floor":47.0},{"not_picked":["Ragnarok","Halt+1"],"picked":"FlurryOfBlows+1","floor":48.0},{"not_picked":["Crescendo+1","Conclude+1","Halt+1"],"picked":"SKIP","floor":54.0}],"player_experience":307207,"relics_obtained":[{"floor":6.0,"key":"Regal Pillow"},{"floor":8.0,"key":"War Paint"},{"floor":9.0,"key":"Whetstone"},{"floor":13.0,"key":"Centennial Puzzle"},{"floor":24.0,"key":"Orichalcum"},{"floor":26.0,"key":"Smiling Mask"},{"floor":30.0,"key":"Red Mask"},{"floor":45.0,"key":"Eternal Feather"},{"floor":48.0,"key":"Bird Faced Urn"},{"floor":54.0,"key":"Blue Candle"}],"event_choices":[{"damage_healed":0.0,"max_hp_gain":0.0,"max_hp_loss":0.0,"gold_gain":0.0,"event_name":"Match and Keep!","player_choice":"1 cards matched","floor":2.0,"gold_loss":0.0,"damage_taken":0.0,"cards_obtained":["LessonLearned"]},{"cards_removed":["Defend_P"],"damage_healed":0.0,"max_hp_gain":0.0,"max_hp_loss":0.0,"gold_gain":0.0,"event_name":"Living Wall","player_choice":"Forget","floor":5.0,"gold_loss":0.0,"damage_taken":0.0},{"damage_healed":0.0,"max_hp_gain":0.0,"max_hp_loss":0.0,"gold_gain":0.0,"event_name":"Dead Adventurer","player_choice":"Searched \u00272\u0027 times","floor":10.0,"gold_loss":0.0,"damage_taken":0.0,"relics_obtained":["MawBank"]},{"cards_removed":["Defend_P"],"damage_healed":0.0,"max_hp_gain":0.0,"max_hp_loss":0.0,"gold_gain":0.0,"event_name":"Bonfire Elementals","player_choice":"Offered Basic","floor":14.0,"gold_loss":0.0,"damage_taken":0.0},{"damage_healed":0.0,"max_hp_gain":5.0,"max_hp_loss":0.0,"gold_gain":0.0,"event_name":"Forgotten Altar","player_choice":"Shed Blood","floor":25.0,"gold_loss":0.0,"damage_taken":16.0},{"damage_healed":0.0,"max_hp_gain":0.0,"max_hp_loss":0.0,"gold_gain":0.0,"event_name":"Cursed Tome","player_choice":"Ignored","floor":27.0,"gold_loss":0.0,"damage_taken":0.0},{"damage_healed":0.0,"max_hp_gain":0.0,"max_hp_loss":0.0,"gold_gain":0.0,"event_name":"Masked Bandits","player_choice":"Fought Bandits","floor":30.0,"gold_loss":0.0,"damage_taken":0.0},{"damage_healed":0.0,"max_hp_gain":0.0,"max_hp_loss":4.0,"gold_gain":0.0,"event_name":"Winding Halls","player_choice":"Max HP","floor":42.0,"gold_loss":0.0,"damage_taken":0.0},{"cards_removed":["WaveOfTheHand"],"damage_healed":0.0,"max_hp_gain":0.0,"max_hp_loss":0.0,"gold_gain":0.0,"event_name":"Falling","player_choice":"Removed Skill","floor":44.0,"gold_loss":0.0,"damage_taken":0.0},{"damage_healed":0.0,"max_hp_gain":0.0,"max_hp_loss":0.0,"gold_gain":0.0,"event_name":"Mysterious Sphere","player_choice":"Fight","floor":48.0,"gold_loss":0.0,"damage_taken":0.0}],"is_beta":false,"boss_relics":[{"not_picked":["SacredBark","HolyWater"],"picked":"VioletLotus"},{"not_picked":["Runic Dome","Pandora\u0027s Box"],"picked":"Empty Cage"}],"items_purged_floors":[3,20,31,36],"is_endless":false,"potions_floor_spawned":[4,12,13,16,18,19,24,35,47],"ascension_level":8}}