{"host":"fkig9nrckec4xsh0","time":1610423018,"event":{"mods":["BaseMod","Colored Map","Minty Spire (QoL Compilation)","Quick Restart","Replay The Spire","StSLib"],"gold_per_floor":[118,393,4,20,20,20,45,45,126,32,61,61,11,24,24,123,173,186,111,21,35,61,61,61,61,88,88,120,120,120,148,148,148,148],"floor_reached":33,"playtime":1176,"items_purged":["Regret","Doubt"],"score":359,"play_id":"ac8cae51-d320-46dc-a901-2137b83751f1","local_time":"20210111224338","is_ascension_mode":true,"campfire_choices":[{"data":"Blade Dance","floor":6,"key":"SMITH"},{"data":"ReplayTheSpireMod:Speed Training","floor":8,"key":"SMITH"},{"data":"Phantasmal Killer","floor":12,"key":"SMITH"},{"floor":15,"key":"DIG"},{"data":"Accuracy","floor":23,"key":"SMITH"},{"data":"Envenom","floor":27,"key":"SMITH"},{"data":"ReplayTheSpireMod:Shiv Toss","floor":32,"key":"SMITH"}],"circlet_count":0,"master_deck":["Strike_G","Strike_G","Strike_G","Defend_G","Defend_G+1","Defend_G+1","Defend_G","Survivor","Neutralize","Sucker Punch","Blade Dance+1","ReplayTheSpireMod:Speed Training+1","Venomology+1","Phantasmal Killer+1","Hidden Blade","Envenom+1","Slice","Dodge and Roll+1","All Out Attack+1","Accuracy+1","Storm of Steel","ReplayTheSpireMod:Shiv Toss+1"],"relics":["Ring of the Snake","NeowsBlessing","Unceasing Top","Anchor","Darkstone Periapt","ReplayTheSpireMod:CursedCoin","Du-Vu Doll","ReplayTheSpireMod:TigerMarble","Tiny House","Tough Bandages","War Paint","Iron Hammer","Calipers"],"acts_visited":["Exordium","TheCity"],"potions_floor_usage":[16,16,16,18,21,21,28,29,31,31,31,31,31],"damage_taken":[{"damage":0,"enemies":"2 Louse","floor":1,"turns":1},{"damage":0,"enemies":"Cultist","floor":4,"turns":1},{"damage":0,"enemies":"Gremlin Nob","floor":7,"turns":1},{"damage":24,"enemies":"Lagavulin","floor":11,"turns":10},{"damage":0,"enemies":"Jaw Worm","floor":14,"turns":2},{"damage":56,"enemies":"Fading Forest","floor":16,"turns":11},{"damage":14,"enemies":"Spheric Guardian","floor":18,"turns":4},{"damage":5,"enemies":"3 Byrds","floor":21,"turns":6},{"damage":12,"enemies":"Gremlin Leader","floor":28,"turns":4},{"damage":0,"enemies":"Snecko","floor":29,"turns":1},{"damage":9,"enemies":"Slavers","floor":31,"turns":4},{"damage":48,"enemies":"Collector","floor":33,"turns":7}],"seed_played":"-4201855007447353387","potions_obtained":[{"floor":11,"key":"SneckoOil"},{"floor":14,"key":"Fire Potion"},{"floor":16,"key":"Fire Potion"},{"floor":17,"key":"Swift Potion"},{"floor":21,"key":"PowerPotion"}],"is_trial":false,"path_per_floor":["M","?","$","M","?","R","E","R","T","$","E","R","?","M","R_BF","B",null,"M","?","?","M","?","R","?","?","T","R","E","M","?","E","R","B"],"character_chosen":"THE_SILENT","items_purchased":["Unceasing Top","ReplayTheSpireMod:CursedCoin","Venomology"],"campfire_rested":0,"item_purchase_floors":[3,10,10],"current_hp_per_floor":[70,70,70,70,70,70,70,70,70,76,52,52,52,52,52,4,81,67,67,67,62,42,42,69,69,69,69,57,57,57,48,48,0,0],"gold":148,"neow_bonus":"THREE_ENEMY_KILL","is_daily":false,"chose_seed":false,"campfire_upgraded":6,"win_rate":0.0,"timestamp":1610423018,"path_taken":["M","?","$","?","?","R","E","R","T","$","E","R","?","M","R_BF","BOSS","M","?","?","?","?","R","?","?","T","R","E","?","?","E","R","BOSS"],"items_purchased_type":["Relic","Relic","Card"],"build_version":"2020-12-22","purchased_purges":2,"victory":false,"max_hp_per_floor":[70,70,70,70,70,70,70,70,70,76,76,76,76,76,76,76,81,81,81,81,81,81,81,81,81,81,81,81,81,81,81,81,81,81],"card_choices":[{"not_picked":["Prepared","Deflect"],"picked":"Sucker Punch","floor":1},{"not_picked":["Replay:Poison Smokescreen","Underhanded Strike"],"picked":"Blade Dance","floor":4},{"not_picked":["ReplayTheSpireMod:Exploit Weakness","Leg Sweep"],"picked":"ReplayTheSpireMod:Speed Training","floor":7},{"not_picked":["Outmaneuver","Dodge and Roll"],"picked":"Phantasmal Killer","floor":11},{"not_picked":["Eviscerate","Footwork"],"picked":"Hidden Blade","floor":14},{"not_picked":["Glass Knife","Night Terror"],"picked":"Envenom","floor":16},{"not_picked":["Quick Slash","Sucker Punch"],"picked":"Slice","floor":17},{"not_picked":["Backflip","Crippling Poison"],"picked":"Dodge and Roll","floor":18},{"not_picked":["Prepared","Backflip"],"picked":"All Out Attack+1","floor":21},{"not_picked":["Flying Knee","Finisher"],"picked":"Accuracy","floor":22},{"not_picked":["All Out Attack","ReplayTheSpireMod:Exploit Weakness"],"picked":"Storm of Steel","floor":28},{"not_picked":["ReplayTheSpireMod:Speed Training","Bane"],"picked":"ReplayTheSpireMod:Shiv Toss","floor":31}],"player_experience":286594,"relics_obtained":[{"floor":7,"key":"Anchor"},{"floor":9,"key":"Darkstone Periapt"},{"floor":11,"key":"Du-Vu Doll"},{"floor":15,"key":"ReplayTheSpireMod:TigerMarble"},{"floor":22,"key":"Tough Bandages"},{"floor":26,"key":"War Paint"},{"floor":28,"key":"Iron Hammer"},{"floor":31,"key":"Calipers"}],"event_choices":[{"damage_healed":0,"gold_gain":275,"player_choice":"Desecrate","damage_taken":0,"max_hp_gain":0,"max_hp_loss":0,"event_name":"Golden Shrine","floor":2,"gold_loss":0,"cards_obtained":["Regret"]},{"cards_removed":["Defend_G"],"damage_healed":0,"gold_gain":0,"player_choice":"Card Removal","damage_taken":0,"max_hp_gain":0,"max_hp_loss":0,"event_name":"The Cleric","floor":13,"gold_loss":50},{"cards_removed":["Strike_G"],"damage_healed":0,"gold_gain":0,"player_choice":"Gave Gold","damage_taken":0,"max_hp_gain":0,"max_hp_loss":0,"event_name":"Beggar","floor":19,"gold_loss":75},{"cards_removed":["Strike_G"],"damage_healed":0,"gold_gain":0,"player_choice":"Upgrade and Remove","damage_taken":0,"max_hp_gain":0,"max_hp_loss":0,"event_name":"Designer","floor":20,"gold_loss":90,"cards_upgraded":["Defend_G"]},{"damage_healed":27,"gold_gain":0,"player_choice":"Heal","damage_taken":0,"max_hp_gain":0,"max_hp_loss":0,"event_name":"The Library","floor":24,"gold_loss":0},{"damage_healed":0,"gold_gain":0,"player_choice":"Ignored","damage_taken":0,"max_hp_gain":0,"max_hp_loss":0,"event_name":"Ghosts","floor":25,"gold_loss":0},{"damage_healed":0,"gold_gain":0,"player_choice":"Ignored","damage_taken":0,"max_hp_gain":0,"max_hp_loss":0,"event_name":"Vampires","floor":30,"gold_loss":0}],"is_beta":false,"boss_relics":[{"not_picked":["ReplayTheSpireMod:DimensionalGlitch","Kintsugi"],"picked":"Tiny House"}],"items_purged_floors":[3,10],"is_endless":false,"potions_floor_spawned":[11,14,16,21],"killed_by":"Collector","ascension_level":3}}