{"host":"gafwejejal4v72m6","time":1610479297,"event":{"mods":["Aspiration","BaseMod","BetterRewards","Clockwork Mod","Conspire","Googly Eyes","Hermit","Hubris","Minty Spire (QoL Compilation)","Rare Cards Sparkle","Shop Mod","StSLib","The Necromancer"],"gold_per_floor":[119,119,152,181,256,256,351,351,377,377,377,407,407,491,491,587,587,602,602,446,446,446,446,462,341,341,341,352,386,419,456,456,643,643,676,712,712,731,743,778,678,712,762,809,831,849,614,684,684,696],"floor_reached":51,"playtime":2806,"items_purged":["hermit:CalledShot","hermit:Maintenance"],"score":1159,"play_id":"e796537d-4c7b-4f8e-a3ba-d6244f7f5d60","local_time":"20210113022137","is_ascension_mode":true,"campfire_choices":[{"data":"Transmutation","floor":6,"key":"SMITH"},{"data":"hermit:GhostlyPresence","floor":8,"key":"SMITH"},{"data":"hermit:Covet","floor":15,"key":"SMITH"},{"data":"hermit:Maintenance","floor":23,"key":"SMITH"},{"data":"hermit:Scavenge","floor":27,"key":"SMITH"},{"data":"hubris:EnhanceAbility","floor":32,"key":"SMITH"},{"data":"1","floor":49,"key":"LIFT"}],"circlet_count":0,"master_deck":["hermit:Strike_Hermit+1","hermit:Strike_Hermit+1","hermit:Strike_Hermit+1","hermit:Defend_Hermit+1","hermit:Defend_Hermit+1","hermit:Defend_Hermit+1","hermit:Snapshot+1","hermit:Covet+1","hermit:Maintenance+1","hubris:EnhanceAbility","Transmutation+1","hermit:Determination","hermit:Combo","hermit:Scavenge+1","hubris:EnhanceAbility","hubris:EnhanceAbility","hubris:EnhanceAbility+1","hermit:DeadOrAlive+1","hermit:GhostlyPresence+1","Injury","hermit:Purgatory+1","hermit:Adapt+1","Decay","hermit:GhostlyPresence","hermit:EternalForm+1","Sadistic Nature+1","hermit:Coalescence+1","Clockwork:CogToss+1","hermit:BlackWind+1","BattleHymn+1","hermit:Scavenge","Clockwork:CogShield+1","hermit:Brawl+1","Finesse"],"relics":["hermit:Momento","Nunchaku","aspiration:HatOfInfinitePower","Ice Cream","ClockworkSouvenir","Bronze Scales","Gremlin Horn","OrangePellets","Strange Spoon","Mummified Hand","Oddly Smooth Stone","Membership Card","Lantern","Bag of Preparation","Vajra","White Beast Statue","Ornamental Fan","aspiration:SeaSaltIceCream","aspiration:Nostalgia","PureWater","aspiration:Lifesprig","Molten Egg 2","hubris:OldNail","Juzu Bracelet","hubris:TinFlute","Torii","Unceasing Top","Question Card","Potion Belt","FossilizedHelix","Peace Pipe","Kunai","Anchor","Frozen Egg 2","hermit:Spyglass","hubris:Towel","Busted Crown","MerchantsRug","PrismaticShard","Bag of Marbles","hermit:RyeStalk","Red Mask","hubris:TerracottaHorce","conspire:GiftBox","Happy Flower","hubris:SlimyHat","Girya","Whetstone"],"acts_visited":["Exordium","TheCity","TheBeyond"],"potions_floor_usage":[16,16,29,38],"damage_taken":[{"damage":0,"enemies":"2 Louse","floor":1,"turns":2},{"damage":0,"enemies":"Small Slimes","floor":3,"turns":2},{"damage":0,"enemies":"Jaw Worm","floor":4,"turns":1},{"damage":0,"enemies":"3 Sentries","floor":7,"turns":3},{"damage":0,"enemies":"2 Fungi Beasts","floor":12,"turns":3},{"damage":0,"enemies":"Lots of Slimes","floor":14,"turns":3},{"damage":0,"enemies":"Hexaghost","floor":16,"turns":6},{"damage":0,"enemies":"Spheric Guardian","floor":18,"turns":2},{"damage":0,"enemies":"Shell Parasite","floor":24,"turns":3},{"damage":0,"enemies":"Sentry and Sphere","floor":28,"turns":1},{"damage":0,"enemies":"Chosen and Byrds","floor":29,"turns":2},{"damage":0,"enemies":"Book of Stabbing","floor":30,"turns":3},{"damage":0,"enemies":"Masked Bandits","floor":31,"turns":4},{"damage":1,"enemies":"Champ","floor":33,"turns":7},{"damage":0,"enemies":"Orb Walker","floor":35,"turns":1},{"damage":0,"enemies":"3 Shapes","floor":36,"turns":2},{"damage":9,"enemies":"Writhing Mass","floor":38,"turns":4},{"damage":4,"enemies":"Sphere and 2 Shapes","floor":39,"turns":1},{"damage":1,"enemies":"Giant Head","floor":40,"turns":4},{"damage":0,"enemies":"Spire Growth","floor":42,"turns":2},{"damage":2,"enemies":"conspire:MimicChest","floor":44,"turns":3},{"damage":4,"enemies":"4 Shapes","floor":45,"turns":2},{"damage":0,"enemies":"3 Darklings","floor":46,"turns":1},{"damage":0,"enemies":"Reptomancer","floor":48,"turns":1},{"damage":38,"enemies":"Awakened One","floor":50,"turns":7}],"seed_played":"6059474994071866718","potions_obtained":[{"floor":1,"key":"Swift Potion"},{"floor":3,"key":"ColorlessPotion"},{"floor":4,"key":"Energy Potion"},{"floor":7,"key":"SteroidPotion"},{"floor":12,"key":"Strength Potion"},{"floor":16,"key":"SteroidPotion"},{"floor":18,"key":"Weak Potion"},{"floor":29,"key":"EssenceOfSteel"},{"floor":33,"key":"ColorlessPotion"},{"floor":38,"key":"FearPotion"},{"floor":48,"key":"FairyPotion"}],"is_trial":false,"path_per_floor":["M","?","M","M","?","R","E","R","T","?","T","M","?","M","R","B",null,"M","?","$","?","?","R","M","$","T","R","M","M","E","?","R","B",null,"M","M","?","M","M","E","NS","M","T","?","M","M","$","E","R","B",null],"character_chosen":"HERMIT","items_purchased":["Nunchaku","Ice Cream","hermit:Maintenance","hubris:EnhanceAbility","Transmutation","ClockworkSouvenir","Bronze Scales","Gremlin Horn","OrangePellets","Strange Spoon","Mummified Hand","Oddly Smooth Stone","hermit:Determination","Membership Card","hermit:Combo","Lantern","Bag of Preparation","hermit:Scavenge","Vajra","White Beast Statue","Ornamental Fan","aspiration:SeaSaltIceCream","hermit:Maintenance","aspiration:Lifesprig","Molten Egg 2","hubris:OldNail","Juzu Bracelet","hubris:EnhanceAbility","hubris:TinFlute","hubris:EnhanceAbility","Torii","Unceasing Top","hubris:EnhanceAbility","Question Card","hermit:DeadOrAlive+1","Potion Belt","Ginger","MerchantsRug","hermit:EternalForm+1","Sadistic Nature+1","Girya","hermit:Brawl+1","Finesse"],"campfire_rested":0,"item_purchase_floors":[0,0,0,0,0,0,0,0,0,0,0,0,0,0,0,0,0,0,0,0,0,0,0,0,0,0,0,0,0,0,0,0,0,0,0,0,20,20,25,25,47,47,47],"current_hp_per_floor":[75,68,68,68,68,68,68,68,68,68,68,68,68,68,68,68,73,73,73,73,73,65,65,65,65,65,65,65,65,65,65,65,64,72,72,72,72,63,59,58,58,58,58,56,52,52,52,52,52,14],"gold":696,"neow_bonus":"","is_daily":false,"chose_seed":false,"campfire_upgraded":6,"win_rate":0.0,"timestamp":1610479297,"path_taken":["M","?","M","M","?","R","E","R","T","?","?","M","?","M","R","BOSS","M","?","$","?","?","R","M","$","T","R","M","M","E","?","R","BOSS","M","M","?","M","M","E","NS","M","T","?","M","M","$","E","R","BOSS"],"items_purchased_type":["Relic","Relic","Card","Card","Card","Relic","Relic","Relic","Relic","Relic","Relic","Relic","Card","Relic","Card","Relic","Relic","Card","Relic","Relic","Relic","Relic","Card","Relic","Relic","Relic","Relic","Card","Relic","Card","Relic","Relic","Card","Relic","Card","Relic","Relic","Relic","Card","Card","Relic","Card","Card"],"build_version":"2020-12-22","purchased_purges":2,"victory":true,"max_hp_per_floor":[75,75,75,75,75,75,75,75,75,75,75,75,75,75,75,75,75,75,75,75,75,75,75,75,75,75,75,75,75,75,75,75,75,75,75,75,75,75,75,75,75,75,75,75,75,75,75,75,75,75],"card_choices":[{"not_picked":["hermit:FlashPowder","hermit:HoleUp","hermit:WideOpen+1","hermit:Snipe"],"picked":"SKIP","floor":1},{"not_picked":["hermit:Misfire+1","hermit:Grudge+1","hermit:Cheat","hermit:Glare"],"picked":"SKIP","floor":3},{"not_picked":["hermit:Snipe","hermit:DeadMansHand","hermit:LowProfile","hermit:Vantage"],"picked":"SKIP","floor":4},{"not_picked":["hermit:Grudge+1","hermit:Misfire+1","hermit:Maintenance"],"picked":"hermit:GhostlyPresence","floor":7},{"not_picked":["hermit:GhostlyPresence","hermit:Headshot+1","hermit:Virtue","hermit:Roulette+1"],"picked":"SKIP","floor":12},{"not_picked":["hermit:Manifest","hermit:HoleUp","hermit:Scavenge"],"picked":"hermit:Purgatory+1","floor":14},{"not_picked":["hermit:HeroicBravado","hermit:OverwhelmingPower+1","hermit:Roughhouse+1"],"picked":"hermit:Adapt+1","floor":16},{"not_picked":["hermit:HoleUp+1","hermit:Snipe"],"picked":"SKIP","floor":18},{"not_picked":["hermit:LowProfile+1"],"picked":"hermit:GhostlyPresence","floor":22},{"not_picked":["Necromantic_Selection","Mind Blast+1"],"picked":"SKIP","floor":24},{"not_picked":["Pommel Strike+1","Scare"],"picked":"SKIP","floor":28},{"not_picked":["Anger+1"],"picked":"hermit:Coalescence+1","floor":29},{"not_picked":["Dagger Spray+1"],"picked":"Clockwork:CogToss+1","floor":30},{"not_picked":["Dodge and Roll+1","Combust+1"],"picked":"SKIP","floor":35},{"not_picked":["hubris:ReadiedAction+1"],"picked":"Evaluate+1","floor":36},{"not_picked":["Cleave+1","Iron Wave+1"],"picked":"SKIP","floor":38},{"not_picked":["hermit:Headshot+1","hubris:SpecializedCircuitry+1"],"picked":"SKIP","floor":39},{"not_picked":["hermit:Gambit"],"picked":"hermit:BlackWind+1","floor":40},{"not_picked":["Perfected Strike+1","Cleave+1"],"picked":"SKIP","floor":40},{"not_picked":["Clockwork:TimeOut+1"],"picked":"BattleHymn+1","floor":42},{"not_picked":["Static Discharge+1"],"picked":"hermit:Scavenge","floor":44},{"not_picked":["Skim+1","hermit:Desperado+1"],"picked":"SKIP","floor":45},{"not_picked":["Consume+1"],"picked":"Clockwork:CogShield+1","floor":46},{"not_picked":["Bone_Shift","Blood_Whip+1"],"picked":"SKIP","floor":48}],"player_experience":77960,"relics_obtained":[{"floor":7,"key":"Kunai"},{"floor":9,"key":"Anchor"},{"floor":11,"key":"hermit:Spyglass"},{"floor":22,"key":"PrismaticShard"},{"floor":26,"key":"Bag of Marbles"},{"floor":30,"key":"hermit:RyeStalk"},{"floor":31,"key":"Red Mask"},{"floor":40,"key":"conspire:GiftBox"},{"floor":43,"key":"Happy Flower"},{"floor":44,"key":"hubris:SlimyHat"},{"floor":48,"key":"Whetstone"}],"event_choices":[{"damage_healed":0,"gold_gain":0,"player_choice":"Success","damage_taken":7,"relics_obtained":["Peace Pipe"],"max_hp_gain":0,"max_hp_loss":0,"event_name":"Scrap Ooze","floor":2,"gold_loss":0},{"damage_healed":0,"gold_gain":75,"player_choice":"Gained Gold","damage_taken":0,"max_hp_gain":0,"max_hp_loss":0,"event_name":"Golden Wing","floor":5,"gold_loss":0},{"damage_healed":0,"gold_gain":0,"player_choice":"Smashed Altar","damage_taken":0,"max_hp_gain":0,"max_hp_loss":0,"event_name":"Forgotten Altar","floor":19,"gold_loss":0,"cards_obtained":["Decay"]},{"damage_healed":0,"gold_gain":0,"player_choice":"Simplicity","damage_taken":0,"max_hp_gain":0,"max_hp_loss":0,"event_name":"Back to Basics","floor":21,"gold_loss":0,"cards_upgraded":["hermit:Strike_Hermit","hermit:Strike_Hermit","hermit:Strike_Hermit","hermit:Strike_Hermit","hermit:Defend_Hermit","hermit:Defend_Hermit","hermit:Defend_Hermit","hermit:Defend_Hermit"]},{"damage_healed":0,"gold_gain":0,"player_choice":"Fought Bandits","damage_taken":0,"max_hp_gain":0,"max_hp_loss":0,"event_name":"Masked Bandits","floor":31,"gold_loss":0},{"cards_removed":["Evaluate"],"damage_healed":0,"gold_gain":0,"player_choice":"Removed Skill","damage_taken":0,"max_hp_gain":0,"max_hp_loss":0,"event_name":"Falling","floor":37,"gold_loss":0}],"is_beta":false,"boss_relics":[{"not_picked":["hubris:RunicObelisk","hubris:CrackedHourglass"],"picked":"Busted Crown"},{"not_picked":["Runic Pyramid","aspiration:PoetsPen_weak"],"picked":"hubris:TerracottaHorce"}],"items_purged_floors":[0,0],"is_endless":false,"potions_floor_spawned":[1,3,4,7,12,14,16,18,24,28,29,30,31,33,35,36,38,39,40,42,44,45,46,48],"ascension_level":5}}