{"host":"c7yluuzpqlymemjk","time":1610435788,"event":{"mods":["BaseMod","Colored Map","GifTheSpireLib","Minty Spire (QoL Compilation)","Relic Stats","StSLib","slay the spire mod where everything is the same but ironclad has a cowboy hat"],"gold_per_floor":[118,134,134,146,162,162,177,193,265,300,475,486,211,237,237,332,332,351,351,351,368,368,401,30,46,46,46,61,61,94,109,109,109,109],"floor_reached":33,"playtime":1744,"items_purged":["Doubt","Pain"],"score":340,"play_id":"d7f1d195-9cb5-419c-a712-7df10db399ba","local_time":"20210111231627","is_ascension_mode":true,"campfire_choices":[{"floor":6,"key":"RECALL"},{"data":"Wallop","floor":15,"key":"SMITH"},{"floor":27,"key":"REST"},{"floor":29,"key":"REST"},{"floor":32,"key":"REST"}],"circlet_count":0,"master_deck":["Strike_P","Defend_P","Defend_P+1","Defend_P","Defend_P","Eruption+1","Vigilance","Wallop+1","CutThroughFate","SashWhip","EmptyFist","Consecrate+1","SashWhip+1","DevaForm","Consecrate+1","FlurryOfBlows+1","Wallop+1","ConjureBlade","Halt+1","Wallop+1","Jack Of All Trades","Worship","EmptyBody+1","FlurryOfBlows+1","Fasting2","FollowUp+1","Prostrate","TalkToTheHand+1","EmptyFist+1","Halt+1"],"relics":["PureWater","Molten Egg 2","Pantograph","Vajra","Ginger","Empty Cage","Bronze Scales","Whetstone","Shuriken","Dream Catcher"],"acts_visited":["Exordium","TheCity"],"potions_floor_usage":[16,16,23,25,25,33],"damage_taken":[{"damage":0,"enemies":"2 Louse","floor":1,"turns":2},{"damage":0,"enemies":"Small Slimes","floor":2,"turns":2},{"damage":0,"enemies":"Jaw Worm","floor":4,"turns":3},{"damage":6,"enemies":"Large Slime","floor":5,"turns":3},{"damage":0,"enemies":"Red Slaver","floor":7,"turns":2},{"damage":0,"enemies":"3 Louse","floor":8,"turns":3},{"damage":12,"enemies":"3 Sentries","floor":10,"turns":5},{"damage":4,"enemies":"Exordium Wildlife","floor":12,"turns":4},{"damage":0,"enemies":"Gremlin Nob","floor":14,"turns":3},{"damage":64,"enemies":"The Guardian","floor":16,"turns":9},{"damage":0,"enemies":"2 Thieves","floor":18,"turns":2},{"damage":0,"enemies":"Chosen","floor":21,"turns":2},{"damage":54,"enemies":"Slavers","floor":23,"turns":7},{"damage":2,"enemies":"Shelled Parasite and Fungi","floor":25,"turns":4},{"damage":17,"enemies":"Snake Plant","floor":28,"turns":3},{"damage":11,"enemies":"Gremlin Leader","floor":30,"turns":3},{"damage":0,"enemies":"Centurion and Healer","floor":31,"turns":5},{"damage":77,"enemies":"Automaton","floor":33,"turns":6}],"seed_played":"807581967850839536","potions_obtained":[{"floor":1,"key":"DistilledChaos"},{"floor":5,"key":"Regen Potion"},{"floor":7,"key":"Regen Potion"},{"floor":18,"key":"LiquidBronze"},{"floor":21,"key":"SneckoOil"},{"floor":30,"key":"LiquidMemories"}],"is_trial":false,"path_per_floor":["M","M","?","M","M","R","M","M","T","E","?","M","$","E","R","B",null,"M","?","?","M","?","E","$","M","T","R","M","R","E","M","R","B"],"character_chosen":"WATCHER","items_purchased":["Vajra","FlurryOfBlows+1","Whetstone","FlurryOfBlows+1","Fasting2"],"campfire_rested":3,"item_purchase_floors":[13,13,24,24,24],"current_hp_per_floor":[72,72,58,58,52,52,52,52,52,40,40,36,36,36,36,31,72,72,72,72,72,72,18,18,16,16,37,20,41,30,30,51,0,0],"gold":109,"neow_bonus":"UPGRADE_CARD","is_daily":false,"chose_seed":false,"campfire_upgraded":1,"win_rate":0.0,"timestamp":1610435787,"path_taken":["M","M","?","M","M","R","M","M","T","E","?","M","$","E","R","BOSS","M","?","?","?","?","E","$","M","T","R","M","R","E","?","R","BOSS"],"items_purchased_type":["Relic","Card","Relic","Card","Card"],"build_version":"2020-12-22","purchased_purges":2,"victory":false,"max_hp_per_floor":[72,72,72,72,72,72,72,72,72,72,72,72,72,72,72,72,72,72,72,72,72,72,72,72,72,72,72,72,72,72,72,72,72,72],"relic_stats":{"Dream Catcher":1,"counters":[18,68],"Shuriken":[10],"Pantograph":46,"Bronze Scales":[72],"Ginger":[6],"Whetstone":["SashWhip","Consecrate"],"obtain_stats":[{"Dream Catcher":30,"Shuriken":26,"Pantograph":10,"Bronze Scales":23,"Vajra":13,"Molten Egg 2":9,"Ginger":14,"Whetstone":24,"PureWater":0,"Empty Cage":17},{"Dream Catcher":16,"Shuriken":14,"Pantograph":7,"Bronze Scales":13,"Vajra":8,"Molten Egg 2":6,"Ginger":9,"Whetstone":13,"PureWater":0,"Empty Cage":10},{"Dream Catcher":57,"Shuriken":51,"Pantograph":20,"Bronze Scales":47,"Vajra":24,"Molten Egg 2":15,"Ginger":27,"Whetstone":47,"PureWater":0,"Empty Cage":36}]},"card_choices":[{"not_picked":["ClearTheMind","ThirdEye"],"picked":"Wallop","floor":1},{"not_picked":["Evaluate","SashWhip"],"picked":"CutThroughFate","floor":2},{"not_picked":["Evaluate","WindmillStrike"],"picked":"SashWhip","floor":4},{"not_picked":["FlyingSleeves","Brilliance"],"picked":"EmptyFist","floor":5},{"not_picked":["EmptyMind","ThirdEye"],"picked":"Consecrate","floor":7},{"not_picked":["CutThroughFate","Protect"],"picked":"SashWhip","floor":8},{"not_picked":["Sanctity","Crescendo"],"picked":"DevaForm","floor":10},{"not_picked":["Prostrate","DeceiveReality"],"picked":"Consecrate+1","floor":12},{"not_picked":["PathToVictory","SashWhip+1"],"picked":"Wallop+1","floor":14},{"not_picked":["Devotion","Judgement"],"picked":"ConjureBlade","floor":16},{"not_picked":["ClearTheMind+1","FollowUp+1"],"picked":"Halt+1","floor":18},{"not_picked":["DeceiveReality","ClearTheMind"],"picked":"Wallop+1","floor":21},{"not_picked":["Brilliance+1","ClearTheMind+1"],"picked":"EmptyBody+1","floor":23},{"not_picked":["CutThroughFate+1","Consecrate+1"],"picked":"FollowUp+1","floor":25},{"not_picked":["SashWhip+1","Tantrum+1"],"picked":"Prostrate","floor":28},{"not_picked":["Tantrum+1","ForeignInfluence"],"picked":"TalkToTheHand+1","floor":30},{"not_picked":["Evaluate","FlyingSleeves+1"],"picked":"EmptyFist+1","floor":31},{"not_picked":["Nirvana","Sanctity"],"picked":"Halt+1","floor":32}],"player_experience":341798,"relics_obtained":[{"floor":9,"key":"Molten Egg 2"},{"floor":10,"key":"Pantograph"},{"floor":14,"key":"Ginger"},{"floor":23,"key":"Bronze Scales"},{"floor":26,"key":"Shuriken"},{"floor":30,"key":"Dream Catcher"}],"event_choices":[{"damage_healed":0,"gold_gain":0,"player_choice":"Entered Light","damage_taken":14,"max_hp_gain":0,"max_hp_loss":0,"event_name":"Shining Light","floor":3,"gold_loss":0,"cards_upgraded":["Strike_P","Defend_P"]},{"damage_healed":0,"gold_gain":175,"player_choice":"AGREE","damage_taken":0,"max_hp_gain":0,"max_hp_loss":0,"event_name":"Liars Game","floor":11,"gold_loss":0,"cards_obtained":["Doubt"]},{"damage_healed":0,"gold_gain":0,"player_choice":"Ignored","damage_taken":0,"max_hp_gain":0,"max_hp_loss":0,"event_name":"Ghosts","floor":19,"gold_loss":0},{"cards_removed":["Strike_P"],"damage_healed":0,"gold_gain":0,"player_choice":"Offered Basic","damage_taken":0,"max_hp_gain":0,"max_hp_loss":0,"event_name":"Bonfire Elementals","floor":20,"gold_loss":0},{"damage_healed":0,"gold_gain":0,"player_choice":"3 cards matched","damage_taken":0,"max_hp_gain":0,"max_hp_loss":0,"event_name":"Match and Keep!","floor":22,"gold_loss":0,"cards_obtained":["Pain","Jack Of All Trades","Worship"]}],"is_beta":false,"boss_relics":[{"not_picked":["Cursed Key","Tiny House"],"picked":"Empty Cage"}],"items_purged_floors":[13,24],"is_endless":false,"potions_floor_spawned":[1,5,7,10,12,18,21,30],"killed_by":"Automaton","ascension_level":1}}