{"host":"fkig9nrckec4xsh0","time":1610421431,"event":{"mods":["BaseMod","Colored Map","Minty Spire (QoL Compilation)","Quick Restart","Replay The Spire","StSLib"],"gold_per_floor":[113,4,14,27,27,66,81,120,173,173,173],"floor_reached":10,"playtime":346,"items_purged":["Strike_G"],"score":90,"play_id":"b1f855a2-15e2-4446-bfff-b061c192a080","local_time":"20210111221711","is_ascension_mode":true,"campfire_choices":[],"circlet_count":0,"master_deck":["Strike_G","Strike_G","Strike_G","Strike_G","Defend_G","Defend_G","Defend_G","Defend_G","Defend_G","Survivor","Neutralize","Bouncing Flask","Poisoned Stab+1","Catalyst","Acrobatics","Acrobatics","Bouncing Flask","Concentrate"],"relics":["Ring of the Snake","NeowsBlessing","Golden Idol","Tingsha","Meat on the Bone","Toy Ornithopter"],"acts_visited":["Exordium"],"potions_floor_usage":[8,10],"damage_taken":[{"damage":0,"enemies":"Cultist","floor":1,"turns":1},{"damage":0,"enemies":"Jaw Worm","floor":3,"turns":1},{"damage":0,"enemies":"Small Slimes","floor":4,"turns":1},{"damage":7,"enemies":"Lagavulin","floor":6,"turns":5},{"damage":18,"enemies":"Exordium Wildlife","floor":7,"turns":5},{"damage":17,"enemies":"3 Sentries","floor":8,"turns":8},{"damage":22,"enemies":"Lagavulin","floor":10,"turns":3}],"seed_played":"2980718864132487185","potions_obtained":[{"floor":1,"key":"Fire Potion"},{"floor":3,"key":"Swift Potion"}],"is_trial":false,"path_per_floor":["M","$","M","M","?","E","M","E","T","E"],"character_chosen":"THE_SILENT","items_purchased":["Poisoned Stab+1"],"campfire_rested":0,"item_purchase_floors":[2],"current_hp_per_floor":[70,70,70,70,53,46,28,11,11,0,0],"gold":173,"neow_bonus":"THREE_ENEMY_KILL","is_daily":false,"chose_seed":false,"campfire_upgraded":0,"win_rate":0.0,"timestamp":1610421431,"path_taken":["M","?","M","?","?","E","M","E","T","E"],"items_purchased_type":["Card"],"build_version":"2020-12-22","purchased_purges":1,"victory":false,"max_hp_per_floor":[70,70,70,70,70,70,70,70,70,70,70],"card_choices":[{"not_picked":["Backstab","Heel Hook"],"picked":"Bouncing Flask","floor":1},{"not_picked":["Slice","Cloak And Dagger"],"picked":"Catalyst","floor":3},{"not_picked":["Prepared","Dagger Spray"],"picked":"Acrobatics","floor":4},{"not_picked":["Blade Dance","Slice"],"picked":"Acrobatics","floor":6},{"not_picked":["Blade Dance","Cloak And Dagger"],"picked":"Bouncing Flask","floor":7},{"not_picked":["Expertise","Flying Knee"],"picked":"Concentrate","floor":8}],"player_experience":286594,"relics_obtained":[{"floor":6,"key":"Tingsha"},{"floor":8,"key":"Meat on the Bone"},{"floor":9,"key":"Toy Ornithopter"}],"event_choices":[{"damage_healed":0,"gold_gain":0,"player_choice":"Take Damage","damage_taken":17,"relics_obtained":["Golden Idol"],"max_hp_gain":0,"max_hp_loss":0,"event_name":"Golden Idol","floor":5,"gold_loss":0}],"is_beta":false,"boss_relics":[],"items_purged_floors":[2],"is_endless":false,"potions_floor_spawned":[1,3],"killed_by":"Lagavulin","ascension_level":3}}