{"host":"tzyzz5n7hg2ni9q2","time":1610482881,"event":{"mods":["BaseMod","Minty Spire (QoL Compilation)","Quick Restart"],"gold_per_floor":[111,111,42,94,105,105,130,146,146,172,172,137,168,117,117,216,216,235,235,235,235,17,17,33,50,50,50,69,69,69,69,69,167,167,182,201,201,248,248,277,277,309,321,361,373,414,426,454,466,478,490,502,20,49,49,49],"floor_reached":55,"language":"ENG","playtime":2034,"items_purged":[],"score":1116,"play_id":"06d10eca-f6b5-4835-8898-d7267d055c55","local_time":"20210112212121","is_ascension_mode":true,"campfire_choices":[{"data":"Backstab","floor":6,"key":"SMITH"},{"data":"Blade Dance","floor":15,"key":"SMITH"},{"data":"After Image","floor":23,"key":"SMITH"},{"data":"Infinite Blades","floor":27,"key":"SMITH"},{"data":"Backflip","floor":29,"key":"SMITH"},{"data":"Blur","floor":32,"key":"SMITH"},{"data":"After Image","floor":41,"key":"SMITH"},{"floor":49,"key":"RECALL"},{"data":"Accuracy","floor":52,"key":"SMITH"}],"circlet_count":0,"master_deck":["Defend_G","Defend_G","Defend_G","Defend_G","Defend_G","Survivor","Neutralize","Dodge and Roll","Backstab+1","Accuracy+1","Blade Dance+1","Leg Sweep","Backflip+1","Quick Slash","After Image+1","Infinite Blades+1","Footwork+1","Flying Knee","Bite","Bite","Bite+1","Bite+1","Blur+1","After Image+1","Backstab+1","Backstab+1","Accuracy+1","Escape Plan+1","Panache","Escape Plan","Panache","Adrenaline"],"relics":["Ring of the Snake","NeowsBlessing","White Beast Statue","Smiling Mask","Sundial","Regal Pillow","Turnip","SlaversCollar","Akabeko","Anchor","Sozu","Mango","Whetstone","MawBank","Vajra","Peace Pipe","Ornamental Fan","Happy Flower","ClockworkSouvenir","Bag of Marbles"],"acts_visited":["Exordium","TheCity","TheBeyond","TheEnding"],"potions_floor_usage":[8,13,16,16,33,35,38,38],"damage_taken":[{"damage":0,"enemies":"Cultist","floor":1,"turns":1},{"damage":0,"enemies":"2 Louse","floor":5,"turns":1},{"damage":0,"enemies":"Gremlin Nob","floor":7,"turns":1},{"damage":1,"enemies":"Small Slimes","floor":8,"turns":4},{"damage":25,"enemies":"Lagavulin","floor":10,"turns":7},{"damage":20,"enemies":"Gremlin Nob","floor":13,"turns":4},{"damage":20,"enemies":"Hexaghost","floor":16,"turns":11},{"damage":12,"enemies":"3 Byrds","floor":18,"turns":7},{"damage":0,"enemies":"Spheric Guardian","floor":24,"turns":3},{"damage":8,"enemies":"3 Cultists","floor":25,"turns":6},{"damage":1,"enemies":"Shelled Parasite and Fungi","floor":28,"turns":7},{"damage":17,"enemies":"Champ","floor":33,"turns":17},{"damage":9,"enemies":"3 Darklings","floor":35,"turns":8},{"damage":0,"enemies":"Orb Walker","floor":36,"turns":4},{"damage":0,"enemies":"2 Orb Walkers","floor":38,"turns":4},{"damage":21,"enemies":"Nemesis","floor":40,"turns":7},{"damage":2,"enemies":"Reptomancer","floor":42,"turns":9},{"damage":0,"enemies":"Giant Head","floor":44,"turns":9},{"damage":0,"enemies":"Nemesis","floor":46,"turns":7},{"damage":0,"enemies":"4 Shapes","floor":48,"turns":3},{"damage":44,"enemies":"Awakened One","floor":50,"turns":17},{"damage":42,"enemies":"Shield and Spear","floor":54,"turns":5},{"damage":57,"enemies":"The Heart","floor":55,"turns":8}],"seed_played":"1758983836426576755","potions_obtained":[{"floor":5,"key":"SpeedPotion"},{"floor":7,"key":"ColorlessPotion"},{"floor":8,"key":"Fruit Juice"},{"floor":10,"key":"EssenceOfSteel"},{"floor":13,"key":"DuplicationPotion"},{"floor":16,"key":"SmokeBomb"},{"floor":18,"key":"Energy Potion"},{"floor":25,"key":"EntropicBrew"},{"floor":28,"key":"CunningPotion"},{"floor":33,"key":"EntropicBrew"}],"is_trial":false,"path_per_floor":["M","T","$","?","M","R","E","M","T","E","?","?","E","$","R","B",null,"M","?","?","?","$","R","M","M","T","R","M","R","?","?","R","B",null,"M","M","?","?","?","E","R","E","T","E","?","E","?","M","R","B",null,"R","$","E","B"],"character_chosen":"THE_SILENT","items_purchased":["Backstab","Quick Slash","Anchor","Infinite Blades","Happy Flower","ClockworkSouvenir","Panache"],"campfire_rested":0,"item_purchase_floors":[3,14,22,22,53,53,53],"current_hp_per_floor":[63,63,63,63,63,63,63,67,67,42,42,60,40,40,40,20,61,49,49,49,49,49,49,49,41,41,41,40,40,40,40,40,45,50,52,52,52,66,66,55,55,66,66,66,66,66,66,66,66,51,62,62,62,30,0,0],"gold":49,"neow_bonus":"THREE_ENEMY_KILL","is_daily":false,"chose_seed":false,"campfire_upgraded":8,"win_rate":0.0,"timestamp":1610482881,"path_taken":["M","?","$","?","M","R","E","M","T","E","?","?","E","$","R","BOSS","M","?","?","?","$","R","?","M","T","R","M","R","?","?","R","BOSS","M","M","?","?","?","E","R","E","T","E","?","E","?","M","R","BOSS","R","$","E","BOSS"],"items_purchased_type":["Card","Card","Relic","Card","Relic","Relic","Card"],"build_version":"2020-12-22","purchased_purges":0,"victory":false,"max_hp_per_floor":[70,70,70,70,70,70,70,75,75,75,75,75,75,75,75,75,75,75,75,75,75,75,75,75,75,75,75,75,75,52,52,52,52,52,52,52,52,66,66,66,66,66,66,66,66,66,66,66,66,66,66,66,66,66,66,66],"card_choices":[{"not_picked":["Deadly Poison","Slice"],"picked":"Dodge and Roll","floor":1},{"not_picked":["Outmaneuver","Dodge and Roll"],"picked":"Accuracy","floor":5},{"not_picked":["Phantasmal Killer","Poisoned Stab"],"picked":"Blade Dance","floor":7},{"not_picked":["Flying Knee","Reflex"],"picked":"Leg Sweep","floor":8},{"not_picked":["Deflect","All Out Attack","Deadly Poison"],"picked":"SKIP","floor":10},{"not_picked":["Well Laid Plans","Eviscerate"],"picked":"Backflip","floor":13},{"not_picked":["Bullet Time","Die Die Die"],"picked":"After Image","floor":16},{"not_picked":["Deflect","Reflex+1","Terror"],"picked":"SKIP","floor":18},{"not_picked":["Flechettes","Poisoned Stab"],"picked":"Footwork+1","floor":24},{"not_picked":["Quick Slash","Well Laid Plans","Catalyst"],"picked":"SKIP","floor":25},{"not_picked":["Dagger Spray","PiercingWail"],"picked":"Flying Knee","floor":28},{"not_picked":["Burst","Tools of the Trade"],"picked":"After Image","floor":33},{"not_picked":["Concentrate+1","Dagger Throw"],"picked":"Backstab+1","floor":35},{"not_picked":["Slice","Underhanded Strike"],"picked":"Backstab+1","floor":36},{"not_picked":["Dodge and Roll","Predator"],"picked":"Backflip+1","floor":38},{"not_picked":["Expertise","Slice"],"picked":"Accuracy","floor":40},{"not_picked":["Expertise","Masterful Stab+1"],"picked":"Escape Plan+1","floor":42},{"not_picked":["Bane+1","Riddle With Holes+1","Dagger Throw"],"picked":"SKIP","floor":44},{"not_picked":["Setup+1","Backstab","Slice+1"],"picked":"SKIP","floor":46},{"not_picked":["Corpse Explosion","Masterful Stab+1"],"picked":"Escape Plan","floor":48},{"not_picked":["Distraction","Reflex+1"],"picked":"Adrenaline","floor":54}],"player_experience":276773,"relics_obtained":[{"floor":2,"key":"White Beast Statue"},{"floor":7,"key":"Smiling Mask"},{"floor":9,"key":"Sundial"},{"floor":10,"key":"Regal Pillow"},{"floor":13,"key":"Turnip"},{"floor":38,"key":"Mango"},{"floor":40,"key":"Whetstone"},{"floor":42,"key":"MawBank"},{"floor":43,"key":"Vajra"},{"floor":44,"key":"Peace Pipe"},{"floor":46,"key":"Ornamental Fan"},{"floor":54,"key":"Bag of Marbles"}],"event_choices":[{"damage_healed":0,"gold_gain":52,"player_choice":"Gained Gold","damage_taken":0,"max_hp_gain":0,"max_hp_loss":0,"event_name":"Golden Wing","floor":4,"gold_loss":0},{"damage_healed":0,"gold_gain":0,"player_choice":"Grow","damage_taken":0,"max_hp_gain":0,"max_hp_loss":0,"event_name":"Living Wall","floor":11,"gold_loss":0,"cards_upgraded":["Accuracy"]},{"damage_healed":18,"gold_gain":0,"player_choice":"Healed","damage_taken":0,"max_hp_gain":0,"max_hp_loss":0,"event_name":"The Cleric","floor":12,"gold_loss":35},{"damage_healed":0,"gold_gain":0,"player_choice":"Ignored","damage_taken":0,"max_hp_gain":0,"max_hp_loss":0,"event_name":"Ghosts","floor":19,"gold_loss":0},{"damage_healed":0,"gold_gain":0,"player_choice":"Opened","damage_taken":0,"relics_obtained":["Akabeko"],"max_hp_gain":0,"max_hp_loss":0,"event_name":"The Mausoleum","floor":20,"gold_loss":0,"cards_obtained":["Writhe"]},{"cards_removed":["Writhe"],"damage_healed":0,"gold_gain":0,"player_choice":"Removed Curses","damage_taken":0,"max_hp_gain":0,"max_hp_loss":0,"event_name":"Fountain of Cleansing","floor":21,"gold_loss":0},{"damage_healed":0,"gold_gain":0,"player_choice":"Became a vampire","damage_taken":0,"max_hp_gain":0,"max_hp_loss":23,"event_name":"Vampires","floor":30,"gold_loss":0,"cards_obtained":["Bite","Bite","Bite","Bite","Bite"]},{"damage_healed":0,"gold_gain":0,"player_choice":"Read","damage_taken":0,"max_hp_gain":0,"max_hp_loss":0,"event_name":"The Library","floor":31,"gold_loss":0,"cards_obtained":["Blur"]},{"damage_healed":0,"gold_gain":0,"player_choice":"Ignored","damage_taken":0,"max_hp_gain":0,"max_hp_loss":0,"event_name":"Tomb of Lord Red Mask","floor":37,"gold_loss":0},{"damage_healed":0,"gold_gain":0,"player_choice":"Fight","damage_taken":0,"max_hp_gain":0,"max_hp_loss":0,"event_name":"Mysterious Sphere","floor":38,"gold_loss":0},{"cards_removed":["Backflip"],"damage_healed":0,"gold_gain":0,"player_choice":"Removed Skill","damage_taken":0,"max_hp_gain":0,"max_hp_loss":0,"event_name":"Falling","floor":39,"gold_loss":0},{"damage_healed":0,"gold_gain":0,"player_choice":"Memory 1","damage_taken":0,"max_hp_gain":0,"max_hp_loss":0,"event_name":"SensoryStone","floor":45,"gold_loss":0},{"damage_healed":0,"gold_gain":0,"cards_transformed":["Bite"],"player_choice":"Transformed","damage_taken":0,"max_hp_gain":0,"max_hp_loss":0,"event_name":"Transmorgrifier","floor":47,"gold_loss":0,"cards_obtained":["Panache"]}],"is_beta":false,"boss_relics":[{"not_picked":["Busted Crown","Ring of the Serpent"],"picked":"SlaversCollar"},{"not_picked":["SacredBark","Black Star"],"picked":"Sozu"}],"items_purged_floors":[],"is_endless":false,"potions_floor_spawned":[5,7,8,10,13,16,18,24,25,28,33,35,36,38,40,42,44,46,48,54],"killed_by":"The Heart","ascension_level":6}}