{"host":"b0hh64pqctf46s8m","time":1610417241,"event":{"mods":["100% Spire Juice","Act Like it!","Aspiration","BaseMod","Bestiary","Better Third Choice","CCEM","CapriCore","ChefMod","Conspire","Curses Come First","Displayed Cursed Tome","Dota2Spire","Downfall","Ekko","Elementarium","Evolution","Fireblade Mod","Fox Events","Halation","Hallownest","Hermit","Hubris","Infinite Spire","Jess\u0027s Bottle","JesterMod","Jorbs\u0027s Wanderer Trilogy","Koishi","Kratos Character Expansion","Lobotomy","Luminous","Mari Mod (Legacy)","Mari\u0027s V1 Patch","Menagerie","Mimic Mod","Minty Spire (QoL Compilation)","Pale of the Ancients","Permanent Neow","Pikachu Mod","QueenMod","Random Character Button","Relic Sorter","Relic Stats","Replay The Spire","Robot Space Explorer","Shade Mod","StSLib","The Blue Laboratory","The Bug Knight","The Dragon Tamer","The Hayseed","The Immortal","The Marked","TheLocksmith","TheSwordswoman","TheVacant","TheWitcher","Treasure Hunter","UnlockEverythingMod","Wandering Minibosses","vexMod","??????REMEMod"],"gold_per_floor":[113,125,125,125,142,142,44,78,104,116,116,129,139,173,173,271,271,285,195,95,105,150,150,182,182,255,255,255,255],"floor_reached":28,"playtime":2074,"items_purged":["Pain","jesterMod:Strike"],"score":248,"play_id":"66095ffc-fd7e-44ac-bc01-6faf7b17f232","local_time":"20210111180721","is_ascension_mode":false,"campfire_choices":[{"data":"jesterMod:JugglerBlade","floor":6,"key":"SMITH"},{"data":"jesterMod:Disposophobia","floor":11,"key":"SMITH"},{"data":"Armaments","floor":23,"key":"SMITH"}],"circlet_count":0,"master_deck":["jesterMod:Strike","jesterMod:Strike","jesterMod:Strike","jesterMod:Sickle","jesterMod:Defend","jesterMod:Defend","jesterMod:Defend","jesterMod:Defend","jesterMod:Dodge","jesterMod:OblivionStrike","jesterMod:JugglerBlade+1","jesterMod:Placebo","jesterMod:Precipitation","jesterMod:Disposophobia+1","Pot Of Greed","Pot Of Greed","Armaments+1","jesterMod:QuickStrike","Spot Weakness+1","infinitespire:OneForAll","Reaper","jesterMod:Disposophobia+1"],"relics":["EVO:Axolotl","REME_ComplimentaryCards","aspiration:IroncladSkillbook","WarpedTongs","halation:PinkSoulGem","StoneCalendar","Grinning Jar","Replay:Multitool","Painkiller Herb","Hallownest:StagBellRelic1","Akabeko","Frozen Egg 2"],"acts_visited":["Menagerie:Menagerie","Hallownest:CityofTears"],"potions_floor_usage":[22],"damage_taken":[{"damage":0.0,"enemies":"Menagerie:StygianBoar","floor":1.0,"turns":3.0},{"damage":0.0,"enemies":"Menagerie:MonstrousExperiment","floor":2.0,"turns":3.0},{"damage":4,"enemies":"Menagerie:2_RABBITS","floor":5,"turns":5},{"damage":10,"enemies":"Menagerie:MaskedSummoner","floor":8,"turns":8},{"damage":4,"enemies":"Menagerie:BEAST_MAGE_AND_PROWLING_AMALGAM","floor":10,"turns":6},{"damage":0,"enemies":"Menagerie:MeltingSalamander","floor":12,"turns":4},{"damage":0,"enemies":"Menagerie:Hexasnake","floor":13,"turns":5},{"damage":18,"enemies":"Menagerie:Hydra","floor":14,"turns":6},{"damage":24,"enemies":"Menagerie:AVATARS","floor":16,"turns":6},{"damage":0,"enemies":"Hallownest:2_Mistakes","floor":18,"turns":7},{"damage":8,"enemies":"Hallownest:Flukemon_and_Top","floor":21,"turns":5},{"damage":16,"enemies":"Hallownest:2_Flukemon","floor":22,"turns":6},{"damage":33,"enemies":"Hallownest:eliteSoulWarrior","floor":24,"turns":5},{"damage":32,"enemies":"Nightmare","floor":28,"turns":3}],"seed_played":"-6430525559437498894","potions_obtained":[{"floor":1.0,"key":"blueLaboratory:HummingbirdPotion"},{"floor":5,"key":"blueLaboratory:PhilterOfMotion"},{"floor":10,"key":"REME_GoldPotion"}],"is_trial":false,"path_per_floor":["M","M","?","?","M","R","$","E","T","M","R","M","M","E","R","B",null,"?","?","T","?","?","T","E","?","T","?","NM"],"character_chosen":"THE_JESTER","items_purchased":["jesterMod:Precipitation"],"campfire_rested":0,"item_purchase_floors":[7],"current_hp_per_floor":[70,70,70,70,70,70,70,64,64,64,64,68,70,56,70,50,70,70,70,70,66,54,54,25,32,32,32,0,0],"gold":255,"neow_bonus":"BOSS_RELIC","is_daily":false,"chose_seed":false,"campfire_upgraded":3,"win_rate":0.0,"timestamp":1610417241,"path_taken":["M","M","?","?","M","R","$","E","T","M","R","M","?","E","R","BOSS","?","?","T","?","?","T","E","?","T","?","NM"],"items_purchased_type":["Card"],"build_version":"2020-12-22","purchased_purges":2,"victory":false,"max_hp_per_floor":[70,70,70,70,70,70,70,70,70,70,70,70,70,70,70,70,70,70,70,70,70,70,70,70,70,70,70,70,70],"relic_stats":{"counters":[14,72],"StoneCalendar":[0],"obtain_stats":[{"Hallownest:StagBellRelic1":19,"StoneCalendar":8,"Painkiller Herb":17,"jesterMod:JesterCap":0,"Replay:Multitool":14,"EVO:Axolotl":0,"Frozen Egg 2":26,"aspiration:IroncladSkillbook":0,"Akabeko":24,"WarpedTongs":3,"Grinning Jar":9,"halation:PinkSoulGem":4,"REME_ComplimentaryCards":0},{"Hallownest:StagBellRelic1":10,"StoneCalendar":4,"Painkiller Herb":9,"jesterMod:JesterCap":0,"Replay:Multitool":8,"EVO:Axolotl":0,"Frozen Egg 2":13,"aspiration:IroncladSkillbook":0,"Akabeko":13,"WarpedTongs":2,"Grinning Jar":4,"halation:PinkSoulGem":2,"REME_ComplimentaryCards":0},{"Hallownest:StagBellRelic1":53,"StoneCalendar":19,"Painkiller Herb":46,"jesterMod:JesterCap":0,"Replay:Multitool":40,"EVO:Axolotl":0,"Frozen Egg 2":69,"aspiration:IroncladSkillbook":0,"Akabeko":69,"WarpedTongs":6,"Grinning Jar":19,"halation:PinkSoulGem":6,"REME_ComplimentaryCards":0}],"WarpedTongs":[66]},"card_choices":[{"not_picked":["Replay:Undeath\u0027s Touch","Anger","jesterMod:Arrythmia"],"picked":"jesterMod:OblivionStrike","floor":1.0},{"not_picked":["Havoc","Warcry","Power Through"],"picked":"jesterMod:JugglerBlade","floor":2.0},{"not_picked":["jesterMod:Prankster","jesterMod:TrickyDodge","Second Wind"],"picked":"jesterMod:Placebo","floor":5},{"not_picked":["Exhume","Burning Pact","True Grit"],"picked":"jesterMod:Disposophobia","floor":8},{"not_picked":["TH:EnergyPotion","TH:PixieDust","TH:CopperCoins"],"picked":"SKIP","floor":8},{"not_picked":["TH:BikiniMail","TH:Mimic","TH:PixieDust"],"picked":"SKIP","floor":9},{"not_picked":["jesterMod:Flee","Ghostly Armor","Havoc"],"picked":"Armaments","floor":10},{"not_picked":["ReplayTheSpireMod:Muscle Training","jesterMod:Swiftness","Perfected Strike"],"picked":"jesterMod:QuickStrike","floor":12},{"not_picked":["jesterMod:Tinker","jesterMod:Patience","Perfected Strike","jesterMod:Exasperation"],"picked":"SKIP","floor":13},{"not_picked":["conspire:HitWhereItHurts","Wild Strike","Shockwave"],"picked":"Spot Weakness","floor":14},{"not_picked":["TH:ElvenBoots","TH:EnergyPotion","TH:Mimic"],"picked":"SKIP","floor":14},{"not_picked":["jesterMod:Talion","jesterMod:Disposophobia","hubris:ReadiedAction"],"picked":"infinitespire:OneForAll","floor":18},{"not_picked":["Warcry","Searing Blow","jesterMod:SmokeScreen+1","Run Through"],"picked":"SKIP","floor":21},{"not_picked":["Cleave","Twin Strike","Clothesline","jesterMod:MudBall"],"picked":"SKIP","floor":22},{"not_picked":["Burning Pact","Second Wind+1","hubris:CleavingFinish"],"picked":"Reaper","floor":24},{"not_picked":["TH:ArmorSpikes","TH:TreasureMap","TH:BikiniMail"],"picked":"SKIP","floor":24},{"not_picked":["TH:Mimic","TH:CursedSword","TH:TreasureMap"],"picked":"SKIP","floor":26}],"player_experience":1527818,"relics_obtained":[{"floor":8,"key":"StoneCalendar"},{"floor":9,"key":"Grinning Jar"},{"floor":14,"key":"Replay:Multitool"},{"floor":24,"key":"Akabeko"},{"floor":26,"key":"Frozen Egg 2"}],"event_choices":[{"damage_healed":0,"gold_gain":0,"player_choice":"Rummage","damage_taken":0,"relics_obtained":["WarpedTongs"],"max_hp_gain":0,"max_hp_loss":0,"event_name":"Accursed Blacksmith","floor":3,"gold_loss":0,"cards_obtained":["Pain"]}],"is_beta":false,"boss_relics":[{"not_picked":["hubris:Stopwatch","Calling Bell"],"picked":"Painkiller Herb"}],"items_purged_floors":[7,20],"is_endless":false,"potions_floor_spawned":[1,5,10,14,18,21],"killed_by":"Nightmare","ascension_level":0}}