{"host":"y76clbnovzmw9ubx","time":1610455843,"event":{"mods":["AchievementEnabler","BaseMod","Minty Spire (QoL Compilation)","Permanent Neow","Relic Stats"],"gold_per_floor":[109,124,193,211,176,211,211,45,93,120,140,140,153,179,179,179,179],"floor_reached":16,"playtime":726,"items_purged":[],"score":240,"play_id":"436ec189-a629-4738-a1d4-1ee2bf88175d","local_time":"20210112075043","is_ascension_mode":true,"campfire_choices":[{"data":"Predator","floor":7.0,"key":"SMITH"},{"floor":12.0,"key":"REST"},{"data":"Caltrops","floor":15.0,"key":"SMITH"}],"circlet_count":0,"master_deck":["AscendersBane","Strike_G","Strike_G","Strike_G","Strike_G","Strike_G","Defend_G","Defend_G","Defend_G","Defend_G","Defend_G","Survivor","Neutralize","Predator+1","PiercingWail","Slice","Endless Agony","Dodge and Roll","Caltrops+1","PiercingWail","Backflip"],"relics":["Ring of the Snake","Pen Nib","Omamori","Happy Flower","Regal Pillow","Dream Catcher","Paper Crane"],"acts_visited":["Exordium"],"potions_floor_usage":[16],"damage_taken":[{"damage":8.0,"enemies":"Jaw Worm","floor":1.0,"turns":5.0},{"damage":0.0,"enemies":"2 Louse","floor":2.0,"turns":3.0},{"damage":0.0,"enemies":"Cultist","floor":4.0,"turns":3.0},{"damage":20.0,"enemies":"3 Sentries","floor":6.0,"turns":10.0},{"damage":8.0,"enemies":"Gremlin Nob","floor":10.0,"turns":3.0},{"damage":9.0,"enemies":"Exordium Wildlife","floor":11.0,"turns":5.0},{"damage":0.0,"enemies":"Blue Slaver","floor":13.0,"turns":3.0},{"damage":14.0,"enemies":"Lagavulin","floor":14.0,"turns":5.0},{"damage":52,"enemies":"Hexaghost","floor":16,"turns":10}],"seed_played":"8487962587733343533","potions_obtained":[{"floor":2.0,"key":"BlessingOfTheForge"},{"floor":4.0,"key":"SkillPotion"},{"floor":10.0,"key":"Poison Potion"},{"floor":11.0,"key":"Dexterity Potion"}],"is_trial":false,"path_per_floor":["M","M","?","M","?","E","R","$","T","E","M","R","M","E","R","B"],"character_chosen":"THE_SILENT","items_purchased":["Happy Flower"],"campfire_rested":1,"item_purchase_floors":[8],"current_hp_per_floor":[51,51,51,51,66,46,46,46,46,38,29,63,63,49,49,0,0],"gold":179,"neow_bonus":"RANDOM_COMMON_RELIC","is_daily":false,"chose_seed":false,"campfire_upgraded":2,"win_rate":0.0,"timestamp":1610455843,"path_taken":["M","M","?","M","?","E","R","$","T","E","M","R","M","E","R","BOSS"],"items_purchased_type":["Relic"],"build_version":"2020-12-22","purchased_purges":0,"victory":false,"max_hp_per_floor":[66,66,66,66,66,66,66,66,66,66,66,66,66,66,66,66,66],"relic_stats":{"Regal Pillow":15,"Dream Catcher":1,"Happy Flower":[8],"counters":[9,47],"Pen Nib":[9],"obtain_stats":[{"Regal Pillow":9,"Dream Catcher":10,"Happy Flower":8,"Pen Nib":0,"Omamori":6,"Paper Crane":14,"Ring of the Snake":0},{"Regal Pillow":4,"Dream Catcher":5,"Happy Flower":4,"Pen Nib":0,"Omamori":4,"Paper Crane":8,"Ring of the Snake":0},{"Regal Pillow":21,"Dream Catcher":24,"Happy Flower":21,"Pen Nib":0,"Omamori":21,"Paper Crane":37,"Ring of the Snake":0}],"Ring of the Snake":[19]},"card_choices":[{"not_picked":["Outmaneuver","Deadly Poison"],"picked":"Predator","floor":1.0},{"not_picked":["Flying Knee","Backflip"],"picked":"PiercingWail","floor":2.0},{"not_picked":["Acrobatics","Masterful Stab","Flying Knee"],"picked":"SKIP","floor":4.0},{"not_picked":["Distraction","Dagger Throw"],"picked":"Slice","floor":6.0},{"not_picked":["Sucker Punch","Quick Slash"],"picked":"Endless Agony","floor":10.0},{"not_picked":["Storm of Steel","Underhanded Strike"],"picked":"Dodge and Roll","floor":11.0},{"not_picked":["Outmaneuver","Deadly Poison"],"picked":"Caltrops","floor":12.0},{"not_picked":["Flying Knee","Cloak And Dagger"],"picked":"PiercingWail","floor":13.0},{"not_picked":["Reflex","Riddle With Holes"],"picked":"Backflip","floor":14.0}],"player_experience":3048075,"relics_obtained":[{"floor":6.0,"key":"Omamori"},{"floor":9.0,"key":"Regal Pillow"},{"floor":10.0,"key":"Dream Catcher"},{"floor":14.0,"key":"Paper Crane"}],"event_choices":[{"damage_healed":0.0,"max_hp_gain":0.0,"max_hp_loss":0.0,"gold_gain":69.0,"event_name":"Golden Wing","player_choice":"Gained Gold","floor":3.0,"gold_loss":0.0,"damage_taken":0.0},{"damage_healed":16.0,"max_hp_gain":0.0,"max_hp_loss":0.0,"gold_gain":0.0,"event_name":"The Cleric","player_choice":"Healed","floor":5.0,"gold_loss":35.0,"damage_taken":0.0}],"is_beta":false,"boss_relics":[],"items_purged_floors":[],"is_endless":false,"potions_floor_spawned":[2,4,10,11],"killed_by":"Hexaghost","ascension_level":20}}