{"host":"873t0y8ybyo38pfq","time":1610460484,"event":{"mods":["BaseMod","Bestiary","Colored Map","Colored Powertips","Highlight Path","Minty Spire (QoL Compilation)","Quick Restart","RNG Fix","Rare Cards Sparkle","Relic Stats","StSLib"],"gold_per_floor":[112,131,131,406,406,434,434,450,450,450,25,55,68,83,83,160,160,135,51,64,74,74,74,93,93,93,93,93],"floor_reached":27,"playtime":837,"items_purged":["Regret"],"score":496,"play_id":"c67e5570-b96b-47ea-9d7b-85a5a0b8f5d6","local_time":"20210112090804","is_ascension_mode":true,"campfire_choices":[{"data":"Lockon","floor":7,"key":"SMITH"},{"data":"Genetic Algorithm","floor":10,"key":"SMITH"},{"data":"Defragment","floor":15,"key":"SMITH"},{"floor":23,"key":"REST"},{"floor":25,"key":"REST"}],"circlet_count":0,"master_deck":["AscendersBane","Strike_B","Strike_B","Strike_B","Defend_B","Defend_B","Defend_B","Defend_B","Zap","Dualcast","Beam Cell","Lockon+1","Cold Snap","Genetic Algorithm+1","FTL","Go for the Eyes","Darkness","Darkness","Sweeping Beam","Defragment+1","Fission","Stack","Conserve Battery","Stack","Shame","Hologram"],"relics":["Cracked Core","NeowsBlessing","Akabeko","Nunchaku","Torii","Regal Pillow","Darkstone Periapt","Busted Crown","Vajra","FossilizedHelix"],"acts_visited":["TheCity"],"potions_floor_usage":[8,16,20,27],"damage_taken":[{"damage":0,"enemies":"Small Slimes","floor":1,"turns":1},{"damage":0,"enemies":"2 Louse","floor":2,"turns":1},{"damage":0,"enemies":"Gremlin Nob","floor":6,"turns":1},{"damage":2,"enemies":"Jaw Worm","floor":8,"turns":2},{"damage":21,"enemies":"3 Sentries","floor":12,"turns":7},{"damage":2,"enemies":"Blue Slaver","floor":13,"turns":3},{"damage":0,"enemies":"Large Slime","floor":14,"turns":3},{"damage":17,"enemies":"Slime Boss","floor":16,"turns":6},{"damage":18,"enemies":"2 Thieves","floor":18,"turns":4},{"damage":7,"enemies":"Spheric Guardian","floor":20,"turns":4},{"damage":14,"enemies":"Centurion and Healer","floor":21,"turns":9},{"damage":66,"enemies":"Chosen and Byrds","floor":24,"turns":8},{"damage":46,"enemies":"Gremlin Leader","floor":27,"turns":5}],"seed_played":"8359546502876496844","potions_obtained":[{"floor":1,"key":"FocusPotion"},{"floor":6,"key":"SteroidPotion"},{"floor":8,"key":"Fruit Juice"},{"floor":13,"key":"Strength Potion"},{"floor":24,"key":"Weak Potion"}],"is_trial":false,"path_per_floor":["M","M","?","?","T","E","R","M","T","R","$","E","M","M","R","B",null,"M","$","M","M","?","R","M","R","T","E"],"character_chosen":"DEFECT","items_purchased":["Regal Pillow","FTL","Go for the Eyes","Darkness","Conserve Battery","Stack"],"campfire_rested":2,"item_purchase_floors":[11,11,11,11,19,19],"current_hp_per_floor":[64,64,57,57,57,57,57,60,60,60,60,39,37,37,37,20,62,44,44,37,23,29,68,2,41,41,0,0],"gold":93,"neow_bonus":"THREE_ENEMY_KILL","is_daily":false,"chose_seed":false,"campfire_upgraded":3,"win_rate":0.0,"timestamp":1610460484,"path_taken":["M","M","?","?","?","E","R","M","T","R","$","E","M","M","R","BOSS","M","$","M","?","?","R","M","R","T","E"],"items_purchased_type":["Relic","Card","Card","Card","Card","Card"],"build_version":"2020-12-22","purchased_purges":1,"victory":false,"max_hp_per_floor":[71,71,71,71,71,71,71,76,76,76,76,76,76,76,76,76,76,76,76,76,76,82,82,82,82,82,82,82],"relic_stats":{"Darkstone Periapt":6,"Nunchaku":[8],"Regal Pillow":30,"Busted Crown":8,"Torii":16,"counters":[13,54],"obtain_stats":[{"Darkstone Periapt":12,"Nunchaku":6,"Regal Pillow":11,"Busted Crown":17,"NeowsBlessing":0,"Torii":9,"Vajra":22,"Cracked Core":0,"Akabeko":5,"FossilizedHelix":26},{"Darkstone Periapt":5,"Nunchaku":3,"Regal Pillow":4,"Busted Crown":8,"NeowsBlessing":0,"Torii":4,"Vajra":11,"Cracked Core":0,"Akabeko":2,"FossilizedHelix":12},{"Darkstone Periapt":12,"Nunchaku":3,"Regal Pillow":5,"Busted Crown":24,"NeowsBlessing":0,"Torii":5,"Vajra":41,"Cracked Core":0,"Akabeko":2,"FossilizedHelix":49}]},"card_choices":[{"not_picked":["Coolheaded","Conserve Battery"],"picked":"Beam Cell","floor":1},{"not_picked":["White Noise","Coolheaded"],"picked":"Lockon","floor":2},{"not_picked":["Stack","Streamline"],"picked":"Cold Snap","floor":6},{"not_picked":["Gash","Auto Shields"],"picked":"Genetic Algorithm","floor":8},{"not_picked":["Melter","Hello World"],"picked":"Darkness","floor":12},{"not_picked":["Rebound","Cold Snap"],"picked":"Sweeping Beam","floor":13},{"not_picked":["FTL","Coolheaded"],"picked":"Defragment","floor":14},{"not_picked":["All For One","Core Surge"],"picked":"Fission","floor":16},{"not_picked":[],"picked":"Stack","floor":18},{"not_picked":["Turbo"],"picked":"SKIP","floor":20},{"not_picked":["Heatsinks"],"picked":"SKIP","floor":21},{"not_picked":[],"picked":"Hologram","floor":24}],"player_experience":1596350,"relics_obtained":[{"floor":5,"key":"Akabeko"},{"floor":6,"key":"Nunchaku"},{"floor":9,"key":"Torii"},{"floor":12,"key":"Darkstone Periapt"},{"floor":26,"key":"FossilizedHelix"}],"event_choices":[{"cards_removed":["Strike_B"],"damage_healed":0,"gold_gain":0,"player_choice":"Card Removal","damage_taken":7,"max_hp_gain":0,"max_hp_loss":0,"event_name":"Golden Wing","floor":3,"gold_loss":0},{"damage_healed":0,"gold_gain":275,"player_choice":"Desecrate","damage_taken":0,"max_hp_gain":0,"max_hp_loss":0,"event_name":"Golden Shrine","floor":4,"gold_loss":0,"cards_obtained":["Regret"]},{"damage_healed":0,"gold_gain":0,"player_choice":"Stole Relic","damage_taken":0,"relics_obtained":["Vajra"],"max_hp_gain":0,"max_hp_loss":0,"event_name":"Addict","floor":22,"gold_loss":0,"cards_obtained":["Shame"]}],"is_beta":false,"boss_relics":[{"not_picked":["SacredBark","Runic Dome"],"picked":"Busted Crown"}],"items_purged_floors":[11],"is_endless":false,"potions_floor_spawned":[1,6,8,13,24],"killed_by":"Gremlin Leader","ascension_level":20}}