{"host":"d61fcf2p3sjwe6yo","time":1610446531,"event":{"mods":["AchievementEnabler","BaseMod","Colored Map","Minty Spire (QoL Compilation)","StSLib","SuperFastMode"],"gold_per_floor":[110,124,124,124,49,74,74,74,121,121,121,141,164,195,207,312,324,356,384,216,239,255,255,79,115,115,30,74,149,172,211,211,306,306,326,339,339,339,339,339,355,389,389,389,135,154,154,29,29,29,29],"floor_reached":50,"playtime":2055,"items_purged":["Defend_G","Strike_G","Strike_G"],"score":926,"play_id":"f84fc4c0-8cac-44d7-a632-75ddced7bcbe","local_time":"20210112131531","is_ascension_mode":true,"campfire_choices":[{"data":"Neutralize","floor":7.0,"key":"SMITH"},{"data":"Blur","floor":15.0,"key":"SMITH"},{"floor":23.0,"key":"REST"},{"floor":32.0,"key":"REST"},{"floor":40.0,"key":"REST"},{"floor":44.0,"key":"REST"},{"floor":49,"key":"REST"}],"circlet_count":0,"master_deck":["AscendersBane","Strike_G","Strike_G","Strike_G","Defend_G","Defend_G","Defend_G","Defend_G","Survivor","Neutralize+1","Blur+1","Dash","Accuracy","Backstab","A Thousand Cuts","Backflip","Backflip","Apotheosis","Infinite Blades","Accuracy","A Thousand Cuts","Envenom","Flash of Steel","Blade Dance","PiercingWail+1"],"relics":["Ring of the Snake","NeowsBlessing","Art of War","Shuriken","Bag of Marbles","MealTicket","Golden Idol","MawBank","Fusion Hammer","Bag of Preparation","Boot","Girya","Akabeko","Snake Skull","Omamori","Busted Crown","Paper Crane","Pantograph","Anchor"],"acts_visited":["Exordium","TheCity","TheBeyond"],"potions_floor_usage":[],"damage_taken":[{"damage":0.0,"enemies":"Cultist","floor":1.0,"turns":1.0},{"damage":0.0,"enemies":"2 Louse","floor":2.0,"turns":1.0},{"damage":0.0,"enemies":"3 Sentries","floor":6.0,"turns":1.0},{"damage":1.0,"enemies":"Small Slimes","floor":12.0,"turns":3.0},{"damage":0.0,"enemies":"3 Louse","floor":13.0,"turns":4.0},{"damage":18.0,"enemies":"Gremlin Nob","floor":14.0,"turns":4.0},{"damage":3.0,"enemies":"The Guardian","floor":16.0,"turns":16.0},{"damage":6.0,"enemies":"3 Byrds","floor":18.0,"turns":6.0},{"damage":8.0,"enemies":"Chosen","floor":19.0,"turns":6.0},{"damage":27.0,"enemies":"Snake Plant","floor":21.0,"turns":6.0},{"damage":7.0,"enemies":"Cultist and Chosen","floor":22.0,"turns":9.0},{"damage":19.0,"enemies":"Gremlin Leader","floor":25.0,"turns":6.0},{"damage":5.0,"enemies":"Slavers","floor":28.0,"turns":4.0},{"damage":0.0,"enemies":"Snecko","floor":30.0,"turns":4.0},{"damage":13.0,"enemies":"Gremlin Leader","floor":31.0,"turns":7.0},{"damage":11.0,"enemies":"Champ","floor":33.0,"turns":12.0},{"damage":9.0,"enemies":"Orb Walker","floor":35.0,"turns":4.0},{"damage":30.0,"enemies":"3 Darklings","floor":36.0,"turns":6.0},{"damage":14.0,"enemies":"Jaw Worm Horde","floor":41.0,"turns":5.0},{"damage":32.0,"enemies":"Giant Head","floor":42.0,"turns":8.0},{"damage":30,"enemies":"Writhing Mass","floor":46,"turns":6},{"damage":50,"enemies":"Time Eater","floor":50,"turns":7}],"seed_played":"966923930446642346","potions_obtained":[{"floor":6.0,"key":"Dexterity Potion"},{"floor":14.0,"key":"Ancient Potion"},{"floor":16.0,"key":"Fire Potion"},{"floor":18.0,"key":"Dexterity Potion"},{"floor":22.0,"key":"LiquidMemories"},{"floor":28.0,"key":"Block Potion"},{"floor":30.0,"key":"GamblersBrew"},{"floor":31.0,"key":"PowerPotion"}],"is_trial":false,"path_per_floor":["M","M","T","?","$","E","R","?","T","?","?","M","M","E","R","B",null,"M","M","$","M","M","R","$","E","T","?","E","?","M","E","R","B",null,"M","M","?","?","?","R","M","E","T","R","$","M","?","$","R","B"],"character_chosen":"THE_SILENT","items_purchased":["Apotheosis","Accuracy","Bag of Preparation","Anchor"],"campfire_rested":5,"item_purchase_floors":[20,24,24,45],"current_hp_per_floor":[63,63,63,51,51,51,51,51,51,34,39,38,38,20,20,17,61,55,47,62,35,28,50,65,46,46,46,41,34,34,21,43,32,64,55,25,25,25,25,47,33,1,1,23,38,8,27,42,64,25,25],"gold":29,"neow_bonus":"THREE_ENEMY_KILL","is_daily":false,"chose_seed":false,"campfire_upgraded":2,"win_rate":0.0,"timestamp":1610446531,"path_taken":["M","M","?","?","$","E","R","?","T","?","?","M","M","E","R","BOSS","M","M","$","M","M","R","$","E","T","?","E","?","M","E","R","BOSS","M","M","?","?","?","R","?","E","T","R","?","M","?","$","R","BOSS"],"items_purchased_type":["Card","Card","Relic","Relic"],"build_version":"2020-12-22","purchased_purges":3,"victory":false,"max_hp_per_floor":[70,70,70,70,70,70,70,70,70,70,75,75,75,75,75,75,75,75,75,75,75,75,75,75,75,75,75,75,75,75,75,75,75,75,75,75,75,75,75,75,75,75,75,75,75,75,75,75,75,75,75],"card_choices":[{"not_picked":["Acrobatics","Endless Agony"],"picked":"Blur","floor":1.0},{"not_picked":["Quick Slash","Prepared"],"picked":"Dash","floor":2.0},{"not_picked":["Blur","Heel Hook"],"picked":"Accuracy","floor":6.0},{"not_picked":["Catalyst","Deflect"],"picked":"Backstab","floor":12.0},{"not_picked":["Tactician","Crippling Poison","Slice"],"picked":"SKIP","floor":13.0},{"not_picked":["Backflip","Expertise","Flying Knee"],"picked":"SKIP","floor":14.0},{"not_picked":["Grand Finale","Envenom"],"picked":"A Thousand Cuts","floor":16.0},{"not_picked":["Flying Knee","Dagger Throw"],"picked":"Backflip","floor":18.0},{"not_picked":["Cloak And Dagger","Quick Slash"],"picked":"Backflip","floor":19.0},{"not_picked":["Dodge and Roll","Underhanded Strike","Backflip"],"picked":"SKIP","floor":21.0},{"not_picked":["Poisoned Stab","Bane"],"picked":"Infinite Blades","floor":22.0},{"not_picked":["Slice","All Out Attack","Backstab"],"picked":"SKIP","floor":25.0},{"not_picked":["Infinite Blades+1","Sucker Punch","Expertise"],"picked":"SKIP","floor":28.0},{"not_picked":["Skewer","Endless Agony"],"picked":"A Thousand Cuts","floor":30.0},{"not_picked":["Riddle With Holes","Quick Slash","Slice+1"],"picked":"SKIP","floor":31.0},{"not_picked":["Die Die Die","Grand Finale"],"picked":"Envenom","floor":33.0},{"not_picked":["Dodge and Roll"],"picked":"SKIP","floor":35.0},{"not_picked":["Slice+1"],"picked":"SKIP","floor":36.0},{"not_picked":[],"picked":"Flash of Steel","floor":38.0},{"not_picked":["Deadly Poison"],"picked":"SKIP","floor":41.0},{"not_picked":[],"picked":"Blade Dance","floor":42.0},{"not_picked":[],"picked":"PiercingWail+1","floor":46}],"player_experience":197305,"relics_obtained":[{"floor":3.0,"key":"Art of War"},{"floor":6.0,"key":"Bag of Marbles"},{"floor":9.0,"key":"MealTicket"},{"floor":14.0,"key":"MawBank"},{"floor":25.0,"key":"Boot"},{"floor":26.0,"key":"Girya"},{"floor":28.0,"key":"Snake Skull"},{"floor":31.0,"key":"Omamori"},{"floor":42.0,"key":"Paper Crane"},{"floor":43.0,"key":"Pantograph"}],"event_choices":[{"damage_healed":0.0,"max_hp_gain":0.0,"max_hp_loss":0.0,"gold_gain":0.0,"event_name":"Scrap Ooze","player_choice":"Success","floor":4.0,"gold_loss":0.0,"damage_taken":12.0,"relics_obtained":["Shuriken"]},{"damage_healed":0.0,"max_hp_gain":0.0,"max_hp_loss":0.0,"gold_gain":0.0,"event_name":"Liars Game","player_choice":"Ignored","floor":8.0,"gold_loss":0.0,"damage_taken":0.0},{"damage_healed":0.0,"max_hp_gain":0.0,"max_hp_loss":0.0,"gold_gain":0.0,"event_name":"Golden Idol","player_choice":"Take Damage","floor":10.0,"gold_loss":0.0,"damage_taken":17.0,"relics_obtained":["Golden Idol"]},{"damage_healed":0.0,"max_hp_gain":5.0,"max_hp_loss":0.0,"gold_gain":0.0,"event_name":"Big Fish","player_choice":"Donut","floor":11.0,"gold_loss":0.0,"damage_taken":0.0},{"damage_healed":0.0,"max_hp_gain":0.0,"max_hp_loss":0.0,"gold_gain":0.0,"event_name":"Addict","player_choice":"Obtained Relic","floor":27.0,"gold_loss":85.0,"damage_taken":0.0,"relics_obtained":["Akabeko"]},{"damage_healed":0.0,"max_hp_gain":0.0,"max_hp_loss":0.0,"gold_gain":75.0,"event_name":"FaceTrader","player_choice":"Touch","floor":29.0,"gold_loss":0.0,"damage_taken":7.0},{"damage_healed":0.0,"max_hp_gain":0.0,"max_hp_loss":0.0,"gold_gain":0.0,"event_name":"Tomb of Lord Red Mask","player_choice":"Ignored","floor":37.0,"gold_loss":0.0,"damage_taken":0.0},{"damage_healed":0.0,"max_hp_gain":0.0,"max_hp_loss":0.0,"gold_gain":0.0,"event_name":"SensoryStone","player_choice":"Memory 1","floor":38.0,"gold_loss":0.0,"damage_taken":0.0},{"damage_healed":0.0,"max_hp_gain":0.0,"max_hp_loss":0.0,"gold_gain":0.0,"event_name":"Mysterious Sphere","player_choice":"Ignored","floor":39.0,"gold_loss":0.0,"damage_taken":0.0},{"damage_healed":19,"gold_gain":0,"player_choice":"Writhe","damage_taken":0,"max_hp_gain":0,"max_hp_loss":0,"event_name":"Winding Halls","floor":47,"gold_loss":0,"cards_obtained":["Writhe"]}],"is_beta":false,"boss_relics":[{"not_picked":["Coffee Dripper","Snecko Eye"],"picked":"Fusion Hammer"},{"not_picked":["SacredBark","Velvet Choker"],"picked":"Busted Crown"}],"items_purged_floors":[5,45,48],"is_endless":false,"potions_floor_spawned":[6,14,16,18,19,22,28,30,31],"killed_by":"Time Eater","ascension_level":13}}