{"host":"ydujlihd8f5px9gp","time":1610491332,"event":{"mods":["AchievementEnabler","BaseMod","Block Reminder","Colored Map","Minty Spire (QoL Compilation)","ojb\u0027s Info Mod"],"gold_per_floor":[109,129,129,129,145,145,178,178,178,178,209,209,225,242,242,341,341,355,355,68,68,86,86,15,43,91,104,104,104],"floor_reached":28,"language":"ENG","playtime":1110,"items_purged":[],"score":336,"play_id":"4349fef1-0a6a-40ad-84fb-4405340dccdd","local_time":"20210112204212","is_ascension_mode":true,"campfire_choices":[{"data":"Zap","floor":6,"key":"SMITH"},{"data":"Sunder","floor":8,"key":"SMITH"},{"data":"White Noise","floor":15,"key":"SMITH"},{"data":"Echo Form","floor":23,"key":"SMITH"}],"circlet_count":0,"master_deck":["Strike_B","Strike_B","Strike_B","Strike_B","Defend_B","Defend_B","Defend_B","Defend_B","Zap+1","Dualcast","White Noise+1","Sunder+1","All For One+1","White Noise","Echo Form+1","RitualDagger+1","Defragment","Loop+1","Lockon+1"],"relics":["Cracked Core","Gambling Chip","Mercury Hourglass","Pantograph","Molten Egg 2","SlaversCollar","Shuriken","MutagenicStrength","Frozen Egg 2","Nunchaku"],"acts_visited":["Exordium","TheCity"],"potions_floor_usage":[11,13,16,18,22,22,27],"damage_taken":[{"damage":2,"enemies":"Small Slimes","floor":1,"turns":3},{"damage":8,"enemies":"2 Louse","floor":2,"turns":3},{"damage":7,"enemies":"Jaw Worm","floor":5,"turns":4},{"damage":28,"enemies":"Gremlin Nob","floor":7,"turns":4},{"damage":8,"enemies":"Lagavulin","floor":11,"turns":3},{"damage":10,"enemies":"Large Slime","floor":13,"turns":5},{"damage":0,"enemies":"Gremlin Gang","floor":14,"turns":2},{"damage":0,"enemies":"Slime Boss","floor":16,"turns":5},{"damage":0,"enemies":"Chosen","floor":18,"turns":4},{"damage":19,"enemies":"2 Thieves","floor":22,"turns":3},{"damage":43,"enemies":"Book of Stabbing","floor":25,"turns":4},{"damage":19,"enemies":"Snecko","floor":27,"turns":6},{"damage":0,"enemies":"Shelled Parasite and Fungi","floor":28,"turns":1}],"seed_played":"-4340073043116948496","potions_obtained":[{"floor":1,"key":"SpeedPotion"},{"floor":5,"key":"LiquidMemories"},{"floor":11,"key":"LiquidMemories"},{"floor":13,"key":"Fruit Juice"},{"floor":16,"key":"SkillPotion"},{"floor":18,"key":"AttackPotion"},{"floor":22,"key":"SpeedPotion"}],"is_trial":false,"path_per_floor":["M","M","?","?","M","R","E","R","T","T","E","?","M","M","R","B",null,"M","?","$","?","M","R","$","E","T","M","M"],"character_chosen":"DEFECT","items_purchased":["Defragment","Shuriken","Lockon+1"],"campfire_rested":0,"item_purchase_floors":[20,20,24],"current_hp_per_floor":[80,72,72,77,70,70,42,42,42,42,34,34,29,29,29,54,92,92,86,86,86,67,67,67,24,24,5,5,5],"gold":104,"neow_bonus":"TEN_PERCENT_HP_BONUS","is_daily":false,"chose_seed":false,"campfire_upgraded":4,"win_rate":0.0,"timestamp":1610491332,"path_taken":["M","M","?","?","M","R","E","R","T","?","E","?","?","M","R","BOSS","M","?","$","?","M","R","?","E","T","M","M"],"items_purchased_type":["Card","Relic","Card"],"build_version":"2020-12-22","purchased_purges":0,"victory":false,"max_hp_per_floor":[82,82,82,87,87,87,87,87,87,87,87,87,92,92,92,92,92,92,92,92,92,92,92,92,92,92,92,92,92],"card_choices":[{"not_picked":["Chaos","Compile Driver"],"picked":"White Noise","floor":1},{"not_picked":["Redo","Darkness","Recycle"],"picked":"SKIP","floor":2},{"not_picked":["Steam","Doom and Gloom","Turbo"],"picked":"SKIP","floor":5},{"not_picked":["Darkness","Stack"],"picked":"Sunder","floor":7},{"not_picked":["Undo","Aggregate"],"picked":"All For One+1","floor":11},{"not_picked":["Stack","Leap"],"picked":"White Noise","floor":13},{"not_picked":["Darkness","Reprogram","Leap"],"picked":"SKIP","floor":14},{"not_picked":["Thunder Strike+1","Fission"],"picked":"Echo Form","floor":16},{"not_picked":["Turbo+1","Chaos+1","Hello World+1"],"picked":"SKIP","floor":18},{"not_picked":["Cold Snap+1","Steam"],"picked":"Loop+1","floor":22},{"not_picked":["Reinforced Body","Glacier","Steam"],"picked":"SKIP","floor":25},{"not_picked":["Go for the Eyes+1","Compile Driver+1","Doom and Gloom+1"],"picked":"SKIP","floor":27}],"player_experience":117687,"relics_obtained":[{"floor":7,"key":"Gambling Chip"},{"floor":9,"key":"Mercury Hourglass"},{"floor":10,"key":"Pantograph"},{"floor":11,"key":"Molten Egg 2"},{"floor":25,"key":"Frozen Egg 2"},{"floor":26,"key":"Nunchaku"}],"event_choices":[{"damage_healed":0,"gold_gain":0,"player_choice":"Ignored","damage_taken":0,"max_hp_gain":0,"max_hp_loss":0,"event_name":"Liars Game","floor":3,"gold_loss":0},{"damage_healed":0,"gold_gain":0,"player_choice":"Donut","damage_taken":0,"max_hp_gain":5,"max_hp_loss":0,"event_name":"Big Fish","floor":4,"gold_loss":0},{"damage_healed":0,"gold_gain":0,"player_choice":"Leave","damage_taken":0,"max_hp_gain":0,"max_hp_loss":0,"event_name":"FaceTrader","floor":12,"gold_loss":0},{"damage_healed":0,"gold_gain":0,"player_choice":"Joined the Cult","damage_taken":6,"max_hp_gain":0,"max_hp_loss":0,"event_name":"Nest","floor":19,"gold_loss":0,"cards_obtained":["RitualDagger"]},{"damage_healed":0,"gold_gain":0,"player_choice":"Inject Mutagens","damage_taken":0,"relics_obtained":["MutagenicStrength"],"max_hp_gain":0,"max_hp_loss":0,"event_name":"Drug Dealer","floor":21,"gold_loss":0}],"is_beta":false,"boss_relics":[{"not_picked":["Pandora\u0027s Box","Cursed Key"],"picked":"SlaversCollar"}],"items_purged_floors":[],"is_endless":false,"potions_floor_spawned":[1,5,11,13,16,18,22],"killed_by":"Shelled Parasite and Fungi","ascension_level":1}}