{"host":"04hh9gplt9wkfmr1","time":1610429481,"event":{"mods":["AchievementEnabler","BaseMod","Colored Map","KOR Keyword Fix","Minty Spire (QoL Compilation)","Rare Cards Sparkle","SuperFastMode"],"gold_per_floor":[113,132,92,104,124,124,153,171,171,190,190,204,204,229,229,327,327,327,327,327,327,327,327,327,327,327,184,184,184,184,184,184,184,184,184,115,115,115,0,0,0,0,0,0,0,0,0,0,0,0],"floor_reached":51,"playtime":1748,"items_purged":[],"score":863,"play_id":"1d776ed7-3ddb-4874-a0bf-5d5d49e6ccd7","local_time":"20210112143121","is_ascension_mode":true,"campfire_choices":[{"data":"Genetic Algorithm","floor":6,"key":"SMITH"},{"data":"Defragment","floor":11,"key":"SMITH"},{"data":"Dualcast","floor":13,"key":"SMITH"},{"data":"Double Energy","floor":15,"key":"SMITH"},{"data":"Zap","floor":24,"key":"SMITH"},{"data":"Genetic Algorithm","floor":28,"key":"SMITH"},{"floor":32,"key":"REST"},{"data":"Strike_B+1","floor":42,"key":"PURGE"},{"data":"Strike_B+1","floor":47,"key":"PURGE"},{"data":"Strike_B+1","floor":49,"key":"PURGE"}],"circlet_count":0,"master_deck":["Defend_B+1","Defend_B+1","Defend_B+1","Defend_B+1","Zap+1","Dualcast+1","Genetic Algorithm+1","Defragment+1","Force Field+1","Cold Snap+1","Melter+1","Cold Snap+1","Double Energy+1","Machine Learning+1","Chaos+1","Ball Lightning+1","Consume+1","Glacier+1","Heatsinks+1","Capacitor+1","Genetic Algorithm+1","Echo Form+1","Rainbow+1","Cold Snap+1","Capacitor+1","Hologram+1","Chill"],"relics":["Cracked Core","Question Card","Meat on the Bone","Toy Ornithopter","Ectoplasm","Peace Pipe","Bag of Marbles","Vajra","Tiny Chest","Velvet Choker","Mark of the Bloom","Red Mask","Mercury Hourglass","Happy Flower","HornCleat","Bag of Preparation"],"acts_visited":["Exordium","TheCity","TheBeyond"],"potions_floor_usage":[4,7,10,16,16,25,31,40,50,50],"damage_taken":[{"damage":0,"enemies":"Small Slimes","floor":1,"turns":3},{"damage":1,"enemies":"Cultist","floor":2,"turns":3},{"damage":2,"enemies":"Jaw Worm","floor":4,"turns":4},{"damage":2,"enemies":"Looter","floor":5,"turns":4},{"damage":14,"enemies":"Gremlin Nob","floor":7,"turns":5},{"damage":5,"enemies":"Exordium Thugs","floor":8,"turns":6},{"damage":11,"enemies":"Lots of Slimes","floor":10,"turns":3},{"damage":3,"enemies":"Looter","floor":12,"turns":4},{"damage":21,"enemies":"Lagavulin","floor":14,"turns":7},{"damage":9,"enemies":"Slime Boss","floor":16,"turns":10},{"damage":29,"enemies":"3 Byrds","floor":18,"turns":5},{"damage":3,"enemies":"Shell Parasite","floor":21,"turns":4},{"damage":6,"enemies":"Centurion and Healer","floor":22,"turns":7},{"damage":2,"enemies":"Book of Stabbing","floor":23,"turns":6},{"damage":24,"enemies":"Slavers","floor":25,"turns":6},{"damage":0,"enemies":"Sentry and Sphere","floor":30,"turns":8},{"damage":42,"enemies":"Gremlin Leader","floor":31,"turns":6},{"damage":23,"enemies":"Automaton","floor":33,"turns":12},{"damage":0,"enemies":"3 Shapes","floor":35,"turns":7},{"damage":6,"enemies":"Orb Walker","floor":38,"turns":3},{"damage":6,"enemies":"Nemesis","floor":40,"turns":7},{"damage":0,"enemies":"Jaw Worm Horde","floor":41,"turns":5},{"damage":0,"enemies":"Giant Head","floor":44,"turns":9},{"damage":12,"enemies":"Maw","floor":46,"turns":7},{"damage":46,"enemies":"Awakened One","floor":50,"turns":13}],"seed_played":"-1482421233285555617","potions_obtained":[{"floor":3,"key":"EssenceOfDarkness"},{"floor":3,"key":"Weak Potion"},{"floor":3,"key":"Dexterity Potion"},{"floor":4,"key":"PowerPotion"},{"floor":5,"key":"FocusPotion"},{"floor":10,"key":"Explosive Potion"},{"floor":12,"key":"Swift Potion"},{"floor":22,"key":"Swift Potion"},{"floor":23,"key":"Regen Potion"},{"floor":31,"key":"BlessingOfTheForge"},{"floor":38,"key":"Fruit Juice"},{"floor":46,"key":"Regen Potion"}],"is_trial":false,"path_per_floor":["M","M","?","M","M","R","E","M","T","M","R","M","R","E","R","B",null,"M","?","?","M","M","E","R","E","T","$","R","?","M","E","R","B",null,"M","$","?","M","?","E","M","R","T","E","$","M","R","T","R","B",null],"character_chosen":"DEFECT","items_purchased":["Capacitor","Genetic Algorithm","Capacitor"],"campfire_rested":1,"item_purchase_floors":[27,27,36],"current_hp_per_floor":[68,67,67,65,63,63,49,44,44,45,45,54,54,45,45,46,89,60,60,43,52,58,56,56,52,52,52,52,52,52,27,55,44,94,94,94,94,88,88,82,82,82,82,82,82,70,70,70,70,24],"gold":0,"neow_bonus":"TWENTY_PERCENT_HP_BONUS","is_daily":false,"chose_seed":false,"campfire_upgraded":6,"win_rate":0.0,"timestamp":1610429481,"path_taken":["M","M","?","M","M","R","E","?","T","M","R","?","R","E","R","BOSS","M","?","?","M","?","E","R","E","T","?","R","?","?","E","R","BOSS","M","?","?","M","?","E","M","R","T","E","$","M","R","?","R","BOSS"],"items_purchased_type":["Card","Card","Card"],"build_version":"2020-12-22","purchased_purges":0,"victory":true,"max_hp_per_floor":[89,89,89,89,89,89,89,89,89,89,89,89,89,89,89,89,89,89,89,94,94,94,94,94,94,94,94,94,94,94,94,94,94,94,94,94,94,94,94,99,99,99,99,99,99,99,99,99,99,99],"card_choices":[{"not_picked":["Streamline","Turbo","Beam Cell"],"picked":"SKIP","floor":1},{"not_picked":["Darkness","Hologram"],"picked":"Genetic Algorithm","floor":2},{"not_picked":["Reprogram","Hologram"],"picked":"Defragment","floor":4},{"not_picked":["Streamline","Barrage"],"picked":"Force Field","floor":5},{"not_picked":["Go for the Eyes","Rebound"],"picked":"Cold Snap","floor":7},{"not_picked":["Stack","Undo","Beam Cell"],"picked":"Melter","floor":8},{"not_picked":["Barrage","Coolheaded","Skim"],"picked":"Cold Snap","floor":10},{"not_picked":["Steam","Hologram","Leap"],"picked":"Double Energy","floor":12},{"not_picked":["Steam Power","Rebound","Gash","Barrage"],"picked":"SKIP","floor":14},{"not_picked":["Meteor Strike","Seek","Thunder Strike"],"picked":"Machine Learning","floor":16},{"not_picked":["Scrape+1","Hologram","Redo+1"],"picked":"Chaos+1","floor":18},{"not_picked":["Stack","BootSequence","Cold Snap"],"picked":"Ball Lightning","floor":21},{"not_picked":["Sunder+1","Barrage","Stack"],"picked":"Consume+1","floor":22},{"not_picked":["Steam Power","Creative AI","BootSequence"],"picked":"Glacier","floor":23},{"not_picked":["Doom and Gloom+1","Hello World+1","Redo"],"picked":"Heatsinks+1","floor":25},{"not_picked":["Gash+1","Conserve Battery","Rebound","Compile Driver"],"picked":"SKIP","floor":30},{"not_picked":["Redo","Gash+1","Steam Power","Undo"],"picked":"SKIP","floor":31},{"not_picked":["Meteor Strike","Thunder Strike","Echo Form"],"picked":"Rainbow","floor":33},{"not_picked":["Sweeping Beam","Conserve Battery","Leap"],"picked":"Cold Snap+1","floor":35},{"not_picked":["Tempest","Compile Driver+1","Beam Cell+1"],"picked":"Hologram+1","floor":38},{"not_picked":["Beam Cell","Rebound+1","Sweeping Beam"],"picked":"Chill","floor":40},{"not_picked":["Streamline","Conserve Battery+1","Redo+1","Sweeping Beam+1"],"picked":"SKIP","floor":41},{"not_picked":["Coolheaded+1","Rebound+1","Steam Power","Fission"],"picked":"SKIP","floor":44},{"not_picked":["Coolheaded+1","Rebound+1","Steam Power","Fission"],"picked":"SKIP","floor":44},{"not_picked":["Redo","Steam","Beam Cell+1","All For One"],"picked":"SKIP","floor":46}],"player_experience":10625,"relics_obtained":[{"floor":7,"key":"Question Card"},{"floor":9,"key":"Meat on the Bone"},{"floor":14,"key":"Toy Ornithopter"},{"floor":23,"key":"Peace Pipe"},{"floor":25,"key":"Bag of Marbles"},{"floor":26,"key":"Vajra"},{"floor":31,"key":"Tiny Chest"},{"floor":40,"key":"Mercury Hourglass"},{"floor":43,"key":"Happy Flower"},{"floor":44,"key":"HornCleat"},{"floor":48,"key":"Bag of Preparation"}],"event_choices":[{"damage_healed":0,"gold_gain":0,"player_choice":"Bought 3 Potions","damage_taken":0,"max_hp_gain":0,"max_hp_loss":0,"event_name":"The Woman in Blue","floor":3,"gold_loss":0},{"damage_healed":0,"gold_gain":99,"player_choice":"Stole From Cult","damage_taken":0,"max_hp_gain":0,"max_hp_loss":0,"event_name":"Nest","floor":19,"gold_loss":0},{"damage_healed":0,"gold_gain":0,"player_choice":"Shed Blood","damage_taken":22,"max_hp_gain":5,"max_hp_loss":0,"event_name":"Forgotten Altar","floor":20,"gold_loss":0},{"damage_healed":0,"gold_gain":0,"cards_transformed":["Strike_B"],"player_choice":"Transformed","damage_taken":0,"max_hp_gain":0,"max_hp_loss":0,"event_name":"Transmorgrifier","floor":29,"gold_loss":0,"cards_obtained":["Echo Form"]},{"damage_healed":0,"gold_gain":0,"player_choice":"Upgrade","damage_taken":0,"relics_obtained":["Mark of the Bloom"],"max_hp_gain":0,"max_hp_loss":0,"event_name":"MindBloom","floor":37,"gold_loss":0,"cards_upgraded":["Strike_B","Strike_B","Strike_B","Defend_B","Defend_B","Defend_B","Defend_B","Force Field","Cold Snap","Melter","Cold Snap","Machine Learning","Ball Lightning","Glacier","Capacitor","Echo Form","Rainbow","Capacitor"]},{"damage_healed":0,"gold_gain":0,"player_choice":"Paid","damage_taken":0,"relics_obtained":["Red Mask"],"max_hp_gain":0,"max_hp_loss":0,"event_name":"Tomb of Lord Red Mask","floor":39,"gold_loss":115}],"is_beta":false,"boss_relics":[{"not_picked":["Astrolabe","Tiny House"],"picked":"Ectoplasm"},{"not_picked":["Fusion Hammer","SacredBark"],"picked":"Velvet Choker"}],"items_purged_floors":[],"is_endless":false,"potions_floor_spawned":[4,5,10,12,14,22,23,31,38,46],"ascension_level":1}}