{"host":"npi2injwpr7l8z4q","time":1610478540,"event":{"mods":["BaseMod","Dark Map","KOR Keyword Fix","Minty Spire (QoL Compilation)","Permanent Neow","Quick Restart","Replay The Spire","StSLib","The Poker Player","everything is the same but u backflip on backflip","¡¼?Úª?ø«¡½REMEMod"],"gold_per_floor":[114,39,50,50,68,68,68,68,68,68,80,80,111,125,125,221,221,233,252,152,152,167,167,197,212,212,212,212,230,329,340,340,439,489,506,234,284,284,284,317,317,331,331,331,34,34,50,64,64,64,64,64,13,41,41,41,41],"floor_reached":55,"playtime":5527,"items_purged":["PokerPlayerMod:Mulligan","PokerPlayerMod:Diamond2","PokerPlayerMod:Spade2","PokerPlayerMod:BadJoker"],"score":765,"play_id":"f71ca498-2a6a-4b02-84c5-b81f7e4431b3","local_time":"20210113040900","is_ascension_mode":false,"metric_token":734,"campfire_choices":[{"data":"PokerPlayerMod:Spade3","floor":6.0,"key":"SMITH"},{"data":"PokerPlayerMod:Club3","floor":8.0,"key":"SMITH"},{"data":"PokerPlayerMod:Diamond3","floor":10.0,"key":"SMITH"},{"data":"PokerPlayerMod:ClubShade","floor":12.0,"key":"SMITH"},{"data":"PokerPlayerMod:Heart2","floor":15.0,"key":"SMITH"},{"data":"PokerPlayerMod:Heart3","floor":23.0,"key":"SMITH"},{"floor":27.0,"key":"RECALL"},{"data":"PokerPlayerMod:Diamond5","floor":32.0,"key":"SMITH"},{"data":"PokerPlayerMod:TrumpStrike","floor":41.0,"key":"SMITH"},{"data":"PokerPlayerMod:StackedDeck","floor":44.0,"key":"SMITH"},{"data":"PokerPlayerMod:Club4","floor":46.0,"key":"SMITH"},{"data":"PokerPlayerMod:Club4","floor":49.0,"key":"SMITH"},{"data":"PokerPlayerMod:DiamondStrike","floor":52.0,"key":"SMITH"}],"circlet_count":0,"master_deck":["PokerPlayerMod:Diamond4","PokerPlayerMod:Diamond4","PokerPlayerMod:Diamond6","PokerPlayerMod:Spade1","PokerPlayerMod:Spade4","PokerPlayerMod:Spade4","PokerPlayerMod:Club1","PokerPlayerMod:Club5","PokerPlayerMod:Heart4","PokerPlayerMod:TrumpStrike+1","PokerPlayerMod:ClubShade+1","PokerPlayerMod:Club6","PokerPlayerMod:Spade7","PokerPlayerMod:StackedDeck+1","PokerPlayerMod:Club5","PokerPlayerMod:DiamondStrike+1","PokerPlayerMod:Spade7","PokerPlayerMod:DiamondStrike","PokerPlayerMod:Raise+1","PokerPlayerMod:Club5"],"relics":["PokerPlayerMod:DeckCase","REME_ComplimentaryCards","Ginger","PokerPlayerMod:AceCard","PokerPlayerMod:EnergeticBat","CaptainsWheel","Ancient Tea Set","Tiny House","Frozen Eye","Gambling Chip","Akabeko","PokerPlayerMod:ClubPass","Oddly Smooth Stone","Replay:Baseball","Replay:Bottled Snecko"],"acts_visited":["Exordium","TheCity","TheBeyond","TheEnding"],"potions_floor_usage":[55],"damage_taken":[{"damage":0.0,"enemies":"Cultist","floor":1.0,"turns":4.0},{"damage":0.0,"enemies":"2 Louse","floor":3.0,"turns":2.0},{"damage":3.0,"enemies":"Small Slimes","floor":5.0,"turns":3.0},{"damage":0.0,"enemies":"Gremlin Gang","floor":11.0,"turns":2.0},{"damage":6.0,"enemies":"Lagavulin","floor":13.0,"turns":4.0},{"damage":0.0,"enemies":"Blue Slaver","floor":14.0,"turns":2.0},{"damage":0.0,"enemies":"Slime Boss","floor":16.0,"turns":6.0},{"damage":0.0,"enemies":"Spheric Guardian","floor":18.0,"turns":3.0},{"damage":1.0,"enemies":"Chosen","floor":19.0,"turns":4.0},{"damage":4.0,"enemies":"Shelled Parasite and Fungi","floor":22.0,"turns":4.0},{"damage":5.0,"enemies":"Slavers","floor":24.0,"turns":3.0},{"damage":0.0,"enemies":"Snake Plant","floor":25.0,"turns":3.0},{"damage":0.0,"enemies":"Snecko","floor":29.0,"turns":4.0},{"damage":0.0,"enemies":"Centurion and Healer","floor":31.0,"turns":3.0},{"damage":0.0,"enemies":"Collector","floor":33.0,"turns":9.0},{"damage":0.0,"enemies":"3 Shapes","floor":35.0,"turns":1.0},{"damage":0.0,"enemies":"Mind Bloom Boss Battle","floor":37.0,"turns":5.0},{"damage":60.0,"enemies":"Nemesis","floor":40.0,"turns":7.0},{"damage":0.0,"enemies":"Orb Walker","floor":42.0,"turns":2.0},{"damage":0.0,"enemies":"Maw","floor":47.0,"turns":4.0},{"damage":2.0,"enemies":"Writhing Mass","floor":48.0,"turns":3.0},{"damage":31.0,"enemies":"Time Eater","floor":50.0,"turns":10.0},{"damage":8.0,"enemies":"Shield and Spear","floor":54.0,"turns":3.0},{"damage":63,"enemies":"The Heart","floor":55,"turns":6}],"seed_played":"-7847529041439811403","potions_obtained":[{"floor":1.0,"key":"LifebloodPotion"},{"floor":11.0,"key":"Energy Potion"},{"floor":16.0,"key":"ColorlessPotion"},{"floor":19.0,"key":"Cursed Concoction"},{"floor":34.0,"key":"Flashbang"}],"is_trial":false,"path_per_floor":["M","$","M","?","M","R","?","R","T","R","M","R","E","M","R","B",null,"M","M","$","?","M","R","E","M","T","R","?","M","?","M","R","B",null,"M","$","?","?","?","E","R","M","T","R","$","R","M","M","R","B",null,"R","$","E","B"],"character_chosen":"THE_POKER_PLAYER","items_purchased":["Frozen Eye","Replay:Baseball","Adrenaline Potion"],"campfire_rested":0,"item_purchase_floors":[36,45,53],"current_hp_per_floor":[52,52,52,52,51,51,51,51,51,51,52,52,46,51,51,52,52,52,52,52,52,48,48,47,52,52,52,52,52,52,52,52,52,57,57,57,57,57,57,11,11,25,25,25,25,25,35,43,43,26,57,57,57,49,0,0,0],"gold":41,"neow_bonus":"REMOVE_CARD","is_daily":false,"chose_seed":false,"campfire_upgraded":12,"win_rate":0.0,"timestamp":1610478540,"path_taken":["M","$","M","?","M","R","?","R","T","R","M","R","E","M","R","BOSS","M","?","$","?","?","R","E","M","T","R","?","M","?","M","R","BOSS","M","$","?","?","?","E","R","?","T","R","?","R","M","M","R","BOSS","R","$","E","BOSS"],"items_purchased_type":["Relic","Relic","Potion"],"build_version":"2020-12-22","purchased_purges":4,"victory":false,"max_hp_per_floor":[52,52,52,52,52,52,52,52,52,52,52,52,52,52,52,52,52,52,52,52,52,52,52,52,52,52,52,52,52,52,52,52,52,57,57,57,57,57,57,57,57,57,57,57,57,57,57,57,57,57,57,57,57,57,57,57,57],"card_choices":[{"not_picked":["PokerPlayerMod:Manipulation","PokerPlayerMod:Raise"],"picked":"PokerPlayerMod:ClubShade","floor":1.0},{"not_picked":["PokerPlayerMod:Diamond5","PokerPlayerMod:CloakAndDiamond"],"picked":"PokerPlayerMod:Club6","floor":3.0},{"not_picked":["PokerPlayerMod:ClubShade","PokerPlayerMod:Diamond4","PokerPlayerMod:Club2"],"picked":"SKIP","floor":5.0},{"not_picked":["PokerPlayerMod:Club1","PokerPlayerMod:Spade1","PokerPlayerMod:Spade2"],"picked":"SKIP","floor":11.0},{"not_picked":["PokerPlayerMod:Diamond3","PokerPlayerMod:Diamond8","PokerPlayerMod:HotShotCut"],"picked":"SKIP","floor":13.0},{"not_picked":["PokerPlayerMod:ClubDance","PokerPlayerMod:FlyingCard"],"picked":"PokerPlayerMod:Spade6","floor":14.0},{"not_picked":["PokerPlayerMod:Diamond9","PokerPlayerMod:VarietyAttack"],"picked":"PokerPlayerMod:StackedDeck","floor":16.0},{"not_picked":["PokerPlayerMod:Spade2","PokerPlayerMod:CloakAndDiamond"],"picked":"PokerPlayerMod:Club4","floor":18.0},{"not_picked":["PokerPlayerMod:Overdeal","PokerPlayerMod:MagicTrick","PokerPlayerMod:Diamond2"],"picked":"SKIP","floor":19.0},{"not_picked":["PokerPlayerMod:Spade5","PokerPlayerMod:PoorCopy","PokerPlayerMod:Diamond3"],"picked":"SKIP","floor":22.0},{"not_picked":["PokerPlayerMod:DiamondStrike","PokerPlayerMod:Configure","PokerPlayerMod:Diamond2"],"picked":"SKIP","floor":24.0},{"not_picked":["PokerPlayerMod:DiamondStrike","PokerPlayerMod:Configure","PokerPlayerMod:Diamond2"],"picked":"SKIP","floor":24.0},{"not_picked":["PokerPlayerMod:Raise","PokerPlayerMod:Heart5"],"picked":"PokerPlayerMod:Spade4","floor":25.0},{"not_picked":["PokerPlayerMod:Heart5","PokerPlayerMod:Diamond3","PokerPlayerMod:Club2"],"picked":"SKIP","floor":29.0},{"not_picked":["PokerPlayerMod:Spade4","PokerPlayerMod:HotShotCut"],"picked":"PokerPlayerMod:DiamondStrike","floor":31.0},{"not_picked":["PokerPlayerMod:Diamond8","PokerPlayerMod:Heart10+"],"picked":"PokerPlayerMod:Spade7","floor":33.0},{"not_picked":["PokerPlayerMod:SpadeStrike","PokerPlayerMod:Spade4"],"picked":"PokerPlayerMod:DiamondStrike","floor":34.0},{"not_picked":["PokerPlayerMod:MagicTrick","PokerPlayerMod:Fold"],"picked":"PokerPlayerMod:Raise+1","floor":35.0},{"not_picked":["PokerPlayerMod:StackedDeck","PokerPlayerMod:Configure+1","PokerPlayerMod:Raise+1"],"picked":"SKIP","floor":40.0},{"not_picked":["PokerPlayerMod:SpadeStrike+1","PokerPlayerMod:DartThrow","PokerPlayerMod:Raise+1"],"picked":"SKIP","floor":42.0},{"not_picked":["PokerPlayerMod:Club3","PokerPlayerMod:Diamond6"],"picked":"PokerPlayerMod:Club5","floor":47.0},{"not_picked":["PokerPlayerMod:HeartStrike","PokerPlayerMod:CardBurn","PokerPlayerMod:SpadeStrike+1"],"picked":"SKIP","floor":48.0},{"not_picked":["PokerPlayerMod:MagicTrick","PokerPlayerMod:DartThrow+1","PokerPlayerMod:Trickery"],"picked":"SKIP","floor":54.0}],"player_experience":182399,"relics_obtained":[{"floor":13.0,"key":"Ginger"},{"floor":24.0,"key":"PokerPlayerMod:EnergeticBat"},{"floor":26.0,"key":"CaptainsWheel"},{"floor":37.0,"key":"Gambling Chip"},{"floor":40.0,"key":"PokerPlayerMod:ClubPass"},{"floor":43.0,"key":"Oddly Smooth Stone"},{"floor":54.0,"key":"Replay:Bottled Snecko"}],"event_choices":[{"damage_healed":0.0,"max_hp_gain":0.0,"max_hp_loss":0.0,"gold_gain":0.0,"event_name":"Upgrade Shrine","player_choice":"Upgraded","floor":7.0,"gold_loss":0.0,"damage_taken":0.0,"cards_upgraded":["PokerPlayerMod:Club3"]},{"damage_healed":0.0,"max_hp_gain":0.0,"max_hp_loss":0.0,"gold_gain":0.0,"event_name":"The Woman in Blue","player_choice":"Bought 0 Potions","floor":21.0,"gold_loss":0.0,"damage_taken":0.0},{"damage_healed":0.0,"max_hp_gain":0.0,"max_hp_loss":0.0,"gold_gain":99.0,"event_name":"Nest","player_choice":"Stole From Cult","floor":30.0,"gold_loss":0.0,"damage_taken":0.0},{"damage_healed":0.0,"max_hp_gain":0.0,"max_hp_loss":0.0,"gold_gain":0.0,"event_name":"MindBloom","player_choice":"Fight","floor":37.0,"gold_loss":0.0,"damage_taken":0.0},{"damage_healed":0.0,"max_hp_gain":0.0,"max_hp_loss":0.0,"gold_gain":0.0,"event_name":"Tomb of Lord Red Mask","player_choice":"Ignored","floor":38.0,"gold_loss":0.0,"damage_taken":0.0},{"cards_removed":["PokerPlayerMod:Spade4"],"damage_healed":0.0,"max_hp_gain":0.0,"max_hp_loss":0.0,"gold_gain":0.0,"event_name":"WeMeetAgain","player_choice":"Gave Card","floor":39.0,"gold_loss":0.0,"damage_taken":0.0,"relics_obtained":["Akabeko"]}],"is_beta":false,"boss_relics":[{"not_picked":["ReplayTheSpireMod:DimensionalGlitch","Replay:Ancient Bell"],"picked":"PokerPlayerMod:AceCard"},{"not_picked":["REME_LowDesire","Calling Bell"],"picked":"Tiny House"}],"items_purged_floors":[2,20,36,45],"is_endless":false,"potions_floor_spawned":[1,11,16,19,25,31,37,42,54],"killed_by":"The Heart","ascension_level":0}}