{"host":"qgrlfjrqk9z96gfi","time":1610489194,"event":{"mods":["BaseMod","Block Reminder","Colored Map","DeckTracker","Minty Spire (QoL Compilation)"],"gold_per_floor":[110,110,128,1,20,20,37,65,120,120,135,49,68,94,94,169,169,179,159,176,176,176,207,207,235,235,253,253,253,253],"floor_reached":29,"language":"ENG","playtime":866,"items_purged":["Strike_G"],"score":546,"play_id":"18baf48a-154f-4132-aaf9-4895b59265c2","local_time":"20210112120634","is_ascension_mode":true,"campfire_choices":[{"data":"Cloak And Dagger","floor":6.0,"key":"SMITH"},{"data":"Bouncing Flask","floor":10,"key":"SMITH"},{"data":"Footwork","floor":15,"key":"SMITH"},{"data":"Wraith Form v2","floor":24,"key":"SMITH"},{"data":"Footwork","floor":28,"key":"SMITH"}],"circlet_count":0,"master_deck":["AscendersBane","Strike_G","Strike_G","Strike_G","Strike_G","Defend_G","Defend_G","Defend_G","Defend_G","Defend_G","Survivor","Neutralize+1","PiercingWail","Blade Dance","Cloak And Dagger+1","Blade Dance","Bouncing Flask+1","Doppelganger","Footwork+1","Backstab","Dagger Spray","Wraith Form v2+1","Deadly Poison+1","Caltrops","Blur","Backflip","Footwork+1"],"relics":["Coffee Dripper","Ninja Scroll","Blood Vial","SlaversCollar","Bronze Scales","PreservedInsect","MealTicket"],"acts_visited":["Exordium","TheCity"],"potions_floor_usage":[16,18,18,23,25,29,29],"damage_taken":[{"damage":0.0,"enemies":"Jaw Worm","floor":1.0,"turns":4.0},{"damage":0.0,"enemies":"Cultist","floor":3.0,"turns":5.0},{"damage":0.0,"enemies":"Small Slimes","floor":5.0,"turns":3.0},{"damage":6.0,"enemies":"Blue Slaver","floor":7.0,"turns":4.0},{"damage":16.0,"enemies":"Gremlin Nob","floor":8.0,"turns":4.0},{"damage":16,"enemies":"Exordium Thugs","floor":11,"turns":4},{"damage":0,"enemies":"2 Fungi Beasts","floor":13,"turns":3},{"damage":10,"enemies":"Lagavulin","floor":14,"turns":6},{"damage":6,"enemies":"Hexaghost","floor":16,"turns":9},{"damage":12,"enemies":"2 Thieves","floor":18,"turns":5},{"damage":27,"enemies":"Spheric Guardian","floor":20,"turns":5},{"damage":3,"enemies":"Book of Stabbing","floor":23,"turns":5},{"damage":16,"enemies":"Slavers","floor":25,"turns":6},{"damage":17,"enemies":"Shelled Parasite and Fungi","floor":27,"turns":6},{"damage":7,"enemies":"Snake Plant","floor":29,"turns":1}],"seed_played":"7537014878645805464","potions_obtained":[{"floor":1.0,"key":"PowerPotion"},{"floor":5.0,"key":"GamblersBrew"},{"floor":14,"key":"SteroidPotion"},{"floor":16,"key":"Regen Potion"},{"floor":18,"key":"ColorlessPotion"},{"floor":19,"key":"Weak Potion"},{"floor":23,"key":"Swift Potion"},{"floor":27,"key":"SteroidPotion"}],"is_trial":false,"path_per_floor":["M","?","M","$","M","R","M","E","T","R","M","$","M","E","R","B",null,"M","?","M","?","?","E","R","E","T","M","R","M"],"character_chosen":"THE_SILENT","items_purchased":["Cloak And Dagger","Backstab"],"campfire_rested":0,"item_purchase_floors":[4,12],"current_hp_per_floor":[59,59,59,59,59,59,53,37,37,37,21,21,21,11,11,7,51,56,56,31,31,31,30,30,16,16,1,1,0,0],"gold":253,"neow_bonus":"BOSS_RELIC","is_daily":false,"chose_seed":false,"campfire_upgraded":5,"win_rate":0.0,"timestamp":1610489194,"path_taken":["M","?","M","$","?","R","M","E","T","R","M","$","M","E","R","BOSS","M","?","?","?","?","E","R","E","T","M","R","M"],"items_purchased_type":["Card","Card"],"build_version":"2020-12-22","purchased_purges":1,"victory":false,"max_hp_per_floor":[66,66,66,66,66,66,66,66,66,66,66,66,66,66,66,66,66,66,66,66,66,66,66,66,66,66,66,66,66,66],"card_choices":[{"not_picked":["Setup","Outmaneuver"],"picked":"PiercingWail","floor":1.0},{"not_picked":["Cloak And Dagger","Tactician"],"picked":"Blade Dance","floor":3.0},{"not_picked":["Acrobatics","Cloak And Dagger"],"picked":"Blade Dance","floor":5.0},{"not_picked":["Bane","Outmaneuver"],"picked":"Bouncing Flask","floor":7.0},{"not_picked":["Bouncing Flask","Catalyst"],"picked":"Doppelganger","floor":8.0},{"not_picked":["Flying Knee","Sucker Punch"],"picked":"Footwork","floor":11},{"not_picked":["Poisoned Stab","Choke"],"picked":"Dagger Spray","floor":13},{"not_picked":["Endless Agony","Quick Slash","Dagger Throw"],"picked":"SKIP","floor":14},{"not_picked":["Unload","Burst"],"picked":"Wraith Form v2","floor":16},{"not_picked":["Tactician","Sucker Punch"],"picked":"Deadly Poison+1","floor":18},{"not_picked":["Deflect","PiercingWail"],"picked":"Caltrops","floor":20},{"not_picked":["Deflect","Acrobatics"],"picked":"Blur","floor":23},{"not_picked":["Reflex","Skewer"],"picked":"Backflip","floor":25},{"not_picked":["Deflect","Flying Knee"],"picked":"Footwork","floor":27}],"player_experience":1000516,"relics_obtained":[{"floor":8.0,"key":"Ninja Scroll"},{"floor":14,"key":"Blood Vial"},{"floor":23,"key":"Bronze Scales"},{"floor":25,"key":"PreservedInsect"},{"floor":26,"key":"MealTicket"}],"event_choices":[{"damage_healed":0.0,"max_hp_gain":0.0,"max_hp_loss":0.0,"gold_gain":0.0,"event_name":"Upgrade Shrine","player_choice":"Upgraded","floor":2.0,"gold_loss":0.0,"damage_taken":0.0,"cards_upgraded":["Neutralize"]},{"damage_healed":0,"gold_gain":0,"player_choice":"Bought 1 Potion","damage_taken":0,"max_hp_gain":0,"max_hp_loss":0,"event_name":"The Woman in Blue","floor":19,"gold_loss":0},{"damage_healed":0,"gold_gain":0,"player_choice":"Ignored","damage_taken":0,"max_hp_gain":0,"max_hp_loss":0,"event_name":"The Mausoleum","floor":21,"gold_loss":0},{"damage_healed":0,"gold_gain":0,"player_choice":"Ignored","damage_taken":0,"max_hp_gain":0,"max_hp_loss":0,"event_name":"Cursed Tome","floor":22,"gold_loss":0}],"is_beta":false,"boss_relics":[{"not_picked":["Philosopher\u0027s Stone","Velvet Choker"],"picked":"SlaversCollar"}],"items_purged_floors":[4],"is_endless":false,"potions_floor_spawned":[1,5,14,16,18,23,27],"killed_by":"Snake Plant","ascension_level":20}}