{"host":"pivahb1bacxk2eup","time":1610431199,"event":{"mods":["AchievementEnabler","BaseMod","Colored Map","Colored Powertips","Downfall","Hermit","Hero for Fun","Hubris","Jedi Mod","Jorbs\u0027s Wanderer Trilogy","Lobotomy","Marisa????????","Minty Spire (QoL Compilation)","Remilia??????","StSLib","The Alterego","The Animator","The Construct","The Hierophant","The Runesmith","The Servant 0.9.4","TheBandit","TheFirefly","Yuri Mod","thorton"],"gold_per_floor":[99,99,199,199,199,199,199,299,362,17,2,34,34,48,58,58,58],"floor_reached":16,"playtime":1028,"items_purged":[],"score":96,"play_id":"499db78a-7263-4dfb-8ded-0726116c4aaa","local_time":"20210112005959","is_ascension_mode":false,"campfire_choices":[{"data":"construct:AttackMode","floor":1,"key":"SMITH"},{"data":"construct:Isolate","floor":6,"key":"SMITH"},{"data":"construct:PointDefense","floor":13,"key":"SMITH"}],"circlet_count":0,"master_deck":["construct:Strike_Gold","construct:Strike_Gold","construct:Strike_Gold","construct:Strike_Gold","construct:Strike_Gold","construct:Defend_Gold","construct:Defend_Gold","construct:Defend_Gold","construct:Defend_Gold","construct:Defend_Gold","construct:AttackMode+1","construct:DefenseMode","construct:OmegaCannon","construct:Isolate+1","construct:PointDefense+1","construct:ModeShift","construct:Autoturret","construct:Forcefield","construct:SiegeForm","construct:Zapper","construct:ElectricArmor","construct:ModeShift"],"relics":["construct:Cogwheel","downfall:HeartsMalice","downfall:CloakOfManyFaces","CultistMask","FaceOfCleric","NlothsMask","GremlinMask","SsserpentHead","Lee\u0027s Waffle","MealTicket","Potion Belt"],"acts_visited":["Exordium"],"potions_floor_usage":[9,16,16,16],"damage_taken":[{"damage":0,"enemies":"Jaw Worm","floor":2,"turns":1},{"damage":0,"enemies":"2 Louse","floor":4,"turns":1},{"damage":0,"enemies":"Cultist","floor":5,"turns":1},{"damage":14,"enemies":"downfall:FaceTrader","floor":8,"turns":8},{"damage":19,"enemies":"Exordium Thugs","floor":9,"turns":4},{"damage":0,"enemies":"downfall:FleeingMerchant","floor":10,"turns":4},{"damage":0,"enemies":"downfall:FleeingMerchant","floor":11,"turns":4},{"damage":15,"enemies":"Lagavulin","floor":12,"turns":5},{"damage":18,"enemies":"Blue Slaver","floor":14,"turns":3},{"damage":10,"enemies":"Large Slime","floor":15,"turns":5},{"damage":57,"enemies":"downfall:Defect","floor":16,"turns":5}],"seed_played":"-2137297994691106296","potions_obtained":[{"floor":8,"key":"SkillPotion"},{"floor":9,"key":"EssenceOfSteel"},{"floor":14,"key":"Explosive Potion"},{"floor":15,"key":"construct:MegaPotion"}],"is_trial":false,"path_per_floor":["R","M","?","M","M","R","T","?","M","$","$","E","R","M","M","B"],"character_chosen":"THE_CONSTRUCT_MOD","items_purchased":["construct:Autoturret","Lee\u0027s Waffle","MealTicket","construct:Forcefield"],"campfire_rested":0,"item_purchase_floors":[10,10,10,10],"current_hp_per_floor":[85,85,85,85,85,85,85,71,53,94,95,81,81,64,55,0,0],"gold":58,"neow_bonus":"THREE_ENEMY_KILL","is_daily":false,"chose_seed":false,"campfire_upgraded":3,"win_rate":0.0,"timestamp":1610431199,"path_taken":["R","M","?","M","M","R","T","?","?","?","$","E","R","M","M","BOSS"],"items_purchased_type":["Card","Relic","Relic","Card"],"build_version":"2020-12-22","purchased_purges":0,"victory":false,"max_hp_per_floor":[85,85,85,85,85,85,85,85,86,94,95,96,96,97,98,98,98],"card_choices":[{"not_picked":["construct:Analyze","construct:ShiftGuard"],"picked":"construct:OmegaCannon","floor":2},{"not_picked":["construct:FierceBash","construct:Disrupt"],"picked":"construct:Isolate","floor":4},{"not_picked":["construct:Tumble","construct:Analyze"],"picked":"construct:PointDefense","floor":5},{"not_picked":["construct:MetalShell","construct:FlakBarrage"],"picked":"construct:ModeShift","floor":8},{"not_picked":["construct:Impenetrable","construct:Overcharge","construct:SweepLaser"],"picked":"SKIP","floor":9},{"not_picked":["construct:HardReboot","construct:SuppressiveFire","construct:HeavyBolt"],"picked":"SKIP","floor":10},{"not_picked":["construct:Forcefield","construct:Isolate"],"picked":"construct:SiegeForm","floor":11},{"not_picked":["construct:VentSteam","construct:ScrapCannon"],"picked":"construct:Zapper","floor":12},{"not_picked":["construct:ShiftStrike","construct:ForceCore"],"picked":"construct:ElectricArmor","floor":14},{"not_picked":["construct:Analyze","construct:Construct_Overclock"],"picked":"construct:ModeShift","floor":15}],"player_experience":528138,"relics_obtained":[{"floor":8,"key":"downfall:CloakOfManyFaces"},{"floor":12,"key":"Potion Belt"}],"event_choices":[],"is_beta":false,"boss_relics":[],"items_purged_floors":[],"is_endless":false,"potions_floor_spawned":[8,9,14,15],"killed_by":"downfall:Defect","ascension_level":0}}