{"host":"3bmixpcp66vorgem","time":1610487485,"event":{"mods":["AchievementEnabler","BaseMod","JesterMod","Minty Spire (QoL Compilation)","Slay the Relics Exporter","StSLib"],"gold_per_floor":[115,40,56,56,5,5,30,30,30,30,48,62,74,91,91,192,192,210,220,220,237,255,267,267,329,400,375,375,425,435,0,0,100,100,119,135,153,203,253,253,253],"floor_reached":40,"language":"FRA","playtime":1811,"items_purged":["jesterMod:Strike","jesterMod:Defend"],"score":609,"play_id":"9e7efa44-2338-4fe8-ab85-53e8da869c06","local_time":"20210112223805","is_ascension_mode":true,"campfire_choices":[{"data":"jesterMod:Precipitation","floor":6,"key":"SMITH"},{"data":"jesterMod:Sickle","floor":8,"key":"SMITH"},{"data":"jesterMod:Disposophobia","floor":15,"key":"SMITH"},{"floor":24,"key":"REST"},{"floor":28,"key":"REST"},{"data":"jesterMod:Disposophobia","floor":32,"key":"SMITH"}],"circlet_count":0,"master_deck":["jesterMod:Sickle+1","jesterMod:Defend","jesterMod:Defend","jesterMod:Dodge","jesterMod:Prankster","jesterMod:Precipitation+1","jesterMod:Prankster","jesterMod:Disposophobia+1","jesterMod:BouncingKnife","jesterMod:Disposophobia+1","jesterMod:SelfMockery+1","jesterMod:Prankster","jesterMod:Precipitation","jesterMod:Precipitation","jesterMod:Precipitation+1"],"relics":["jesterMod:JesterCap","Ancient Tea Set","Mercury Hourglass","Gremlin Horn","Empty Cage","SsserpentHead","Singing Bowl","Bag of Preparation","Lantern","jesterMod:LoadedDice"],"acts_visited":["Exordium","TheCity","TheBeyond"],"potions_floor_usage":[13,19,21,36,36,40],"damage_taken":[{"damage":1,"enemies":"2 Louse","floor":1,"turns":3},{"damage":2,"enemies":"Cultist","floor":3,"turns":5},{"damage":0,"enemies":"Lagavulin","floor":7,"turns":4},{"damage":0,"enemies":"Small Slimes","floor":11,"turns":2},{"damage":6,"enemies":"Looter","floor":12,"turns":3},{"damage":5,"enemies":"2 Fungi Beasts","floor":13,"turns":2},{"damage":6,"enemies":"3 Louse","floor":14,"turns":2},{"damage":1,"enemies":"The Guardian","floor":16,"turns":6},{"damage":0,"enemies":"3 Byrds","floor":18,"turns":2},{"damage":9,"enemies":"2 Thieves","floor":19,"turns":2},{"damage":14,"enemies":"Centurion and Healer","floor":21,"turns":3},{"damage":18,"enemies":"3 Cultists","floor":22,"turns":3},{"damage":21,"enemies":"Snake Plant","floor":23,"turns":3},{"damage":8,"enemies":"Cultist and Chosen","floor":25,"turns":3},{"damage":8,"enemies":"Shelled Parasite and Fungi","floor":30,"turns":3},{"damage":0,"enemies":"Collector","floor":33,"turns":2},{"damage":32,"enemies":"Orb Walker","floor":35,"turns":3},{"damage":5,"enemies":"3 Darklings","floor":36,"turns":2},{"damage":33,"enemies":"Jaw Worm Horde","floor":37,"turns":3},{"damage":4,"enemies":"Reptomancer","floor":40,"turns":1}],"seed_played":"4758048652352175670","potions_obtained":[{"floor":1,"key":"Weak Potion"},{"floor":11,"key":"Energy Potion"},{"floor":12,"key":"DistilledChaos"},{"floor":22,"key":"EssenceOfSteel"},{"floor":25,"key":"BlessingOfTheForge"},{"floor":30,"key":"LiquidBronze"},{"floor":35,"key":"EssenceOfSteel"},{"floor":37,"key":"DistilledChaos"}],"is_trial":false,"path_per_floor":["M","$","M","?","$","R","E","R","T","$","M","M","M","M","R","B",null,"M","M","?","M","M","M","R","M","T","?","R","?","M","$","R","B",null,"M","M","M","?","?","E"],"character_chosen":"THE_JESTER","items_purchased":["jesterMod:Prankster","Bag of Preparation","jesterMod:Precipitation","Lantern"],"campfire_rested":2,"item_purchase_floors":[5,31,31,31],"current_hp_per_floor":[69,69,67,67,67,67,67,67,67,67,67,61,56,50,50,49,65,65,56,56,42,24,3,24,16,16,16,37,60,54,54,54,56,70,38,35,4,4,4,0,0],"gold":253,"neow_bonus":"RANDOM_COMMON_RELIC","is_daily":false,"chose_seed":false,"campfire_upgraded":4,"win_rate":0.0,"timestamp":1610487485,"path_taken":["M","$","M","?","?","R","E","R","T","$","M","M","M","M","R","BOSS","M","M","?","M","M","M","R","?","T","?","R","?","M","$","R","BOSS","M","M","M","?","?","E"],"items_purchased_type":["Card","Relic","Card","Relic"],"build_version":"2020-12-22","purchased_purges":2,"victory":false,"max_hp_per_floor":[70,70,70,70,70,70,70,70,70,70,70,70,70,70,70,70,70,70,70,70,70,70,70,70,70,70,70,70,70,72,72,72,74,74,74,76,78,74,74,74,74],"card_choices":[{"not_picked":["jesterMod:FlameDance","jesterMod:Patience"],"picked":"jesterMod:Prankster","floor":1},{"not_picked":["jesterMod:FlameDance","jesterMod:BouncingKnife"],"picked":"jesterMod:Precipitation","floor":3},{"not_picked":["jesterMod:JackInTheBox","jesterMod:SmokeScreen","jesterMod:Feint"],"picked":"SKIP","floor":7},{"not_picked":["jesterMod:Anticipation","jesterMod:ButterKnife","jesterMod:Feint"],"picked":"SKIP","floor":11},{"not_picked":["jesterMod:Tinker","jesterMod:TrickyDodge"],"picked":"jesterMod:Disposophobia","floor":12},{"not_picked":["jesterMod:Swiftness","jesterMod:Procrastination","jesterMod:PerfectDodge"],"picked":"SKIP","floor":13},{"not_picked":["jesterMod:JackInTheBox","jesterMod:Dilapidation","jesterMod:Pause"],"picked":"SKIP","floor":14},{"not_picked":["jesterMod:RecklessStrike","jesterMod:Tinker","jesterMod:SmokeScreen"],"picked":"SKIP","floor":18},{"not_picked":["jesterMod:RecklessStrike+1","jesterMod:HitAndRun+1"],"picked":"jesterMod:BouncingKnife","floor":19},{"not_picked":["jesterMod:Feint","jesterMod:Hide+1"],"picked":"jesterMod:Disposophobia","floor":21},{"not_picked":["jesterMod:Disposophobia","jesterMod:Arrythmia"],"picked":"jesterMod:SelfMockery+1","floor":22},{"not_picked":["jesterMod:Pause","jesterMod:SelfMockery"],"picked":"jesterMod:Prankster","floor":23},{"not_picked":["jesterMod:ButterKnife","jesterMod:Rebuff"],"picked":"jesterMod:Precipitation","floor":25},{"not_picked":["jesterMod:OblivionStrike","jesterMod:BouncingKnife","jesterMod:DesperateStrike+1"],"picked":"Singing Bowl","floor":30},{"not_picked":["jesterMod:ButterflyDance","jesterMod:Juggle","jesterMod:Squander"],"picked":"Singing Bowl","floor":33},{"not_picked":["jesterMod:Tinker+1","jesterMod:DanceOfChaos"],"picked":"jesterMod:Precipitation+1","floor":35},{"not_picked":["jesterMod:LightTheWick","jesterMod:JackInTheBox","jesterMod:Tinker"],"picked":"Singing Bowl","floor":36},{"not_picked":["jesterMod:Pause+1","jesterMod:ButterKnife+1","jesterMod:Feint"],"picked":"Singing Bowl","floor":37}],"player_experience":2244443,"relics_obtained":[{"floor":7,"key":"Mercury Hourglass"},{"floor":9,"key":"Gremlin Horn"},{"floor":26,"key":"Singing Bowl"}],"event_choices":[{"cards_removed":["jesterMod:Strike"],"damage_healed":0,"gold_gain":0,"player_choice":"Offered Basic","damage_taken":0,"max_hp_gain":0,"max_hp_loss":0,"event_name":"Bonfire Elementals","floor":4,"gold_loss":0},{"damage_healed":0,"gold_gain":0,"player_choice":"Trade","damage_taken":0,"relics_obtained":["SsserpentHead"],"max_hp_gain":0,"max_hp_loss":0,"event_name":"FaceTrader","floor":20,"gold_loss":0},{"cards_removed":["jesterMod:Defend"],"damage_healed":0,"gold_gain":0,"player_choice":"Gave Gold","damage_taken":0,"max_hp_gain":0,"max_hp_loss":0,"event_name":"Beggar","floor":27,"gold_loss":75},{"damage_healed":23,"gold_gain":0,"player_choice":"Heal","damage_taken":0,"max_hp_gain":0,"max_hp_loss":0,"event_name":"The Library","floor":29,"gold_loss":0},{"damage_healed":0,"gold_gain":0,"player_choice":"Max HP","damage_taken":0,"max_hp_gain":0,"max_hp_loss":4,"event_name":"Winding Halls","floor":38,"gold_loss":0},{"damage_healed":0,"gold_gain":0,"player_choice":"Ignored","damage_taken":0,"max_hp_gain":0,"max_hp_loss":0,"event_name":"Tomb of Lord Red Mask","floor":39,"gold_loss":0}],"is_beta":false,"boss_relics":[{"not_picked":["Runic Dome","Philosopher\u0027s Stone"],"picked":"Empty Cage"},{"not_picked":["jesterMod:MachoBrace","Velvet Choker"],"picked":"jesterMod:LoadedDice"}],"items_purged_floors":[2,31],"is_endless":false,"potions_floor_spawned":[1,11,12,22,25,30,33,35,37],"killed_by":"Reptomancer","ascension_level":5}}