{"host":"refsn2q8at3dn95k","time":1610489305,"event":{"mods":["BaseMod","Hubris","Infinite Spire","Minty Spire (QoL Compilation)","Replay The Spire","StSLib","The Jungle"],"gold_per_floor":[162,181,195,209,227,227,259,259,259,259,273,273,303,313,313,413,413,427,441,441,441,441],"floor_reached":21,"language":"ENG","playtime":1606,"items_purged":[],"score":299,"play_id":"b9082b0b-65a0-401a-8ca0-6e313b26cf4c","local_time":"20210112160825","is_ascension_mode":true,"campfire_choices":[{"floor":6,"key":"REST"},{"floor":8,"key":"REST"},{"floor":10,"key":"REST"},{"floor":15,"key":"REST"}],"circlet_count":0,"master_deck":["AscendersBane","Strike_B","Strike_B","Strike_B","Strike_B","Defend_B","Defend_B","Defend_B","Zap","Dualcast+1","hubris:Ukulele","hubris:Ukulele","Ball Lightning","Ball Lightning","Conserve Battery","Conserve Battery"],"relics":["Tiny House","infinitespire:BottledMercury","hubris:MysteriousPyramids","SacredBark"],"acts_visited":["Exordium","TheCity"],"potions_floor_usage":[4,13,16,18,18],"damage_taken":[{"damage":6,"enemies":"Jaw Worm","floor":1,"turns":4},{"damage":1,"enemies":"Cultist","floor":2,"turns":4},{"damage":22,"enemies":"Small Slimes","floor":3,"turns":4},{"damage":6,"enemies":"Exordium Wildlife","floor":4,"turns":4},{"damage":6,"enemies":"Looter","floor":5,"turns":2},{"damage":35,"enemies":"Lagavulin","floor":7,"turns":4},{"damage":16,"enemies":"Exordium Thugs","floor":11,"turns":5},{"damage":20,"enemies":"3 Sentries","floor":13,"turns":4},{"damage":14,"enemies":"3 Louse","floor":14,"turns":2},{"damage":32,"enemies":"Hexaghost","floor":16,"turns":7},{"damage":14,"enemies":"3 Byrds","floor":18,"turns":4},{"damage":23,"enemies":"2 Thieves","floor":19,"turns":4},{"damage":31,"enemies":"3 Cultists","floor":21,"turns":3}],"seed_played":"5782901998902935075","potions_obtained":[{"floor":0,"key":"DuplicationPotion"},{"floor":3,"key":"LiquidBronze"},{"floor":5,"key":"Elixir"},{"floor":13,"key":"FearPotion"},{"floor":16,"key":"Cursed Concoction"},{"floor":18,"key":"LiquidBronze"}],"is_trial":false,"path_per_floor":["M","M","M","M","M","R","E","R","T","R","M","?","E","M","R","B",null,"M","M","?","M"],"character_chosen":"DEFECT","items_purchased":[],"campfire_rested":4,"item_purchase_floors":[],"current_hp_per_floor":[67,66,44,38,32,56,21,45,45,69,53,53,33,19,43,11,63,49,26,26,0,0],"gold":441,"neow_bonus":"BOSS_RELIC","is_daily":false,"chose_seed":false,"campfire_upgraded":0,"win_rate":0.0,"timestamp":1610489305,"path_taken":["M","M","M","M","M","R","E","R","T","R","M","?","E","?","R","BOSS","M","M","?","?"],"items_purchased_type":[],"build_version":"2020-12-22","purchased_purges":0,"victory":false,"max_hp_per_floor":[80,80,80,80,80,80,80,80,80,80,80,80,80,80,80,80,80,80,80,80,80,80],"card_choices":[{"not_picked":["BasicCrystalCard","Turbo"],"picked":"hubris:Ukulele","floor":1},{"not_picked":["Hologram","Undo","Barrage"],"picked":"SKIP","floor":2},{"not_picked":["Redo","Skim"],"picked":"hubris:Ukulele","floor":3},{"not_picked":["Double Energy","Steam"],"picked":"Ball Lightning","floor":4},{"not_picked":["Lockon","Panic Button","Darkness"],"picked":"SKIP","floor":5},{"not_picked":["Streamline","Core Surge","Steam"],"picked":"SKIP","floor":7},{"not_picked":["Compile Driver","Rebound"],"picked":"Ball Lightning","floor":11},{"not_picked":["Ball Lightning","Aggregate","Panic Button"],"picked":"SKIP","floor":13},{"not_picked":["Compile Driver","Rebound"],"picked":"Conserve Battery","floor":14},{"not_picked":["BootSequence","Cold Snap","Conserve Battery"],"picked":"SKIP","floor":18},{"not_picked":["Auto Shields","Redo"],"picked":"Conserve Battery","floor":19}],"player_experience":1630128,"relics_obtained":[{"floor":7,"key":"infinitespire:BottledMercury"},{"floor":13,"key":"hubris:MysteriousPyramids"}],"event_choices":[{"damage_healed":0,"gold_gain":0,"player_choice":"Got Potions","damage_taken":0,"max_hp_gain":0,"max_hp_loss":0,"event_name":"Lab","floor":12,"gold_loss":0},{"cards_removed":["Defend_B"],"damage_healed":0,"gold_gain":0,"player_choice":"Card Removal","damage_taken":0,"max_hp_gain":0,"max_hp_loss":0,"event_name":"Wheel of Change","floor":20,"gold_loss":0}],"is_beta":false,"boss_relics":[{"not_picked":["Replay:Drink Me","Replay:Bronze Core"],"picked":"SacredBark"}],"items_purged_floors":[],"is_endless":false,"potions_floor_spawned":[3,5,13,16,18],"killed_by":"3 Cultists","ascension_level":11}}