{"host":"52m1o8iwwagurbjs","time":1610464725,"event":{"mods":["AchievementEnabler","BaseMod","Bestiary","Colored Powertips","GifTheSpireLib","Minty Spire (QoL Compilation)","Quick Restart","RNG Fix","Relic Stats","StSLib"],"gold_per_floor":[209,43,55,55,55,55,86,154,179,193,228,266,19,19,19,112,112,126,52,26,76,76,76,120,144,144,144,144,187,0,14,14,107,107,120,140,159,219,219,219,242,242,242,261,261,301,26,26,26,26,26],"floor_reached":50,"playtime":1868,"items_purged":["Strike_G","Strike_G"],"score":1074,"play_id":"6d7d00e7-ce9b-4856-9661-8a7d571cda35","local_time":"20210112101845","is_ascension_mode":true,"campfire_choices":[{"data":"Dagger Spray","floor":6.0,"key":"SMITH"},{"data":"Poisoned Stab","floor":15.0,"key":"SMITH"},{"floor":23.0,"key":"REST"},{"floor":27.0,"key":"REST"},{"floor":32.0,"key":"REST"},{"data":"Wraith Form v2","floor":40.0,"key":"SMITH"},{"data":"Well Laid Plans","floor":42.0,"key":"SMITH"},{"data":"Envenom","floor":45.0,"key":"SMITH"},{"data":"Neutralize","floor":49.0,"key":"SMITH"}],"circlet_count":0,"master_deck":["AscendersBane","Defend_G","Defend_G","Defend_G","Defend_G","Defend_G","Survivor","Neutralize+1","Dagger Spray+1","Backflip","Poisoned Stab+1","Blur+1","Quick Slash","Deflect+1","Leg Sweep+1","Die Die Die","Venomology+1","Corpse Explosion+1","Bouncing Flask+1","Crippling Poison+1","Acrobatics+1","Prepared+1","Calculated Gamble+1","Noxious Fumes","Deadly Poison+1","Envenom+1","Cloak And Dagger+1","Terror+1","PiercingWail+1","Wraith Form v2+1","Well Laid Plans+1"],"relics":["Ring of the Snake","ClockworkSouvenir","Golden Idol","Toxic Egg 2","HornCleat","Bag of Preparation","Odd Mushroom","Omamori","Astrolabe","Enchiridion","Shuriken","Oddly Smooth Stone","Ginger","Cursed Key","Prayer Wheel","Bottled Flame","Pantograph"],"acts_visited":["Exordium","TheCity","TheBeyond"],"potions_floor_usage":[50,50],"damage_taken":[{"damage":7.0,"enemies":"Small Slimes","floor":1.0,"turns":3.0},{"damage":2.0,"enemies":"Jaw Worm","floor":3.0,"turns":5.0},{"damage":17.0,"enemies":"3 Sentries","floor":7.0,"turns":5.0},{"damage":0.0,"enemies":"Cultist","floor":10.0,"turns":3.0},{"damage":0.0,"enemies":"The Mushroom Lair","floor":11.0,"turns":4.0},{"damage":25.0,"enemies":"Gremlin Nob","floor":12.0,"turns":5.0},{"damage":25.0,"enemies":"Hexaghost","floor":16.0,"turns":13.0},{"damage":6.0,"enemies":"3 Byrds","floor":18.0,"turns":3.0},{"damage":18.0,"enemies":"Book of Stabbing","floor":24.0,"turns":5.0},{"damage":0.0,"enemies":"Spheric Guardian","floor":25.0,"turns":3.0},{"damage":28.0,"enemies":"Gremlin Leader","floor":29.0,"turns":6.0},{"damage":0.0,"enemies":"Centurion and Healer","floor":31.0,"turns":5.0},{"damage":26.0,"enemies":"Automaton","floor":33.0,"turns":11.0},{"damage":0.0,"enemies":"3 Darklings","floor":35.0,"turns":3.0},{"damage":0.0,"enemies":"Orb Walker","floor":36.0,"turns":4.0},{"damage":14.0,"enemies":"Jaw Worm Horde","floor":37.0,"turns":3.0},{"damage":5.0,"enemies":"2 Orb Walkers","floor":38.0,"turns":3.0},{"damage":20.0,"enemies":"Maw","floor":41.0,"turns":7.0},{"damage":4.0,"enemies":"Transient","floor":44.0,"turns":6.0},{"damage":5.0,"enemies":"Giant Head","floor":46.0,"turns":8.0},{"damage":40,"enemies":"Donu and Deca","floor":50,"turns":6}],"seed_played":"4415382546924715437","potions_obtained":[{"floor":1.0,"key":"AttackPotion"},{"floor":3.0,"key":"Explosive Potion"},{"floor":4.0,"key":"EntropicBrew"},{"floor":11.0,"key":"LiquidBronze"},{"floor":18.0,"key":"Poison Potion"},{"floor":35.0,"key":"Regen Potion"},{"floor":38.0,"key":"Poison Potion"},{"floor":44.0,"key":"BlessingOfTheForge"},{"floor":46.0,"key":"Energy Potion"}],"is_trial":false,"path_per_floor":["M","$","M","?","?","R","E","T","T","M","?","E","$","?","R","B",null,"M","$","$","?","?","R","E","M","T","R","?","E","$","M","R","B",null,"M","M","M","?","?","R","M","R","T","M","R","E","$","$","R","B"],"character_chosen":"THE_SILENT","items_purchased":["ClockworkSouvenir","Leg Sweep+1","Die Die Die","Crippling Poison+1","Acrobatics+1","Noxious Fumes","Pantograph"],"campfire_rested":3,"item_purchase_floors":[2,13,13,19,20,30,47],"current_hp_per_floor":[52,52,50,50,50,50,33,33,33,33,33,8,8,28,28,3,46,40,40,40,40,19,37,19,19,19,37,37,9,9,9,27,1,45,45,50,36,31,60,60,40,40,40,36,36,31,31,31,31,16,16],"gold":26,"neow_bonus":"HUNDRED_GOLD","is_daily":false,"chose_seed":false,"campfire_upgraded":6,"win_rate":0.0,"timestamp":1610464725,"path_taken":["M","$","M","?","?","R","E","?","T","M","?","E","$","?","R","BOSS","M","?","$","?","?","R","E","?","T","R","?","E","$","M","R","BOSS","M","M","?","?","?","R","M","R","T","M","R","E","?","$","R","BOSS"],"items_purchased_type":["Relic","Card","Card","Card","Card","Card","Relic"],"build_version":"2020-12-22","purchased_purges":2,"victory":false,"max_hp_per_floor":[66,66,66,66,60,60,60,60,60,60,60,60,60,60,60,60,60,60,60,60,60,60,60,60,60,60,60,60,60,60,60,60,60,60,60,60,60,60,60,60,60,60,60,60,60,60,60,60,60,60,60],"relic_stats":{"counters":[21,111],"Golden Idol":139,"Shuriken":[8],"Astrolabe":["Bouncing Flask","Corpse Explosion","Bouncing Flask"],"Pantograph":25,"Prayer Wheel":2,"Bag of Preparation":[36],"Ginger":[6],"Cursed Key":1,"obtain_stats":[{"Golden Idol":5,"Astrolabe":17,"Enchiridion":22,"Oddly Smooth Stone":26,"Bag of Preparation":9,"Omamori":12,"Ginger":29,"Odd Mushroom":11,"Cursed Key":34,"ClockworkSouvenir":2,"Bottled Flame":46,"HornCleat":8,"Shuriken":24,"Pantograph":47,"Prayer Wheel":38,"Toxic Egg 2":7,"Ring of the Snake":0},{"Golden Idol":2,"Astrolabe":7,"Enchiridion":8,"Oddly Smooth Stone":10,"Bag of Preparation":3,"Omamori":6,"Ginger":11,"Odd Mushroom":5,"Cursed Key":13,"ClockworkSouvenir":1,"Bottled Flame":20,"HornCleat":3,"Shuriken":9,"Pantograph":20,"Prayer Wheel":17,"Toxic Egg 2":3,"Ring of the Snake":0},{"Golden Idol":8,"Astrolabe":38,"Enchiridion":41,"Oddly Smooth Stone":49,"Bag of Preparation":13,"Omamori":25,"Ginger":55,"Odd Mushroom":20,"Cursed Key":71,"ClockworkSouvenir":3,"Bottled Flame":105,"HornCleat":13,"Shuriken":46,"Pantograph":105,"Prayer Wheel":84,"Toxic Egg 2":13,"Ring of the Snake":0}],"Ring of the Snake":[42]},"card_choices":[{"not_picked":["Underhanded Strike","Bane"],"picked":"Dagger Spray","floor":1.0},{"not_picked":["Calculated Gamble","Prepared"],"picked":"Backflip","floor":3.0},{"not_picked":["Sucker Punch","Skewer"],"picked":"Poisoned Stab","floor":7.0},{"not_picked":["Quick Slash","Poisoned Stab"],"picked":"Blur+1","floor":10.0},{"not_picked":["Dagger Throw","Backstab"],"picked":"Quick Slash","floor":11.0},{"not_picked":["Expertise+1","Terror+1"],"picked":"Deflect+1","floor":12.0},{"not_picked":["Tools of the Trade","Unload"],"picked":"Venomology+1","floor":16.0},{"not_picked":["Finisher","Masterful Stab","Backstab"],"picked":"SKIP","floor":18.0},{"not_picked":["Choke","Expertise+1"],"picked":"Prepared+1","floor":24.0},{"not_picked":["Bane","Accuracy"],"picked":"Calculated Gamble+1","floor":25.0},{"not_picked":["Endless Agony","Acrobatics+1","Outmaneuver+1"],"picked":"SKIP","floor":29.0},{"not_picked":["Finisher","Slice"],"picked":"Deadly Poison+1","floor":31.0},{"not_picked":["Unload","A Thousand Cuts"],"picked":"Envenom","floor":33.0},{"not_picked":["Calculated Gamble+1","Distraction+1"],"picked":"Cloak And Dagger+1","floor":35.0},{"not_picked":["Terror+1","Predator","Dash"],"picked":"SKIP","floor":36.0},{"not_picked":["Predator","Dash"],"picked":"Terror+1","floor":36.0},{"not_picked":["Dagger Spray","Prepared+1"],"picked":"PiercingWail+1","floor":37.0},{"not_picked":["Underhanded Strike","Cloak And Dagger+1"],"picked":"Wraith Form v2","floor":38.0},{"not_picked":["Deflect+1","Dagger Throw"],"picked":"Well Laid Plans","floor":41.0},{"not_picked":["Flying Knee+1","Dagger Spray","Quick Slash+1"],"picked":"SKIP","floor":41.0},{"not_picked":["Distraction+1","Finisher","Masterful Stab+1"],"picked":"SKIP","floor":44.0},{"not_picked":["Blade Dance+1","Dagger Throw","Poisoned Stab"],"picked":"SKIP","floor":44.0},{"not_picked":["Outmaneuver+1","Flying Knee+1","Concentrate+1"],"picked":"SKIP","floor":46.0}],"player_experience":1112393,"relics_obtained":[{"floor":7.0,"key":"Toxic Egg 2"},{"floor":8.0,"key":"HornCleat"},{"floor":9.0,"key":"Bag of Preparation"},{"floor":11.0,"key":"Odd Mushroom"},{"floor":12.0,"key":"Omamori"},{"floor":22.0,"key":"Enchiridion"},{"floor":24.0,"key":"Shuriken"},{"floor":26.0,"key":"Oddly Smooth Stone"},{"floor":29.0,"key":"Ginger"},{"floor":38.0,"key":"Prayer Wheel"},{"floor":46.0,"key":"Bottled Flame"}],"event_choices":[{"damage_healed":0.0,"max_hp_gain":0.0,"max_hp_loss":0.0,"gold_gain":0.0,"event_name":"Lab","player_choice":"Got Potions","floor":4.0,"gold_loss":0.0,"damage_taken":0.0},{"damage_healed":0.0,"max_hp_gain":0.0,"max_hp_loss":6.0,"gold_gain":0.0,"event_name":"Golden Idol","player_choice":"Lose Max HP","floor":5.0,"gold_loss":0.0,"damage_taken":0.0,"relics_obtained":["Golden Idol"]},{"damage_healed":0.0,"max_hp_gain":0.0,"max_hp_loss":0.0,"gold_gain":0.0,"event_name":"Mushrooms","player_choice":"Fought Mushrooms","floor":11.0,"gold_loss":0.0,"damage_taken":0.0},{"damage_healed":20.0,"max_hp_gain":0.0,"max_hp_loss":0.0,"gold_gain":0.0,"event_name":"Big Fish","player_choice":"Banana","floor":14.0,"gold_loss":0.0,"damage_taken":0.0},{"damage_healed":0.0,"max_hp_gain":0.0,"max_hp_loss":0.0,"gold_gain":50.0,"event_name":"Nest","player_choice":"Stole From Cult","floor":21.0,"gold_loss":0.0,"damage_taken":0.0},{"damage_healed":0.0,"max_hp_gain":0.0,"max_hp_loss":0.0,"gold_gain":0.0,"event_name":"Cursed Tome","player_choice":"Obtained Book","floor":22.0,"gold_loss":0.0,"damage_taken":21.0},{"damage_healed":0.0,"max_hp_gain":0.0,"max_hp_loss":0.0,"gold_gain":0.0,"event_name":"The Mausoleum","player_choice":"Ignored","floor":28.0,"gold_loss":0.0,"damage_taken":0.0},{"damage_healed":0.0,"max_hp_gain":0.0,"max_hp_loss":0.0,"gold_gain":0.0,"event_name":"Mysterious Sphere","player_choice":"Fight","floor":38.0,"gold_loss":0.0,"damage_taken":0.0},{"cards_removed":["Bouncing Flask"],"damage_healed":29.0,"max_hp_gain":0.0,"max_hp_loss":0.0,"gold_gain":0.0,"event_name":"Bonfire Elementals","player_choice":"Offered Uncommon","floor":39.0,"gold_loss":0.0,"damage_taken":0.0}],"is_beta":false,"boss_relics":[{"not_picked":["Calling Bell","Ectoplasm"],"picked":"Astrolabe"},{"not_picked":["Pandora\u0027s Box","Runic Pyramid"],"picked":"Cursed Key"}],"items_purged_floors":[13,30],"is_endless":false,"potions_floor_spawned":[1,3,11,18,31,35,38,44,46],"killed_by":"Donu and Deca","ascension_level":20}}