{"host":"wyyab92ltzc7szqr","time":1610453827,"event":{"mods":["Aspiration","BaseMod","Better Altar","Better Match","Better Note","Better Sensory Stone","Better Synergies","Better Third Choice","Conspire","Googly Eyes","Hubris","Infinite Spire","Mimic Mod","Minty Spire (QoL Compilation)","Quick Restart","Replay The Spire","StSLib","SuperFastMode","The Blue Laboratory","everything is the same but u backflip on backflip"],"gold_per_floor":[111,6,6,6,19,45,45,71,94,124,124,144,44,18,18,122,122,139,32,74,115,131,166,178,178,178],"floor_reached":25,"playtime":1798,"items_purged":[],"score":253,"play_id":"c12755b0-02ea-4b13-a834-ed8b53fd4241","local_time":"20210112121707","is_ascension_mode":true,"campfire_choices":[{"floor":7.0,"key":"REST"},{"floor":11.0,"key":"REST"},{"floor":15.0,"key":"REST"}],"circlet_count":0,"master_deck":["Strike_P+3","Strike_P+1","Strike_P","Strike_P","Defend_P","Defend_P+2","Defend_P","Defend_P","Eruption","FlyingSleeves+1","EmptyBody","EmptyBody+1","Perseverance","Bash","Prostrate","LikeWater","MentalFortress","LessonLearned","Wallop+1","Ghostly","Wish","FlurryOfBlows","TalkToTheHand","Protect","CrushJoints","JustLucky+1","EmptyFist","Crescendo+1","Replay:Hum"],"relics":["Ice Cream","hubris:Icosahedron","Replay:M_SmolderingBlood","Simple Rune","Pen Nib","Toy Ornithopter","ReplayTheSpireMod:TigerMarble","betterThird:SlimedRelic","VioletLotus","infinitespire:Satchel"],"acts_visited":["Exordium","TheCity"],"potions_floor_usage":[25,25],"damage_taken":[{"damage":0.0,"enemies":"Cultist","floor":1.0,"turns":2.0},{"damage":0.0,"enemies":"2 Louse","floor":5.0,"turns":3.0},{"damage":38.0,"enemies":"3 Sentries","floor":6.0,"turns":18.0},{"damage":22.0,"enemies":"Gremlin Nob","floor":8.0,"turns":4.0},{"damage":9.0,"enemies":"3 Sentries","floor":10.0,"turns":14.0},{"damage":0.0,"enemies":"Small Slimes","floor":12.0,"turns":5.0},{"damage":68.0,"enemies":"Fading Forest","floor":16.0,"turns":11.0},{"damage":19.0,"enemies":"2 Thieves","floor":18.0,"turns":4.0},{"damage":27.0,"enemies":"Spheric Guardian","floor":20.0,"turns":13.0},{"damage":0.0,"enemies":"Centurion and Healer","floor":21.0,"turns":13.0},{"damage":15.0,"enemies":"Snecko","floor":22.0,"turns":9.0},{"damage":9.0,"enemies":"Book of Stabbing","floor":23.0,"turns":12.0},{"damage":33.0,"enemies":"Sentry and Sphere","floor":24.0,"turns":12.0},{"damage":14,"enemies":"Gremlin Leader","floor":25,"turns":4}],"seed_played":"8910401275088221870","potions_obtained":[{"floor":8.0,"key":"FairyPotion"},{"floor":10.0,"key":"Energy Potion"},{"floor":22.0,"key":"blueLaboratory:NullPotion"},{"floor":24.0,"key":"FearPotion"}],"is_trial":false,"path_per_floor":["M","$","?","?","M","E","R","E","T","E","R","M","?","?","R","B",null,"M","$","M","M","M","E","M","E"],"character_chosen":"WATCHER","items_purchased":["EmptyBody","Perseverance","TalkToTheHand","Protect"],"campfire_rested":3,"item_purchase_floors":[2,2,19,19],"current_hp_per_floor":[51,51,51,51,51,13,34,12,12,8,29,29,29,18,39,17,72,56,56,29,29,14,5,3,0,0],"gold":178,"neow_bonus":"ONE_RARE_RELIC","is_daily":false,"chose_seed":false,"campfire_upgraded":0,"win_rate":0.0,"timestamp":1610453827,"path_taken":["M","$","?","?","M","E","R","E","T","E","R","M","?","?","R","BOSS","M","$","M","M","M","E","M","E"],"items_purchased_type":["Card","Card","Card","Card"],"build_version":"2020-12-22","purchased_purges":0,"victory":false,"max_hp_per_floor":[72,72,72,72,72,72,72,72,72,72,72,72,72,72,72,72,72,72,72,72,72,72,72,75,75,75],"card_choices":[{"not_picked":["ClearTheMind","Consecrate"],"picked":"FlyingSleeves","floor":1.0},{"not_picked":["Evaluate","ClearTheMind"],"picked":"Prostrate","floor":5.0},{"not_picked":["FlyingSleeves","PathToVictory"],"picked":"LikeWater","floor":6.0},{"not_picked":["Meditate","FollowUp"],"picked":"MentalFortress","floor":8.0},{"not_picked":["Study","Halt"],"picked":"LessonLearned","floor":10.0},{"not_picked":["Consecrate","ClearTheMind"],"picked":"Wallop","floor":12.0},{"not_picked":["DevaForm","Omniscience"],"picked":"Wish","floor":16.0},{"not_picked":["Nirvana","JustLucky"],"picked":"FlurryOfBlows","floor":18.0},{"not_picked":["WreathOfFlame","Protect"],"picked":"CrushJoints","floor":20.0},{"not_picked":["Weave+1","CrushJoints+1"],"picked":"JustLucky+1","floor":21.0},{"not_picked":["Meditate","CrushJoints"],"picked":"EmptyFist","floor":22.0},{"not_picked":["Replay:Vibes","Conclude+1"],"picked":"Crescendo+1","floor":23.0},{"not_picked":["FlurryOfBlows","FollowUp"],"picked":"Replay:Hum","floor":24.0}],"player_experience":605490,"relics_obtained":[{"floor":6.0,"key":"Simple Rune"},{"floor":8.0,"key":"Pen Nib"},{"floor":9.0,"key":"Toy Ornithopter"},{"floor":10.0,"key":"ReplayTheSpireMod:TigerMarble"},{"floor":23.0,"key":"infinitespire:Satchel"}],"event_choices":[{"damage_healed":0.0,"max_hp_gain":0.0,"max_hp_loss":0.0,"gold_gain":0.0,"event_name":"conspire:LoneGhost","player_choice":"Argue","floor":13.0,"gold_loss":0.0,"damage_taken":0.0},{"damage_healed":0.0,"max_hp_gain":0.0,"max_hp_loss":0.0,"gold_gain":0.0,"event_name":"betterThird:BetterGoop","player_choice":"Slimed","floor":14.0,"gold_loss":26.0,"damage_taken":11.0}],"is_beta":false,"boss_relics":[{"not_picked":["Ectoplasm","Replay:Ancient Bell"],"picked":"VioletLotus"}],"items_purged_floors":[],"is_endless":false,"potions_floor_spawned":[8,10,22,24],"killed_by":"Gremlin Leader","ascension_level":1}}