{"host":"2qv44oxt58ptq59r","time":1610464207,"event":{"mods":["AchievementEnabler","BaseMod","Colored Powertips","Highlight Path","Minty Spire (QoL Compilation)","Permanent Neow","StSLib"],"gold_per_floor":[116,168,168,24,24,59,59,69,141,29,29,55,55,7,7,102,102,122,138,138,150,164,177,177,192,192,141,155,155,5,20,20,124,124,141,141,25,37,37,37,37,55,55,75,75,75],"floor_reached":45,"playtime":17613,"items_purged":[],"score":473,"play_id":"7cc87d3d-a18c-4646-9a88-6e052850fba7","local_time":"20210112151007","is_ascension_mode":false,"campfire_choices":[{"floor":7.0,"key":"REST"},{"data":"Bash","floor":15.0,"key":"SMITH"},{"data":"Limit Break","floor":24.0,"key":"SMITH"},{"floor":32.0,"key":"REST"}],"circlet_count":0,"master_deck":["Strike_R+1","Strike_R+1","Defend_R","Pommel Strike","Metallicize","Clothesline","Intimidate","Inflame","Blood for Blood","Impervious","Limit Break+1","Heavy Blade+1","Body Slam+1","Whirlwind","Reaper","Limit Break+1","Exhume+1","Brutality+1","Panacea","Metallicize","Uppercut+1","Metallicize","Pommel Strike+1"],"relics":["Burning Blood","Omamori","Lantern","Bag of Preparation","Ornamental Fan","Unceasing Top","Orichalcum","Empty Cage","Astrolabe","Dead Branch"],"acts_visited":["Exordium","TheCity","TheBeyond"],"potions_floor_usage":[44,44,45],"damage_taken":[{"damage":6.0,"enemies":"Cultist","floor":1.0,"turns":3.0},{"damage":20.0,"enemies":"3 Sentries","floor":6.0,"turns":11.0},{"damage":6.0,"enemies":"2 Louse","floor":8.0,"turns":2.0},{"damage":24.0,"enemies":"Gremlin Nob","floor":12.0,"turns":5.0},{"damage":20.0,"enemies":"The Guardian","floor":16.0,"turns":10.0},{"damage":9.0,"enemies":"Shell Parasite","floor":18.0,"turns":7.0},{"damage":3.0,"enemies":"3 Byrds","floor":19.0,"turns":8.0},{"damage":6.0,"enemies":"Snake Plant","floor":21.0,"turns":5.0},{"damage":20.0,"enemies":"Shelled Parasite and Fungi","floor":22.0,"turns":7.0},{"damage":12.0,"enemies":"Chosen and Byrds","floor":23.0,"turns":5.0},{"damage":35.0,"enemies":"3 Cultists","floor":25.0,"turns":8.0},{"damage":22.0,"enemies":"Shelled Parasite and Fungi","floor":28.0,"turns":5.0},{"damage":11.0,"enemies":"Centurion and Healer","floor":31.0,"turns":5.0},{"damage":53.0,"enemies":"Champ","floor":33.0,"turns":10.0},{"damage":12.0,"enemies":"3 Darklings","floor":35.0,"turns":6.0},{"damage":25.0,"enemies":"Orb Walker","floor":38.0,"turns":6.0},{"damage":39.0,"enemies":"Jaw Worm Horde","floor":42.0,"turns":8.0},{"damage":50,"enemies":"Spire Growth","floor":44,"turns":7},{"damage":18,"enemies":"Sphere and 2 Shapes","floor":45,"turns":2}],"seed_played":"2712405544029293449","potions_obtained":[{"floor":1.0,"key":"DuplicationPotion"},{"floor":8.0,"key":"PowerPotion"},{"floor":12.0,"key":"ElixirPotion"},{"floor":19.0,"key":"BloodPotion"},{"floor":21.0,"key":"SkillPotion"},{"floor":42.0,"key":"ColorlessPotion"},{"floor":44,"key":"ColorlessPotion"}],"is_trial":false,"path_per_floor":["M","T","?","$","?","E","R","M","T","$","?","E","?","$","R","B",null,"M","M","?","M","M","M","R","M","T","$","M","?","$","M","R","B",null,"M","?","$","M","?","?","?","M","T","M","M"],"character_chosen":"IRONCLAD","items_purchased":["Lantern","Inflame","Blood for Blood","PowerPotion","Energy Potion","Fruit Juice","ColorlessPotion","Metallicize","PowerPotion"],"campfire_rested":2,"item_purchase_floors":[4,10,10,14,27,30,30,37,37],"current_hp_per_floor":[80,80,73,73,57,43,67,67,67,67,55,37,57,57,57,43,80,77,80,80,80,66,60,60,31,31,31,31,31,31,31,56,9,85,79,79,79,66,66,66,66,41,41,9,0,0],"gold":75,"neow_bonus":"THREE_CARDS","is_daily":false,"chose_seed":false,"campfire_upgraded":2,"win_rate":0.0,"timestamp":1610464207,"path_taken":["M","?","?","$","?","E","R","M","T","$","?","E","?","?","R","BOSS","M","M","?","M","M","M","R","M","T","$","M","?","?","?","R","BOSS","M","?","$","M","?","?","?","M","T","M","?"],"items_purchased_type":["Relic","Card","Card","Potion","Potion","Potion","Potion","Card","Potion"],"build_version":"2020-12-22","purchased_purges":0,"victory":false,"max_hp_per_floor":[80,80,80,80,80,80,80,80,80,80,80,80,80,80,80,80,80,80,80,80,80,80,80,80,80,80,80,80,80,80,85,85,85,85,85,85,85,85,85,85,85,85,85,85,85,85],"card_choices":[{"not_picked":["Twin Strike","Dropkick"],"picked":"Pommel Strike","floor":0.0},{"not_picked":["Ghostly Armor","Entrench"],"picked":"Metallicize","floor":1.0},{"not_picked":["Heavy Blade","Sword Boomerang"],"picked":"Clothesline","floor":6.0},{"not_picked":["Perfected Strike","Wild Strike"],"picked":"Intimidate","floor":8.0},{"not_picked":["Wild Strike","Flex"],"picked":"Impervious","floor":12.0},{"not_picked":["Juggernaut","Double Tap"],"picked":"Limit Break","floor":16.0},{"not_picked":["Perfected Strike","Iron Wave+1","Armaments"],"picked":"SKIP","floor":18.0},{"not_picked":["Pummel","Clash+1","Entrench"],"picked":"SKIP","floor":19.0},{"not_picked":["Pommel Strike","Havoc","Clash"],"picked":"SKIP","floor":21.0},{"not_picked":["Seeing Red+1","Body Slam"],"picked":"Heavy Blade+1","floor":22.0},{"not_picked":["Body Slam","Havoc","Perfected Strike+1"],"picked":"SKIP","floor":23.0},{"not_picked":["Cleave","Dark Embrace"],"picked":"Body Slam+1","floor":25.0},{"not_picked":["Cleave","Limit Break"],"picked":"Whirlwind","floor":28.0},{"not_picked":["Anger+1","Cleave","Entrench+1"],"picked":"SKIP","floor":31.0},{"not_picked":["Brutality","Double Tap"],"picked":"Reaper","floor":33.0},{"not_picked":["Body Slam+1","Flex","Iron Wave"],"picked":"SKIP","floor":35.0},{"not_picked":["Magnetism","Enlightenment"],"picked":"Panacea","floor":36.0},{"not_picked":["Wild Strike+1","Armaments+1"],"picked":"Uppercut+1","floor":38.0},{"not_picked":["Body Slam","Sever Soul"],"picked":"Pommel Strike+1","floor":42.0},{"not_picked":["Rampage+1","Battle Trance","Warcry"],"picked":"SKIP","floor":44}],"player_experience":5288588,"relics_obtained":[{"floor":2.0,"key":"Omamori"},{"floor":6.0,"key":"Bag of Preparation"},{"floor":9.0,"key":"Ornamental Fan"},{"floor":12.0,"key":"Orichalcum"},{"floor":43.0,"key":"Dead Branch"}],"event_choices":[{"cards_removed":["Strike_R"],"damage_healed":0.0,"max_hp_gain":0.0,"max_hp_loss":0.0,"gold_gain":0.0,"event_name":"Golden Wing","player_choice":"Card Removal","floor":3.0,"gold_loss":0.0,"damage_taken":7.0},{"damage_healed":0.0,"max_hp_gain":0.0,"max_hp_loss":0.0,"gold_gain":0.0,"event_name":"Shining Light","player_choice":"Entered Light","floor":5.0,"gold_loss":0.0,"damage_taken":16.0,"cards_upgraded":["Strike_R","Strike_R"]},{"damage_healed":0.0,"max_hp_gain":0.0,"max_hp_loss":0.0,"gold_gain":0.0,"event_name":"Scrap Ooze","player_choice":"Success","floor":11.0,"gold_loss":0.0,"damage_taken":12.0,"relics_obtained":["Unceasing Top"]},{"damage_healed":20.0,"max_hp_gain":0.0,"max_hp_loss":0.0,"gold_gain":0.0,"event_name":"Mushrooms","player_choice":"Healed and dodged fight","floor":13.0,"gold_loss":0.0,"damage_taken":0.0,"cards_obtained":["Parasite"]},{"damage_healed":0.0,"max_hp_gain":0.0,"max_hp_loss":0.0,"gold_gain":0.0,"event_name":"Beggar","player_choice":"Ignored","floor":20.0,"gold_loss":0.0,"damage_taken":0.0},{"damage_healed":0.0,"max_hp_gain":0.0,"max_hp_loss":0.0,"gold_gain":0.0,"event_name":"Vampires","player_choice":"Ignored","floor":29.0,"gold_loss":0.0,"damage_taken":0.0},{"damage_healed":0.0,"max_hp_gain":0.0,"max_hp_loss":0.0,"gold_gain":0.0,"event_name":"SensoryStone","player_choice":"Memory 1","floor":36.0,"gold_loss":0.0,"damage_taken":0.0},{"damage_healed":0.0,"max_hp_gain":0.0,"max_hp_loss":0.0,"gold_gain":0.0,"event_name":"Mysterious Sphere","player_choice":"Ignored","floor":39.0,"gold_loss":0.0,"damage_taken":0.0},{"cards_removed":["Bash"],"damage_healed":0.0,"max_hp_gain":0.0,"max_hp_loss":0.0,"gold_gain":0.0,"event_name":"Falling","player_choice":"Removed Attack","floor":40.0,"gold_loss":0.0,"damage_taken":0.0},{"damage_healed":0.0,"max_hp_gain":0.0,"max_hp_loss":0.0,"gold_gain":0.0,"event_name":"Duplicator","player_choice":"Copied","floor":41.0,"gold_loss":0.0,"damage_taken":0.0,"cards_obtained":["Metallicize"]}],"is_beta":false,"boss_relics":[{"not_picked":["Philosopher\u0027s Stone","Mark of Pain"],"picked":"Empty Cage"},{"not_picked":["Cursed Key","Runic Pyramid"],"picked":"Astrolabe"}],"items_purged_floors":[],"is_endless":false,"potions_floor_spawned":[1,8,12,18,19,21,42,44],"killed_by":"Sphere and 2 Shapes","ascension_level":0}}