{"host":"w3q5ijqu8eoknil3","time":1610413791,"event":{"mods":["AchievementEnabler","BaseMod","Block Reminder","Colored Powertips","Curses Come First","Minty Spire (QoL Compilation)","Quick Restart","Relic Stats","StSLib","ojb\u0027s Better Paths Mod","ojb\u0027s Info Mod","slay the spire mod where everything is the same but ironclad has a cowboy hat"],"gold_per_floor":[110,122,122,122,137,137,137,166,236,252,262,296,307,65,65,143,143,159,74,84,284,42,42,42,42],"floor_reached":24,"playtime":841,"items_purged":["Strike_G"],"score":391,"play_id":"680ec059-b1bb-4420-a9a0-31bc81457c7c","local_time":"20210112010951","is_ascension_mode":true,"campfire_choices":[{"floor":7,"key":"REST"},{"floor":15,"key":"RECALL"},{"floor":23,"key":"REST"}],"circlet_count":0,"master_deck":["AscendersBane","Strike_G","Defend_G+1","Defend_G","Defend_G+1","Defend_G","Defend_G","Survivor+1","Neutralize","Blade Dance+1","Dash","Deflect","Deadly Poison","Venomology","Unload","Flying Knee","Noxious Fumes","Corpse Explosion","Bouncing Flask+1","Backflip+1","Setup+1","All Out Attack","Burst"],"relics":["Fusion Hammer","War Paint","Bag of Marbles","Bronze Scales","Astrolabe","Singing Bowl"],"acts_visited":["Exordium","TheCity"],"potions_floor_usage":[11,12,12,12,12,16,18,18,20,24,24,24],"damage_taken":[{"damage":0,"enemies":"2 Louse","floor":1,"turns":4},{"damage":0,"enemies":"Jaw Worm","floor":2,"turns":5},{"damage":1,"enemies":"Small Slimes","floor":5,"turns":3},{"damage":17,"enemies":"3 Sentries","floor":8,"turns":9},{"damage":0,"enemies":"Red Slaver","floor":10,"turns":3},{"damage":3,"enemies":"Gremlin Gang","floor":11,"turns":2},{"damage":12,"enemies":"Lagavulin","floor":12,"turns":7},{"damage":0,"enemies":"Exordium Wildlife","floor":13,"turns":3},{"damage":23,"enemies":"Hexaghost","floor":16,"turns":9},{"damage":22,"enemies":"Spheric Guardian","floor":18,"turns":5},{"damage":16,"enemies":"2 Thieves","floor":20,"turns":3},{"damage":67,"enemies":"Book of Stabbing","floor":24,"turns":4}],"seed_played":"-2695907086461307339","potions_obtained":[{"floor":1,"key":"SteroidPotion"},{"floor":8,"key":"Explosive Potion"},{"floor":12,"key":"Fruit Juice"},{"floor":16,"key":"SpeedPotion"},{"floor":20,"key":"Fruit Juice"}],"is_trial":false,"path_per_floor":["M","M","?","?","M","?","R","E","T","M","M","E","M","$","R","B",null,"M","?","M","?","$","R","E"],"character_chosen":"THE_SILENT","items_purchased":["Bronze Scales","Noxious Fumes","Burst"],"campfire_rested":2,"item_purchase_floors":[14,14,22],"current_hp_per_floor":[59,59,59,39,38,43,64,47,47,47,44,52,52,52,52,29,64,51,51,37,37,37,60,0,0],"gold":42,"neow_bonus":"BOSS_RELIC","is_daily":false,"chose_seed":false,"campfire_upgraded":0,"win_rate":0.0,"timestamp":1610413791,"path_taken":["M","M","?","?","M","?","R","E","T","?","M","E","M","$","R","BOSS","M","?","M","?","$","R","E"],"items_purchased_type":["Relic","Card","Card"],"build_version":"2020-12-22","purchased_purges":1,"victory":false,"max_hp_per_floor":[66,66,66,66,66,71,71,71,71,71,71,76,76,76,76,76,76,76,76,78,78,78,78,83,83],"relic_stats":{"Singing Bowl":2,"counters":[12,57],"Bronze Scales":[84],"Astrolabe":["Bouncing Flask","Backflip","Setup"],"War Paint":["Defend_G","Survivor"],"obtain_stats":[{"Singing Bowl":19,"Bronze Scales":14,"Astrolabe":17,"Fusion Hammer":0,"Bag of Marbles":12,"War Paint":8,"Ring of the Snake":0},{"Singing Bowl":10,"Bronze Scales":8,"Astrolabe":9,"Fusion Hammer":0,"Bag of Marbles":7,"War Paint":4,"Ring of the Snake":0},{"Singing Bowl":50,"Bronze Scales":36,"Astrolabe":45,"Fusion Hammer":0,"Bag of Marbles":33,"War Paint":21,"Ring of the Snake":0}]},"card_choices":[{"not_picked":["Escape Plan","Cloak And Dagger"],"picked":"Blade Dance","floor":1},{"not_picked":["Leg Sweep","Caltrops"],"picked":"Dash","floor":2},{"not_picked":["Slice","Underhanded Strike","Bane"],"picked":"SKIP","floor":5},{"not_picked":["Heel Hook","Flechettes"],"picked":"Deflect","floor":8},{"not_picked":["Sucker Punch","Dodge and Roll"],"picked":"Deadly Poison","floor":10},{"not_picked":["Dagger Throw","Outmaneuver"],"picked":"Venomology","floor":11},{"not_picked":["Acrobatics","Riddle With Holes"],"picked":"Unload","floor":12},{"not_picked":["Cloak And Dagger","Concentrate"],"picked":"Flying Knee","floor":13},{"not_picked":["Envenom","Doppelganger"],"picked":"Corpse Explosion","floor":16},{"not_picked":["Poisoned Stab","Infinite Blades"],"picked":"All Out Attack","floor":18},{"not_picked":["Deflect","Backflip","Sucker Punch"],"picked":"Singing Bowl","floor":20}],"player_experience":966262,"relics_obtained":[{"floor":8,"key":"War Paint"},{"floor":12,"key":"Bag of Marbles"}],"event_choices":[{"damage_healed":0,"gold_gain":0,"player_choice":"Leave","damage_taken":0,"max_hp_gain":0,"max_hp_loss":0,"event_name":"The Cleric","floor":3,"gold_loss":0},{"damage_healed":0,"gold_gain":0,"player_choice":"Entered Light","damage_taken":20,"max_hp_gain":0,"max_hp_loss":0,"event_name":"Shining Light","floor":4,"gold_loss":0,"cards_upgraded":["Blade Dance","Defend_G"]},{"damage_healed":0,"gold_gain":0,"player_choice":"Donut","damage_taken":0,"max_hp_gain":5,"max_hp_loss":0,"event_name":"Big Fish","floor":6,"gold_loss":0},{"damage_healed":0,"gold_gain":0,"player_choice":"Obtained Relic","damage_taken":0,"relics_obtained":["Singing Bowl"],"max_hp_gain":0,"max_hp_loss":0,"event_name":"Addict","floor":19,"gold_loss":85},{"damage_healed":0,"gold_gain":250,"player_choice":"Bet on Owner","damage_taken":0,"max_hp_gain":0,"max_hp_loss":0,"event_name":"The Joust","floor":21,"gold_loss":50}],"is_beta":false,"boss_relics":[{"not_picked":["Runic Pyramid","Velvet Choker"],"picked":"Astrolabe"}],"items_purged_floors":[22],"is_endless":false,"potions_floor_spawned":[1,8,10,12,16,20],"killed_by":"Book of Stabbing","ascension_level":18}}