{"host":"56ghxnzsglgdq727","time":1610474896,"event":{"mods":["AchievementEnabler","BaseMod","Downfall","Duelist Mod","Minty Spire (QoL Compilation)","Rare Cards Sparkle","StSLib","The Bug Knight","The Exalted","The Senshi","The Wild Card"],"gold_per_floor":[138,70,70,70,70,103,103,137,162,181,181,143,143,154,154,154,154],"floor_reached":16,"playtime":814,"items_purged":[],"score":117,"play_id":"3c543576-e0e0-4da6-81d1-77e364a621e2","local_time":"20210112130816","is_ascension_mode":true,"campfire_choices":[{"data":"theDuelist:GishkiPsychelone","floor":7.0,"key":"SMITH"},{"floor":11,"key":"REST"},{"data":"theDuelist:SeaLordAmulet","floor":13,"key":"SMITH"},{"floor":15,"key":"REST"}],"circlet_count":0,"master_deck":["theDuelist:SevenColoredFish","theDuelist:SevenColoredFish","theDuelist:AquaSpirit","theDuelist:CastleWalls","theDuelist:CastleWalls","theDuelist:IslandTurtle","theDuelist:IslandTurtle","theDuelist:RevivalJam","theDuelist:Sparks","theDuelist:Sparks","theDuelist:GishkiPsychelone+1","theDuelist:GishkiZielgigas+1","theDuelist:BubbleBringer","theDuelist:EvigishkiMindAugus","theDuelist:WaterHazard","theDuelist:Umi"],"relics":["theDuelist:MillenniumPuzzle","theDuelist:CardPoolRelic","theDuelist:CardPoolBasicRelic","theDuelist:BoosterPackPoolRelic","theDuelist:CardPoolAddRelic","theDuelist:CardPoolMinusRelic","theDuelist:CardPoolSaveRelic","theDuelist:CardPoolOptionsRelic","Blood Vial","theDuelist:CoralToken","theDuelist:DuelistOrichalcum"],"acts_visited":["Exordium"],"potions_floor_usage":[],"damage_taken":[{"damage":5.0,"enemies":"Jaw Worm","floor":1.0,"turns":3.0},{"damage":26.0,"enemies":"3 Sentries","floor":6.0,"turns":6.0},{"damage":35.0,"enemies":"Lagavulin","floor":8.0,"turns":9.0},{"damage":5,"enemies":"Small Slimes","floor":10,"turns":3},{"damage":8,"enemies":"2 Louse","floor":14,"turns":4},{"damage":24,"enemies":"The Guardian","floor":16,"turns":10}],"seed_played":"-1842326339318851667","potions_obtained":[{"floor":1.0,"key":"Fire Potion"},{"floor":6.0,"key":"theDuelist:CoolBottle"}],"is_trial":false,"path_per_floor":["M","?","?","$","?","E","R","E","T","M","R","$","R","M","R","B"],"character_chosen":"THE_DUELIST","items_purchased":["theDuelist:WaterHazard"],"campfire_rested":2,"item_purchase_floors":[12],"current_hp_per_floor":[75,75,68,68,68,42,42,9,9,6,30,30,30,24,48,26,26],"gold":154,"neow_bonus":"THREE_RARE_CARDS","is_daily":false,"chose_seed":false,"campfire_upgraded":2,"win_rate":0.0,"timestamp":1610474896,"path_taken":["M","?","?","?","?","E","R","E","T","M","R","$","R","M","R","BOSS"],"items_purchased_type":["Card"],"build_version":"2020-12-22","purchased_purges":0,"victory":false,"max_hp_per_floor":[80,80,80,80,80,80,80,80,80,80,80,80,80,80,80,80,80],"card_choices":[{"not_picked":["theDuelist:SeaLordAmulet","theDuelist:ColdEnchanter"],"picked":"theDuelist:GishkiPsychelone","floor":0.0},{"not_picked":["theDuelist:FishKicks","theDuelist:AbyssDweller"],"picked":"theDuelist:GishkiZielgigas","floor":1.0},{"not_picked":["theDuelist:RageDeepSea","theDuelist:MermaidKnight","theDuelist:GraydleEagle","theDuelist:Boneheimer","theDuelist:CatShark"],"picked":"SKIP","floor":6.0},{"not_picked":["theDuelist:AbyssalKingshark","theDuelist:HyperancientShark","theDuelist:DeepSweeper","theDuelist:AtlanteanAttackSquad"],"picked":"theDuelist:EvigishkiMindAugus","floor":8.0},{"not_picked":["theDuelist:DiamondDust","theDuelist:FishKicks","theDuelist:ColdWave","theDuelist:Wetlands"],"picked":"theDuelist:SeaLordAmulet","floor":10},{"not_picked":["theDuelist:CyberShark","theDuelist:ToadallyAwesome","theDuelist:WaterHazard"],"picked":"theDuelist:Umi","floor":14}],"player_experience":236255,"relics_obtained":[{"floor":6.0,"key":"Blood Vial"},{"floor":8.0,"key":"theDuelist:CoralToken"},{"floor":9.0,"key":"theDuelist:DuelistOrichalcum"}],"event_choices":[{"damage_healed":0.0,"max_hp_gain":0.0,"max_hp_loss":0.0,"gold_gain":0.0,"event_name":"Card Trader","player_choice":"Purchased Bubble Bringer for 68 Gold.","duelist":true,"floor":2.0,"gold_loss":0.0,"damage_taken":0.0},{"cards_removed":["Clumsy"],"damage_healed":0.0,"max_hp_gain":0.0,"max_hp_loss":0.0,"gold_gain":0.0,"event_name":"Golden Wing","player_choice":"Card Removal","floor":3.0,"gold_loss":0.0,"damage_taken":7.0},{"damage_healed":0.0,"max_hp_gain":0.0,"max_hp_loss":0.0,"gold_gain":0.0,"event_name":"Living Wall","player_choice":"Grow","floor":5.0,"gold_loss":0.0,"damage_taken":0.0,"cards_upgraded":["theDuelist:GishkiZielgigas"]}],"is_beta":false,"boss_relics":[],"items_purged_floors":[],"is_endless":false,"potions_floor_spawned":[1,6],"killed_by":"The Guardian","ascension_level":2}}