{"host":"n264v15x7h51zqzc","time":1610431019,"event":{"mods":["AchievementEnabler","BaseMod","Colored Powertips","Downfall","Googly Eyes","Hermit","Infinite Spire","Minty Spire (QoL Compilation)","StSLib","The Bug Knight"],"gold_per_floor":[119,119,129,129,142,177,192,192,245,278,294,294,294,304,304,304,304],"floor_reached":16,"playtime":695,"items_purged":[],"score":118,"play_id":"84593fcc-ad44-4019-9b6c-d5f433655f72","local_time":"20210111235659","is_ascension_mode":true,"campfire_choices":[{"floor":8,"key":"REST"},{"floor":15,"key":"REST"}],"circlet_count":0,"master_deck":["Strike_B","Strike_B","Strike_B","Defend_B","Defend_B","Defend_B","Defend_B","Zap","Dualcast","Coolheaded","Blizzard","Fusion","Leap","Leap","Conserve Battery"],"relics":["Cracked Core","NeowsBlessing","Matryoshka","Dead Branch","Oddly Smooth Stone","Frozen Egg 2"],"acts_visited":["Exordium"],"potions_floor_usage":[6,10,16],"damage_taken":[{"damage":0,"enemies":"Cultist","floor":1,"turns":1},{"damage":0,"enemies":"2 Louse","floor":3,"turns":1},{"damage":0,"enemies":"Small Slimes","floor":5,"turns":1},{"damage":28,"enemies":"Lagavulin","floor":6,"turns":11},{"damage":9,"enemies":"3 Louse","floor":7,"turns":4},{"damage":12,"enemies":"HollowMod:MossKnight","floor":10,"turns":14},{"damage":11,"enemies":"Gremlin Gang","floor":11,"turns":8},{"damage":1,"enemies":"Exordium Wildlife","floor":14,"turns":6},{"damage":58,"enemies":"Hexaghost","floor":16,"turns":16}],"seed_played":"-5199662312198501295","potions_obtained":[{"floor":1,"key":"Block Potion"},{"floor":7,"key":"SkillPotion"},{"floor":14,"key":"PotionOfCapacity"}],"is_trial":false,"path_per_floor":["M","T","M","?","M","E","M","R","T","E","M","?","?","M","R","B"],"character_chosen":"DEFECT","items_purchased":[],"campfire_rested":2,"item_purchase_floors":[],"current_hp_per_floor":[75,75,75,75,75,47,38,60,60,48,37,37,37,36,58,0,0],"gold":304,"neow_bonus":"THREE_ENEMY_KILL","is_daily":false,"chose_seed":false,"campfire_upgraded":0,"win_rate":0.0,"timestamp":1610431019,"path_taken":["M","?","M","?","M","E","M","R","T","E","?","?","?","?","R","BOSS"],"items_purchased_type":[],"build_version":"2020-12-22","purchased_purges":0,"victory":false,"max_hp_per_floor":[75,75,75,75,75,75,75,75,75,75,75,75,75,75,75,75,75],"card_choices":[{"not_picked":["Hologram","Aggregate"],"picked":"Coolheaded","floor":1},{"not_picked":["Barrage","Rebound","Sweeping Beam"],"picked":"SKIP","floor":3},{"not_picked":["Beam Cell","Steam"],"picked":"Fusion","floor":5},{"not_picked":["Scrape","Streamline"],"picked":"Leap","floor":6},{"not_picked":["Streamline","BootSequence"],"picked":"Leap","floor":7},{"not_picked":["Melter","FTL","Leap"],"picked":"SKIP","floor":10},{"not_picked":["Lockon","Compile Driver","Beam Cell"],"picked":"SKIP","floor":11},{"not_picked":["Double Energy","Fission"],"picked":"Conserve Battery","floor":14}],"player_experience":188216,"relics_obtained":[{"floor":2,"key":"Matryoshka"},{"floor":6,"key":"Dead Branch"},{"floor":9,"key":"Oddly Smooth Stone"},{"floor":10,"key":"Frozen Egg 2"}],"event_choices":[{"damage_healed":0,"gold_gain":0,"cards_transformed":["Strike_B"],"player_choice":"Transformed","damage_taken":0,"max_hp_gain":0,"max_hp_loss":0,"event_name":"Transmorgrifier","floor":4,"gold_loss":0,"cards_obtained":["Blizzard"]},{"damage_healed":0,"gold_gain":0,"player_choice":"Ignored","damage_taken":0,"max_hp_gain":0,"max_hp_loss":0,"event_name":"Shining Light","floor":12,"gold_loss":0},{"damage_healed":0,"gold_gain":0,"player_choice":"Ignored","damage_taken":0,"max_hp_gain":0,"max_hp_loss":0,"event_name":"NoteForYourself","floor":13,"gold_loss":0}],"is_beta":false,"boss_relics":[],"items_purged_floors":[],"is_endless":false,"potions_floor_spawned":[1,7,14],"killed_by":"Hexaghost","ascension_level":1}}