{"host":"fdmexzkyss3ff9bv","time":1610449577,"event":{"mods":["BaseMod","Beaked The Cultist","BetterRewards","Downfall","Glutton Mod","Halation","Hubris","Infinite Spire","Minty Spire (QoL Compilation)","Replay The Spire","StSLib","The Animator","The Blackbeard","The Bug Knight","The Construct","The Mystic","The Servant 0.9.4","The Witch"],"gold_per_floor":[109,109,120,137,137,137,137,137,137,137,162,174,194,194,194,291,291,307,307,324,324,324,324,324,335,335,21,46,66,82,111,111,214,214,226,236,248,304,304,304,58,84,84,84,84,84,84,95,95,95,95,95,22,51,51,51],"floor_reached":55,"playtime":3808,"items_purged":["Looming Evil"],"score":738,"play_id":"becaec23-6dab-4685-a23d-920aabc75daf","local_time":"20210112120617","is_ascension_mode":false,"campfire_choices":[{"floor":6,"key":"REST"},{"floor":8,"key":"REST"},{"data":"FlurryOfBlows","floor":10,"key":"SMITH"},{"floor":15,"key":"REST"},{"floor":23,"key":"RECALL"},{"floor":32,"key":"REST"},{"floor":40,"key":"REST"},{"floor":45,"key":"REST"},{"data":"PathToVictory","floor":49,"key":"SMITH"},{"data":"FlurryOfBlows","floor":52,"key":"SMITH"}],"circlet_count":0,"master_deck":["Strike_P","Strike_P","Strike_P","Strike_P","Defend_P","Defend_P","Defend_P+1","Defend_P","Eruption+1","Vigilance","PathToVictory+1","LikeWater+1","FlurryOfBlows+1","EmptyMind","PathToVictory","CutThroughFate","MentalFortress+1","FlyingSleeves","Meditate","FlurryOfBlows","DevaForm+1","SignatureMove","Replay:AllIn","Crescendo","hubris:Fate","BowlingBash","hubris:Despair","infinitespire:TheBestDefense","SashWhip","Replay:SS_forest_6+1","Protect","ThirdEye+1","Conclude","WindmillStrike+1","Replay:LoomingThreat+1","FlurryOfBlows+1","ClearTheMind+1","Collect+1","ReplayTheSpireMod:Splinters","Meditate+1","InnerPeace+1","Consecrate+1","Meditate","FlurryOfBlows","Sickly","Tantrum+1","EmptyBody+1"],"relics":["PureWater","Dream Catcher","hubris:FunFungus","Frozen Egg 2","halation:PinkSoulGem","halation:EternalFortune","halation:OrihimeAndHikoboshiSamaAndTears","hubris:ToyBattleship","construct:WeddingRing","Toy Ornithopter","Anchor","MutagenicStrength","Shuriken","Bronze Scales","Pantograph","Ring of Chaos","Replay:Baseball","infinitespire:BottledMercury","Replay:Mystery Machine","infinitespire:Golems Mask","Ring of Peace","ReplayTheSpireMod:Ring of Collecting","Tiny Chest","ReplayTheSpireMod:Ninjato"],"acts_visited":["Exordium","TheCity","TheBeyond","TheEnding"],"potions_floor_usage":[13,29,33,33,42,42,50,50,55],"damage_taken":[{"damage":9,"enemies":"Small Slimes","floor":1,"turns":4},{"damage":2,"enemies":"2 Louse","floor":3,"turns":2},{"damage":6,"enemies":"Jaw Worm","floor":4,"turns":3},{"damage":31,"enemies":"Gremlin Nob","floor":11,"turns":4},{"damage":1,"enemies":"2 Fungi Beasts","floor":12,"turns":4},{"damage":2,"enemies":"Blue Slaver","floor":13,"turns":3},{"damage":26,"enemies":"Hexaghost","floor":16,"turns":5},{"damage":2,"enemies":"Chosen","floor":18,"turns":3},{"damage":6,"enemies":"Shell Parasite","floor":20,"turns":3},{"damage":7,"enemies":"Cultist and Chosen","floor":25,"turns":4},{"damage":6,"enemies":"Snake Plant","floor":29,"turns":2},{"damage":33,"enemies":"Sentry and Sphere","floor":30,"turns":7},{"damage":10,"enemies":"Slavers","floor":31,"turns":4},{"damage":41,"enemies":"Collector","floor":33,"turns":7},{"damage":0,"enemies":"Orb Walker","floor":35,"turns":4},{"damage":34,"enemies":"3 Darklings","floor":36,"turns":5},{"damage":34,"enemies":"4 Shapes","floor":37,"turns":4},{"damage":12,"enemies":"Nemesis","floor":42,"turns":5},{"damage":5,"enemies":"Maw","floor":48,"turns":6},{"damage":78,"enemies":"Awakened One","floor":50,"turns":7},{"damage":60,"enemies":"Shield and Spear","floor":54,"turns":4},{"damage":72,"enemies":"The Heart","floor":55,"turns":3}],"seed_played":"-1991024668641979505","potions_obtained":[{"floor":1,"key":"Fruit Juice"},{"floor":3,"key":"Elixir"},{"floor":12,"key":"FearPotion"},{"floor":13,"key":"ColorlessPotion"},{"floor":20,"key":"LifebloodPotion"},{"floor":29,"key":"LifebloodPotion"},{"floor":31,"key":"champ:CounterPotion"},{"floor":33,"key":"Explosive Potion"},{"floor":36,"key":"Dexterity Potion"},{"floor":42,"key":"Cursed Concoction"},{"floor":48,"key":"sneckomod:MuddlingPotion"}],"is_trial":false,"path_per_floor":["M","?","M","M","?","R","?","R","T","R","E","M","M","?","R","B",null,"M","AVR","M","?","?","R","?","M","T","$","T","M","M","E","R","B",null,"M","M","M","?","$","R","$","E","T","$","R","?","AVR","M","R","B",null,"R","$","E","B"],"character_chosen":"WATCHER","items_purchased":["Dream Catcher","PathToVictory","Frozen Egg 2","LikeWater+1","FlurryOfBlows","Bronze Scales","Replay:SS_forest_6+1","infinitespire:BottledMercury","Venom Potion"],"campfire_rested":6,"item_purchase_floors":[0,0,0,0,0,27,27,41,53],"current_hp_per_floor":[31,31,29,23,23,44,47,69,69,69,39,38,41,25,49,23,80,78,78,72,64,64,64,64,57,57,57,57,56,43,45,69,52,80,80,58,24,24,24,48,48,55,55,55,79,79,79,75,75,25,80,80,80,20,0,0],"gold":51,"neow_bonus":"","is_daily":false,"chose_seed":false,"campfire_upgraded":3,"win_rate":0.0,"timestamp":1610449577,"path_taken":["M","?","M","M","?","R","?","R","T","R","E","M","M","?","R","BOSS","M","AVR","M","?","?","R","?","M","T","$","?","?","M","E","R","BOSS","M","M","M","?","?","R","$","E","T","$","R","?","AVR","M","R","BOSS","R","$","E","BOSS"],"items_purchased_type":["Relic","Card","Relic","Card","Card","Relic","Card","Relic","Potion"],"build_version":"2020-12-13","purchased_purges":1,"victory":false,"max_hp_per_floor":[72,72,72,72,72,72,75,75,75,75,75,75,80,80,80,80,80,80,80,80,80,80,80,80,80,80,80,80,80,80,80,80,80,80,80,80,80,80,80,80,80,80,80,80,80,80,80,80,80,80,80,80,80,80,80,80],"card_choices":[{"not_picked":["Fasting2+1","Protect"],"picked":"EmptyMind","floor":1},{"not_picked":["FlyingSleeves","Fasting2+1"],"picked":"PathToVictory","floor":3},{"not_picked":["JustLucky","Crescendo"],"picked":"CutThroughFate","floor":4},{"not_picked":["SashWhip","ConjureBlade"],"picked":"MentalFortress+1","floor":6},{"not_picked":["Prostrate","DeceiveReality"],"picked":"FlyingSleeves","floor":8},{"not_picked":["FlyingSleeves","EmptyFist"],"picked":"Meditate","floor":11},{"not_picked":["JustLucky","Swivel"],"picked":"FlurryOfBlows","floor":12},{"not_picked":["Replay:AtTheReady","ThirdEye"],"picked":"DevaForm+1","floor":13},{"not_picked":["Replay:Anticipation","Pray"],"picked":"SignatureMove","floor":15},{"not_picked":["Brilliance","Scrawl"],"picked":"Replay:AllIn","floor":16},{"not_picked":["FollowUp","LikeWater+1"],"picked":"Crescendo","floor":18},{"not_picked":["CutThroughFate+1","CrushJoints"],"picked":"BowlingBash","floor":20},{"not_picked":["infinitespire:UltimateForm","infinitespire:Starlight"],"picked":"infinitespire:TheBestDefense","floor":24},{"not_picked":["SignatureMove","WheelKick"],"picked":"SashWhip","floor":25},{"not_picked":["Nirvana+1","SashWhip"],"picked":"Protect","floor":29},{"not_picked":["BowlingBash","EmptyBody"],"picked":"ThirdEye+1","floor":30},{"not_picked":["EmptyBody","Replay:DivineShield"],"picked":"Conclude","floor":31},{"not_picked":["JustLucky","FlyingSleeves"],"picked":"WindmillStrike+1","floor":32},{"not_picked":["ConjureBlade","DevaForm+1"],"picked":"Replay:LoomingThreat+1","floor":33},{"not_picked":["WindmillStrike+1","Replay:Anticipation+1"],"picked":"FlurryOfBlows","floor":35},{"not_picked":["DeceiveReality+1","Meditate+1"],"picked":"ClearTheMind+1","floor":36},{"not_picked":["WheelKick","Devotion+1"],"picked":"Collect+1","floor":37},{"not_picked":["CrushJoints","ThirdEye"],"picked":"Meditate+1","floor":38},{"not_picked":["Replay:Anticipation+1","Fasting2+1"],"picked":"InnerPeace+1","floor":38},{"not_picked":["ThirdEye","DeceiveReality+1"],"picked":"Consecrate+1","floor":40},{"not_picked":["Evaluate+1","Replay:DivineShield+1"],"picked":"Meditate","floor":42},{"not_picked":["SashWhip+1","Evaluate+1"],"picked":"FlurryOfBlows","floor":45},{"not_picked":["Crescendo","ReachHeaven"],"picked":"Tantrum+1","floor":48},{"not_picked":["Replay:BluntJabs+1","Crescendo+1"],"picked":"EmptyBody+1","floor":54}],"player_experience":128314,"relics_obtained":[{"floor":9,"key":"halation:OrihimeAndHikoboshiSamaAndTears"},{"floor":11,"key":"hubris:ToyBattleship"},{"floor":26,"key":"Shuriken"},{"floor":31,"key":"Pantograph"},{"floor":38,"key":"Replay:Baseball"},{"floor":42,"key":"Replay:Mystery Machine"},{"floor":43,"key":"infinitespire:Golems Mask"},{"floor":46,"key":"Ring of Peace"},{"floor":46,"key":"ReplayTheSpireMod:Ring of Collecting"},{"floor":54,"key":"ReplayTheSpireMod:Ninjato"}],"event_choices":[{"damage_healed":0,"gold_gain":0,"player_choice":"Ignored","damage_taken":0,"max_hp_gain":0,"max_hp_loss":0,"event_name":"Golden Wing","floor":5,"gold_loss":0},{"damage_healed":0,"gold_gain":0,"player_choice":"Entered Light","damage_taken":16,"max_hp_gain":0,"max_hp_loss":0,"event_name":"Shining Light","floor":14,"gold_loss":0,"cards_upgraded":["Eruption","Defend_P"]},{"damage_healed":0,"gold_gain":0,"player_choice":"Anchor","damage_taken":0,"relics_obtained":["Anchor"],"max_hp_gain":0,"max_hp_loss":0,"event_name":"blackbeard:ShipwreckEvent","floor":21,"gold_loss":0},{"damage_healed":0,"gold_gain":0,"player_choice":"Inject Mutagens","damage_taken":0,"relics_obtained":["MutagenicStrength"],"max_hp_gain":0,"max_hp_loss":0,"event_name":"Drug Dealer","floor":22,"gold_loss":0}],"is_beta":false,"boss_relics":[{"not_picked":["beaked:MawFillet","ReplayTheSpireMod:DimensionalGlitch"],"picked":"construct:WeddingRing"},{"not_picked":["Abe\u0027s Treasure","VioletLotus"],"picked":"Ring of Chaos"}],"items_purged_floors":[27],"is_endless":false,"potions_floor_spawned":[1,3,12,13,20,29,31,33,36,42,48],"killed_by":"The Heart","ascension_level":0}}