{"host":"dhr6iszse2qz12e2","time":1610464911,"event":{"mods":["100% Spire Juice","2.2 Compatiblity","A Magickal Journey","Act Like it!","BaseMod","Bestiary","Better Note","BetterRewards","Colored Map","Downfall","Gensokyo","Hermit","Hubris","Infinite Spire","Marisa????????","Minty Spire (QoL Compilation)","Permanent Neow","Quick Restart","Reimu??????","Replay The Spire","Shop Mod","StSLib","Td1madao Mod","The Administrix","The Animator","The Bug Knight","The Cursed","The Gatherer","The Hierophant","The IronCluck","The Jungle","The Servant 0.9.4","everything is the same but u backflip on backflip","slay the spire mod where everything is the same but ironclad has a cowboy hat","??????REMEMod"],"gold_per_floor":[113,113,64,64,77,77,111,111,111,29,104,10,37,49,61,173,185,97,121,13,42,72,113,144,156,222,114,146,170,182,205,217,325,217,242,268,280,292,324,347,388,420,432,455,482,504,529,763,775,787],"floor_reached":51,"playtime":2796,"items_purged":["Moonworks:Bloodlust"],"score":862,"play_id":"d3901618-573e-4cfe-bd63-dcf16c616672","local_time":"20210112172151","is_ascension_mode":false,"campfire_choices":[{"data":"Moonworks:AnotherUltimateWeapon","floor":6,"key":"SMITH"},{"data":"Moonworks:CookingTime","floor":8,"key":"SMITH"},{"data":"Moonworks:AwakeningOfTalent","floor":15,"key":"SMITH"},{"data":"Moonworks:SubspaceTunnel","floor":27,"key":"SMITH"},{"floor":32,"key":"RECALL"},{"data":"Moonworks:AnotherUltimateWeapon","floor":49,"key":"SMITH"}],"circlet_count":0,"master_deck":["Moonworks:Strike","Moonworks:Strike","Moonworks:Strike","Moonworks:Strike","Moonworks:Defend","Moonworks:Defend","Moonworks:Defend","Moonworks:Defend","Moonworks:Ambush","Moonworks:LongDistanceShot","Moonworks:AnotherUltimateWeapon+1","REME_TheoryOfElimination","Moonworks:ImOnFire","Moonworks:CookingTime+1","Moonworks:AwakeningOfTalent+1","Moonworks:SubspaceTunnel+1","Moonworks:MiracleRedBeanIceCream","Moonworks:x16BigRocket","Moonworks:Dash","Moonworks:IntelligenceOfficer","Moonworks:AnotherUltimateWeapon+1","Moonworks:ExtendedPhotonRifle+1","Moonworks:GoAway","Moonworks:FullSpeedAlicianrone+1","Moonworks:ImOnFire+1","infinitespire:Collect","Parasite","Moonworks:BackdoorTrade+1"],"relics":["Moonworks:BrokenBomb","Moonworks:Homemark","REME_ComplimentaryCards","Mango","RuthlessExorcism:ReiMu","MawBank","hubris:Stopwatch","Red Mask","hubris:BottledHeart","Coffee Dripper","Sozu","Orrery","hubris:TinFlute","CrazyTorch:ReiMu"],"acts_visited":["Exordium","TheCity","TheBeyond"],"potions_floor_usage":[7,16,22,23,28,33,36],"damage_taken":[{"damage":7,"enemies":"Jaw Worm","floor":1,"turns":4},{"damage":6,"enemies":"Cultist","floor":5,"turns":3},{"damage":29,"enemies":"3 Sentries","floor":7,"turns":6},{"damage":3,"enemies":"Small Slimes","floor":10,"turns":3},{"damage":12,"enemies":"Exordium Thugs","floor":13,"turns":4},{"damage":30,"enemies":"Hexaghost","floor":16,"turns":9},{"damage":24,"enemies":"Chosen","floor":18,"turns":7},{"damage":40,"enemies":"Shell Parasite","floor":19,"turns":6},{"damage":54,"enemies":"Sentry and Sphere","floor":21,"turns":6},{"damage":31,"enemies":"Shelled Parasite and Fungi","floor":22,"turns":5},{"damage":8,"enemies":"Masked Bandits","floor":23,"turns":3},{"damage":22,"enemies":"Snake Plant","floor":24,"turns":4},{"damage":8,"enemies":"Chosen and Byrds","floor":28,"turns":4},{"damage":18,"enemies":"Cultist and Chosen","floor":29,"turns":4},{"damage":0,"enemies":"Centurion and Healer","floor":31,"turns":5},{"damage":0,"enemies":"Champ","floor":33,"turns":6},{"damage":0,"enemies":"3 Shapes","floor":35,"turns":3},{"damage":0,"enemies":"3 Darklings","floor":36,"turns":4},{"damage":0,"enemies":"Sphere and 2 Shapes","floor":39,"turns":2},{"damage":0,"enemies":"Spire Growth","floor":40,"turns":2},{"damage":0,"enemies":"Giant Head","floor":41,"turns":5},{"damage":0,"enemies":"Transient","floor":42,"turns":5},{"damage":0,"enemies":"Writhing Mass","floor":44,"turns":3},{"damage":0,"enemies":"Jaw Worm Horde","floor":45,"turns":3},{"damage":0,"enemies":"Maw","floor":46,"turns":5},{"damage":0,"enemies":"Spire Growth","floor":47,"turns":3},{"damage":0,"enemies":"Awakened One","floor":50,"turns":5}],"seed_played":"4361143035824155685","potions_obtained":[{"floor":1,"key":"DuplicationPotion"},{"floor":10,"key":"LiquidBronze"},{"floor":16,"key":"REME_GoldPotion"},{"floor":22,"key":"Explosive Potion"},{"floor":24,"key":"Toxic Potion"},{"floor":29,"key":"Strength Potion"},{"floor":31,"key":"Elixir"},{"floor":33,"key":"GamblersBrew"}],"is_trial":false,"path_per_floor":["M","?","$","?","M","R","E","R","T","M","?","T","M","$","R","B",null,"M","M","?","M","M","?","M","?","T","R","M","M","?","M","R","B",null,"M","M","AVR","?","M","M","E","M","T","M","M","M","M","?","R","B",null],"character_chosen":"THE_STARBREAKER","items_purchased":["Moonworks:ImOnFire"],"campfire_rested":0,"item_purchase_floors":[3],"current_hp_per_floor":[53,53,53,53,47,47,44,44,44,46,35,35,42,42,42,31,74,64,43,43,16,12,20,19,19,19,19,32,35,1,1,1,1,1,1,1,1,1,1,1,1,1,1,1,1,1,1,1,1,1],"gold":799,"neow_bonus":"THREE_RARE_CARDS","is_daily":false,"chose_seed":false,"campfire_upgraded":5,"win_rate":0.0,"timestamp":1610464911,"path_taken":["M","?","?","?","?","R","E","R","T","M","?","?","M","?","R","BOSS","M","M","?","M","M","?","M","?","T","R","M","?","?","M","R","BOSS","M","M","AVR","?","M","M","E","M","T","M","M","M","?","?","R","BOSS"],"items_purchased_type":["Card"],"build_version":"2020-12-22","purchased_purges":1,"victory":true,"max_hp_per_floor":[60,60,60,60,60,60,74,74,74,74,74,74,74,74,74,74,74,74,74,74,74,74,74,74,74,74,74,74,74,1,1,1,1,1,1,1,1,1,1,1,1,1,1,1,1,1,1,1,1,1],"card_choices":[{"not_picked":["Moonworks:GoAway","Moonworks:PlushieMaster"],"picked":"Moonworks:AnotherUltimateWeapon","floor":0},{"not_picked":["Moonworks:LulusLuckyEgg","Moonworks:JonathanRush","Moonworks:Assault"],"picked":"SKIP","floor":1},{"not_picked":["Moonworks:BigBangBell","Moonworks:JonathanRush"],"picked":"Moonworks:Bloodlust","floor":5},{"not_picked":["Moonworks:EvilSpyWorkPreparation","Moonworks:BackdoorTrade"],"picked":"Moonworks:CookingTime","floor":7},{"not_picked":["Moonworks:LulusLuckyEgg","Moonworks:CloudOfSeagulls"],"picked":"Moonworks:AwakeningOfTalent","floor":10},{"not_picked":["Moonworks:MiracleWalker","Moonworks:Bloodlust","Moonworks:NicePresent"],"picked":"SKIP","floor":13},{"not_picked":["Moonworks:Blazing","Moonworks:CrystalBarrier"],"picked":"Moonworks:SubspaceTunnel","floor":16},{"not_picked":["Moonworks:CloudOfSeagulls+1","Moonworks:JonathanRush","Moonworks:Assault+1"],"picked":"SKIP","floor":18},{"not_picked":["Moonworks:DeployBits","Moonworks:LulusLuckyEgg+1","Moonworks:SakisCookie+1"],"picked":"SKIP","floor":19},{"not_picked":["Moonworks:UnluckyCharm","Moonworks:Assault+1"],"picked":"Moonworks:MiracleRedBeanIceCream","floor":21},{"not_picked":["Moonworks:LulusLuckyEgg","Moonworks:CloudOfSeagulls","Moonworks:UnluckyCharm"],"picked":"SKIP","floor":22},{"not_picked":["Moonworks:SweetBattle+1","Moonworks:JonathanRush+1"],"picked":"Moonworks:x16BigRocket","floor":23},{"not_picked":["Moonworks:Assault","Moonworks:DeployBits"],"picked":"Moonworks:Dash","floor":24},{"not_picked":["Moonworks:CastOff+1","Moonworks:IndiscriminateFireSupport","Moonworks:NicePresent+1"],"picked":"SKIP","floor":28},{"not_picked":["Moonworks:SakisCookie+1","Moonworks:LeapThroughSpace"],"picked":"Moonworks:ExtendedPhotonRifle","floor":29},{"not_picked":["Moonworks:SakisCookie","Moonworks:Assault+1","Moonworks:NicePresent"],"picked":"SKIP","floor":31},{"not_picked":["Moonworks:Accelerator","Moonworks:LeapThroughSpace"],"picked":"Moonworks:GoAway","floor":33},{"not_picked":["Moonworks:CloudOfSeagulls","Moonworks:JonathanRush+1","Moonworks:NicePresent"],"picked":"SKIP","floor":35},{"not_picked":["Moonworks:JonathanRush+1","Moonworks:IndiscriminateFireSupport+1","Moonworks:DeployBits"],"picked":"SKIP","floor":36},{"not_picked":["Moonworks:JonathanRush+1","Moonworks:IndiscriminateFireSupport+1","Moonworks:DeployBits"],"picked":"SKIP","floor":36},{"not_picked":["Moonworks:ReproductionOfRecords","Moonworks:IndiscriminateFireSupport+1"],"picked":"Moonworks:FullSpeedAlicianrone+1","floor":37},{"not_picked":["Moonworks:CloudOfSeagulls+1","Moonworks:JonathanRush+1"],"picked":"Moonworks:ImOnFire+1","floor":37},{"not_picked":["Moonworks:JonathanRush","Moonworks:ImOnFire","Moonworks:NicePresent+1"],"picked":"SKIP","floor":39},{"not_picked":["Moonworks:BindingChains+1","Moonworks:CloudOfSeagulls+1","Moonworks:DeployBits+1"],"picked":"SKIP","floor":40},{"not_picked":["Moonworks:LulusLuckyEgg","Moonworks:Blazing","Moonworks:BigMagnum"],"picked":"SKIP","floor":41},{"not_picked":["Moonworks:LulusLuckyEgg","Moonworks:ImmovableObject+1","Moonworks:AngelHand"],"picked":"SKIP","floor":42},{"not_picked":["Moonworks:LulusLuckyEgg","Moonworks:JonathanRush","Moonworks:Wanted"],"picked":"SKIP","floor":44},{"not_picked":["Moonworks:CloudOfSeagulls+1","Moonworks:Assault"],"picked":"Moonworks:BackdoorTrade+1","floor":45},{"not_picked":["Moonworks:SakisCookie+1","Moonworks:IndiscriminateFireSupport+1","Moonworks:Flamethrower"],"picked":"SKIP","floor":46},{"not_picked":["Moonworks:ScrambledEve+1","Moonworks:CloudOfSeagulls+1","Moonworks:StiffCrystal"],"picked":"SKIP","floor":47}],"player_experience":457332,"relics_obtained":[{"floor":7,"key":"Mango"},{"floor":9,"key":"RuthlessExorcism:ReiMu"},{"floor":12,"key":"MawBank"},{"floor":23,"key":"Red Mask"},{"floor":41,"key":"hubris:TinFlute"},{"floor":43,"key":"CrazyTorch:ReiMu"}],"event_choices":[{"damage_healed":0,"gold_gain":0,"player_choice":"1 cards matched","damage_taken":0,"max_hp_gain":0,"max_hp_loss":0,"event_name":"Match and Keep!","floor":2,"gold_loss":0,"cards_obtained":["REME_TheoryOfElimination"]},{"damage_healed":0,"gold_gain":0,"player_choice":"Bought 0 Potions","damage_taken":0,"max_hp_gain":0,"max_hp_loss":0,"event_name":"The Woman in Blue","floor":4,"gold_loss":0},{"damage_healed":0,"gold_gain":75,"player_choice":"Gather Gold","damage_taken":11,"max_hp_gain":0,"max_hp_loss":0,"event_name":"World of Goop","floor":11,"gold_loss":0},{"damage_healed":0,"gold_gain":0,"player_choice":"Ignored","damage_taken":0,"max_hp_gain":0,"max_hp_loss":0,"event_name":"betterNote:BetterNote","floor":20,"gold_loss":0,"cards_obtained":["AdministrixMod:LifeforceNet"]},{"damage_healed":0,"gold_gain":0,"player_choice":"Fought Bandits","damage_taken":0,"max_hp_gain":0,"max_hp_loss":0,"event_name":"Masked Bandits","floor":23,"gold_loss":0},{"damage_healed":0,"gold_gain":0,"player_choice":"2 cards matched","damage_taken":0,"max_hp_gain":0,"max_hp_loss":0,"event_name":"Match and Keep!","floor":25,"gold_loss":0,"cards_obtained":["Moonworks:IntelligenceOfficer","Moonworks:AnotherUltimateWeapon"]},{"damage_healed":0,"gold_gain":0,"player_choice":"Upgraded","damage_taken":0,"max_hp_gain":0,"max_hp_loss":0,"event_name":"Upgrade Shrine","floor":38,"gold_loss":0,"cards_upgraded":["Moonworks:ExtendedPhotonRifle"]},{"damage_healed":0,"gold_gain":222,"player_choice":"Wore Mask","damage_taken":0,"max_hp_gain":0,"max_hp_loss":0,"event_name":"Tomb of Lord Red Mask","floor":48,"gold_loss":0}],"is_beta":false,"boss_relics":[{"not_picked":["Replay:Fungal Core","Replay:Ancient Bell"],"picked":"hubris:Stopwatch"},{"not_picked":["hubris:GrandSneckoEye","Philosopher\u0027s Stone"],"picked":"Coffee Dripper"}],"items_purged_floors":[37],"is_endless":false,"potions_floor_spawned":[1,10,16,22,24,29,31,33,39,42,44,45,47],"ascension_level":0}}