{"host":"rdkrwszfl07lpbj9","time":1610485614,"event":{"mods":["Act Like it!","Aspiration","BaseMod","Beaked The Cultist","Colored Powertips","Downfall","Friendly Minions","Hermit","Infinite Spire","Minty Spire (QoL Compilation)","Replay The Spire","StSLib","The Construct","The Elementalist","The Hierophant","The Jungle","The Marked","The Runesmith"],"gold_per_floor":[99,116,116,116,127,138,218,218,41,75,88,144,164,164,181,286,286,286,315,225,225,238,248,548,548,562,647,647,660,676,676,695,797,797,797,797,812,826,837,837,861,861,861,861,894,894,894,912,926,926],"floor_reached":51,"language":"ENG","playtime":3685,"items_purged":["elementalist:Defend_Elemblue"],"score":804,"play_id":"3837483b-becd-4d49-bd12-48f771be2de1","local_time":"20210112130654","is_ascension_mode":false,"campfire_choices":[{"data":"elementalist:Defend_Elemblue","floor":1,"key":"PURGE"},{"data":"elementalist:Earth_Emblem","floor":8,"key":"SMITH"},{"data":"elementalist:Aegis","floor":25,"key":"SMITH"},{"data":"elementalist:Quadmire","floor":28,"key":"SMITH"},{"data":"elementalist:Kiln","floor":35,"key":"SMITH"},{"data":"elementalist:Stone_to_Mud","floor":40,"key":"SMITH"},{"data":"elementalist:Earth_Emblem","floor":44,"key":"SMITH"},{"floor":47,"key":"REST"}],"circlet_count":0,"master_deck":["elementalist:Earth_Emblem","elementalist:Earth_Emblem","elementalist:Earth_Emblem","elementalist:Earth_Emblem+1","elementalist:Strike+Elemblue","elementalist:Defend_Elemblue","elementalist:Defend_Elemblue","elementalist:Defend_Elemblue","elementalist:Firestrike","elementalist:Earthstrike","elementalist:Waterstrike","elementalist:Airstrike","elementalist:Crystal_Chalk","elementalist:Monument+1","elementalist:Stone_to_Mud+1","elementalist:Quadmire+1","elementalist:Aegis+1","elementalist:Quadmire+1","elementalist:Aegis+1","ReplayTheSpireMod:Echoes of Time","elementalist:Kiln+1","elementalist:Gaian_Form+1","elementalist:Earth_Emblem+1"],"relics":["elementalistmod:MagusStaff","elementalistmod:YellowCirclet","Runesmith:Nanobots","Divine Protection","Quantum Egg","Blue Doll","aspiration:BabyByrd","Busted Crown","Red Mask","Old Coin","beaked:MawFillet","Potion Belt","Pear"],"acts_visited":["Exordium","TheCity","TheBeyond"],"potions_floor_usage":[39,45],"damage_taken":[{"damage":2,"enemies":"Small Slimes","floor":2,"turns":5},{"damage":0,"enemies":"2 Louse","floor":5,"turns":5},{"damage":0,"enemies":"Jaw Worm","floor":6,"turns":3},{"damage":0,"enemies":"downfall:FleeingMerchant","floor":9,"turns":4},{"damage":3,"enemies":"3 Sentries","floor":10,"turns":8},{"damage":0,"enemies":"Red Slaver","floor":11,"turns":4},{"damage":2,"enemies":"Gremlin Nob","floor":12,"turns":5},{"damage":1,"enemies":"2 Fungi Beasts","floor":13,"turns":4},{"damage":0,"enemies":"3 Louse","floor":15,"turns":6},{"damage":30,"enemies":"downfall:Defect","floor":16,"turns":7},{"damage":0,"enemies":"Masked Bandits","floor":19,"turns":5},{"damage":0,"enemies":"downfall:FleeingMerchant","floor":20,"turns":4},{"damage":0,"enemies":"Shell Parasite","floor":22,"turns":3},{"damage":0,"enemies":"3 Cultists","floor":23,"turns":5},{"damage":0,"enemies":"Snecko","floor":26,"turns":3},{"damage":5,"enemies":"Snake Plant","floor":29,"turns":3},{"damage":0,"enemies":"3 Cultists","floor":30,"turns":5},{"damage":0,"enemies":"Cultist and Chosen","floor":32,"turns":4},{"damage":0,"enemies":"downfall:Watcher","floor":33,"turns":10},{"damage":0,"enemies":"Orb Walker","floor":37,"turns":3},{"damage":0,"enemies":"3 Darklings","floor":38,"turns":8},{"damage":13,"enemies":"4 Shapes","floor":39,"turns":7},{"damage":58,"enemies":"Reptomancer","floor":45,"turns":6},{"damage":0,"enemies":"Maw","floor":48,"turns":5},{"damage":3,"enemies":"3 Darklings","floor":49,"turns":6},{"damage":42,"enemies":"downfall:Silent","floor":50,"turns":4}],"seed_played":"-8935503144607381965","potions_obtained":[{"floor":10,"key":"Swift Potion"},{"floor":12,"key":"Venom Potion"},{"floor":13,"key":"Dexterity Potion"},{"floor":19,"key":"champ:CounterPotion"},{"floor":45,"key":"infinitespire:BlackPotion"},{"floor":48,"key":"PowerPotion"},{"floor":49,"key":"CultistPotion"}],"is_trial":false,"path_per_floor":["R","M","?","?","M","M","T","R","$","E","M","?","M","?","M","B",null,"R","?","$","?","M","M","T","R","M","?","R","M","M","?","M","B",null,"R","?","M","M","M","R","T","?","?","R","E","?","R","M","M","B",null],"character_chosen":"THE_ELEMENTALIST","items_purchased":["elementalist:Quadmire"],"campfire_rested":1,"item_purchase_floors":[9],"current_hp_per_floor":[77,75,68,68,68,68,68,68,68,65,65,63,62,62,62,32,77,77,77,77,77,77,77,77,77,77,67,67,62,62,43,43,43,77,77,77,77,77,64,64,64,64,64,64,16,25,51,51,48,6],"gold":926,"neow_bonus":"TEN_PERCENT_HP_BONUS","is_daily":false,"chose_seed":false,"campfire_upgraded":6,"win_rate":0.0,"timestamp":1610485614,"path_taken":["R","M","?","?","?","M","T","R","?","E","M","?","M","?","M","BOSS","R","?","$","?","?","M","T","R","M","?","R","M","M","?","M","BOSS","R","?","M","?","M","R","T","?","?","R","E","?","R","?","M","BOSS"],"items_purchased_type":["Card"],"build_version":"2020-12-22","purchased_purges":1,"victory":true,"max_hp_per_floor":[77,77,77,77,77,77,77,77,77,77,77,77,77,77,77,77,77,77,77,77,77,77,77,77,77,77,77,77,77,77,77,77,77,77,77,77,77,77,77,77,77,77,77,77,87,87,87,87,87,87],"card_choices":[{"not_picked":["elementalist:Overheat","elementalist:Aero"],"picked":"elementalist:Monument","floor":2},{"not_picked":["elementalist:Monument","elementalist:Geomancy","elementalist:Mist"],"picked":"SKIP","floor":5},{"not_picked":["elementalist:Blaze","elementalist:Confluence"],"picked":"elementalist:Stone_to_Mud","floor":6},{"not_picked":["elementalist:Absolute_Zero","elementalist:Undertow","elementalist:Flame"],"picked":"SKIP","floor":9},{"not_picked":["elementalist:Caution","elementalist:Monument"],"picked":"elementalist:Aegis","floor":10},{"not_picked":["elementalist:Prepared_Sand","elementalist:Wards","elementalist:Cauterize"],"picked":"SKIP","floor":11},{"not_picked":["elementalist:Cauterize","elementalist:Rising_Tides","elementalist:Monument"],"picked":"SKIP","floor":13},{"not_picked":["elementalist:Overheat","elementalist:Geomancy","elementalist:Concentricity"],"picked":"SKIP","floor":15},{"not_picked":["elementalist:Absolute_Zero","elementalist:Inferno"],"picked":"elementalist:Quadmire","floor":16},{"not_picked":[],"picked":"elementalist:Aegis+1","floor":19},{"not_picked":["elementalist:Geomancy+1"],"picked":"SKIP","floor":20},{"not_picked":["elementalist:Monument"],"picked":"SKIP","floor":22},{"not_picked":["elementalist:Mist"],"picked":"SKIP","floor":23},{"not_picked":["elementalist:Concentricity+1"],"picked":"SKIP","floor":26},{"not_picked":["elementalist:Solar_Form"],"picked":"SKIP","floor":29},{"not_picked":["elementalist:Flame"],"picked":"SKIP","floor":30},{"not_picked":["infinitespire:FinalStrike","infinitespire:Collect"],"picked":"ReplayTheSpireMod:Echoes of Time","floor":31},{"not_picked":["elementalist:Momentum"],"picked":"SKIP","floor":32},{"not_picked":[],"picked":"elementalist:Kiln","floor":33},{"not_picked":["elementalist:Monument+1"],"picked":"SKIP","floor":37},{"not_picked":["elementalist:Mist+1"],"picked":"SKIP","floor":38},{"not_picked":["elementalist:Caution+1"],"picked":"SKIP","floor":39},{"not_picked":["elementalist:Prepared_Sand+1"],"picked":"SKIP","floor":45},{"not_picked":["elementalist:Gaian_Form"],"picked":"SKIP","floor":48},{"not_picked":["elementalist:Monument+1"],"picked":"SKIP","floor":49}],"player_experience":1007909,"relics_obtained":[{"floor":7,"key":"Divine Protection"},{"floor":10,"key":"Quantum Egg"},{"floor":12,"key":"Blue Doll"},{"floor":19,"key":"Red Mask"},{"floor":24,"key":"Old Coin"},{"floor":41,"key":"Potion Belt"},{"floor":45,"key":"Pear"}],"event_choices":[{"damage_healed":0,"gold_gain":0,"player_choice":"Success","damage_taken":7,"relics_obtained":["Runesmith:Nanobots"],"max_hp_gain":0,"max_hp_loss":0,"event_name":"Scrap Ooze","floor":3,"gold_loss":0},{"damage_healed":0,"gold_gain":0,"player_choice":"Forge","damage_taken":0,"max_hp_gain":0,"max_hp_loss":0,"event_name":"Accursed Blacksmith","floor":4,"gold_loss":0,"cards_upgraded":["elementalist:Monument"]},{"damage_healed":0,"gold_gain":0,"player_choice":"Fought Bandits","damage_taken":0,"max_hp_gain":0,"max_hp_loss":0,"event_name":"Masked Bandits","floor":19,"gold_loss":0},{"damage_healed":0,"gold_gain":0,"player_choice":"Upgraded","damage_taken":0,"max_hp_gain":0,"max_hp_loss":0,"event_name":"Upgrade Shrine","floor":21,"gold_loss":0,"cards_upgraded":["elementalist:Quadmire"]}],"is_beta":false,"boss_relics":[{"not_picked":["beaked:SacredDeck","aspiration:MobileForge"],"picked":"Busted Crown"},{"not_picked":["aspiration:BeakedSkillbook","Cursed Key"],"picked":"beaked:MawFillet"}],"items_purged_floors":[20],"is_endless":false,"potions_floor_spawned":[10,12,13,15,19,29,30,32,45,48,49],"ascension_level":0}}