{"host":"8i4doyxqctgl5qb0","time":1610444055,"event":{"mods":["AchievementEnabler","BaseMod","Block Reminder","Colored Powertips","Downfall","Hermit","Minty Spire (QoL Compilation)","Permanent Neow","Potion Indicator Mod","Rare Cards Sparkle","StSLib","SuperFastMode","The Jungle"],"gold_per_floor":[119,119,136,153,171,171,246,246,246,279,293,293,218,230,230,332,332,349,78,78,91,91,91,111,111,111,111,140,55,155,183,183,285,285,302,355,375,154,164,164,386,386,386,127,127,144,158,158,158,158,158],"floor_reached":50,"playtime":1201,"items_purged":["Strike_R","Strike_R","Strike_R"],"score":711,"play_id":"64b95403-edb7-445c-a4d3-11734be97721","local_time":"20210112173415","is_ascension_mode":true,"campfire_choices":[{"data":"Immolate","floor":6.0,"key":"SMITH"},{"floor":12.0,"key":"REST"},{"data":"Inflame","floor":15.0,"key":"SMITH"},{"data":"Offering","floor":23.0,"key":"SMITH"},{"data":"Flex","floor":25.0,"key":"SMITH"},{"data":"Flex","floor":27.0,"key":"SMITH"},{"floor":32.0,"key":"REST"},{"floor":40.0,"key":"REST"},{"data":"Flex","floor":42.0,"key":"SMITH"},{"data":"Shrug It Off","floor":45.0,"key":"SMITH"},{"floor":49.0,"key":"REST"}],"circlet_count":0,"master_deck":["Strike_R","Strike_R","Defend_R","Defend_R","Defend_R","Defend_R","Bash","Immolate+1","Headbutt","Inflame+1","Offering+1","Flex+1","Brutality","Flex+1","Inflame+1","Dual Wield+1","Flame Barrier","Shrug It Off","Immolate","Headbutt+1","Infernal Blade+1","Flex+1","Shrug It Off+1","Parasite","Headbutt+1","Bloodletting","Madness","Madness"],"relics":["Black Blood","NeowsBlessing","Mercury Hourglass","White Beast Statue","MealTicket","ClockworkSouvenir","Ornamental Fan","Red Mask","Gremlin Horn","Pocketwatch","Matryoshka","HornCleat","Black Star","Ginger","Art of War","Self Forming Clay","Bottled Flame"],"acts_visited":["Exordium","TheCity","TheBeyond"],"potions_floor_usage":[50,50],"damage_taken":[{"damage":0.0,"enemies":"Small Slimes","floor":1.0,"turns":1.0},{"damage":0.0,"enemies":"Cultist","floor":3.0,"turns":1.0},{"damage":0.0,"enemies":"2 Louse","floor":4.0,"turns":1.0},{"damage":11.0,"enemies":"Blue Slaver","floor":5.0,"turns":3.0},{"damage":26.0,"enemies":"Gremlin Nob","floor":10.0,"turns":4.0},{"damage":2.0,"enemies":"2 Fungi Beasts","floor":11.0,"turns":2.0},{"damage":20.0,"enemies":"Gremlin Gang","floor":14.0,"turns":2.0},{"damage":8.0,"enemies":"Slime Boss","floor":16.0,"turns":6.0},{"damage":17.0,"enemies":"Spheric Guardian","floor":18.0,"turns":3.0},{"damage":25.0,"enemies":"3 Byrds","floor":21.0,"turns":3.0},{"damage":6.0,"enemies":"Snake Plant","floor":24.0,"turns":2.0},{"damage":16.0,"enemies":"Masked Bandits","floor":28.0,"turns":3.0},{"damage":0.0,"enemies":"Colosseum Slavers","floor":30.0,"turns":1.0},{"damage":11.0,"enemies":"Colosseum Nobs","floor":30.0,"turns":2.0},{"damage":37.0,"enemies":"Slavers","floor":31.0,"turns":5.0},{"damage":8.0,"enemies":"Collector","floor":33.0,"turns":4.0},{"damage":10.0,"enemies":"3 Darklings","floor":35.0,"turns":2.0},{"damage":21.0,"enemies":"2 Orb Walkers","floor":36.0,"turns":3.0},{"damage":7.0,"enemies":"3 Shapes","floor":37.0,"turns":3.0},{"damage":42.0,"enemies":"Transient","floor":39.0,"turns":5.0},{"damage":26.0,"enemies":"Writhing Mass","floor":46.0,"turns":5.0},{"damage":26.0,"enemies":"Maw","floor":47.0,"turns":6.0},{"damage":89,"enemies":"Awakened One","floor":50,"turns":6}],"seed_played":"1199753257934224853","potions_obtained":[{"floor":1.0,"key":"SmokeBomb"},{"floor":10.0,"key":"PowerPotion"},{"floor":11.0,"key":"Swift Potion"},{"floor":16.0,"key":"SmokeBomb"},{"floor":30.0,"key":"Strength Potion"},{"floor":33.0,"key":"Regen Potion"},{"floor":36.0,"key":"Regen Potion"},{"floor":39.0,"key":"Strength Potion"},{"floor":47.0,"key":"Fruit Juice"}],"is_trial":false,"path_per_floor":["M","?","M","M","M","R","?","?","T","E","M","R","$","M","R","B",null,"M","$","?","M","$","R","M","R","T","R","?","?","?","E","R","B",null,"M","?","M","$","M","R","?","R","T","$","R","M","M","?","R","B"],"character_chosen":"IRONCLAD","items_purchased":["ClockworkSouvenir","Flex","Flex","Shrug It Off","Bottled Flame"],"campfire_rested":4,"item_purchase_floors":[19,19,38,38,44],"current_hp_per_floor":[78,78,80,80,75,75,64,57,57,37,41,65,80,66,66,64,76,71,80,80,67,80,80,80,80,80,80,76,76,80,55,79,80,80,80,71,76,80,50,74,74,74,74,80,80,66,52,42,66,0,0],"gold":158,"neow_bonus":"THREE_ENEMY_KILL","is_daily":false,"chose_seed":false,"campfire_upgraded":7,"win_rate":0.0,"timestamp":1610444055,"path_taken":["M","?","?","M","M","R","?","?","T","E","M","R","$","M","R","BOSS","M","$","?","?","$","R","M","R","T","R","?","?","?","E","R","BOSS","M","?","M","$","M","R","?","R","T","$","R","M","M","?","R","BOSS"],"items_purchased_type":["Relic","Card","Card","Card","Relic"],"build_version":"2020-12-22","purchased_purges":3,"victory":false,"max_hp_per_floor":[80,80,80,80,80,80,80,80,80,80,80,80,80,80,80,80,80,80,80,80,80,80,80,80,80,80,80,80,80,80,80,80,80,80,80,80,80,80,80,80,80,80,80,80,80,80,80,80,80,85,85],"card_choices":[{"not_picked":["Dropkick","Heavy Blade","Thunderclap"],"picked":"SKIP","floor":1.0},{"not_picked":["Clash","Spot Weakness"],"picked":"Headbutt","floor":3.0},{"not_picked":["Sentinel","Rupture","Reckless Charge"],"picked":"SKIP","floor":4.0},{"not_picked":["Fire Breathing","Intimidate"],"picked":"Inflame","floor":5.0},{"not_picked":["True Grit","Sword Boomerang"],"picked":"Offering","floor":10.0},{"not_picked":["Sword Boomerang","Clash","Anger"],"picked":"SKIP","floor":11.0},{"not_picked":["Body Slam","Clothesline"],"picked":"Flex","floor":14.0},{"not_picked":["Juggernaut","Corruption"],"picked":"Brutality","floor":16.0},{"not_picked":["Body Slam","Metallicize","Hemokinesis"],"picked":"SKIP","floor":18.0},{"not_picked":["Twin Strike+1","Carnage"],"picked":"Inflame+1","floor":21.0},{"not_picked":["Iron Wave","Havoc"],"picked":"Dual Wield+1","floor":24.0},{"not_picked":["Second Wind+1","Rupture"],"picked":"Flame Barrier","floor":28.0},{"not_picked":["Intimidate+1","Power Through"],"picked":"Shrug It Off","floor":30.0},{"not_picked":["Clothesline","Clash","Berserk"],"picked":"SKIP","floor":31.0},{"not_picked":["Fiend Fire","Juggernaut"],"picked":"Immolate","floor":33.0},{"not_picked":["Dropkick+1","Warcry"],"picked":"Headbutt+1","floor":35.0},{"not_picked":["Cleave","Fire Breathing+1"],"picked":"Infernal Blade+1","floor":37.0},{"not_picked":["True Grit","Pommel Strike","Twin Strike+1"],"picked":"SKIP","floor":39.0},{"not_picked":["Clothesline+1","Hemokinesis+1"],"picked":"Headbutt+1","floor":46.0},{"not_picked":["Iron Wave","Brutality"],"picked":"Bloodletting","floor":47.0}],"player_experience":166950,"relics_obtained":[{"floor":9.0,"key":"White Beast Statue"},{"floor":10.0,"key":"MealTicket"},{"floor":26.0,"key":"Ornamental Fan"},{"floor":28.0,"key":"Red Mask"},{"floor":30.0,"key":"Pocketwatch"},{"floor":30.0,"key":"Matryoshka"},{"floor":31.0,"key":"HornCleat"},{"floor":36.0,"key":"Ginger"},{"floor":43.0,"key":"Art of War"},{"floor":43.0,"key":"Self Forming Clay"}],"event_choices":[{"damage_healed":0.0,"max_hp_gain":0.0,"max_hp_loss":0.0,"gold_gain":0.0,"event_name":"Match and Keep!","player_choice":"1 cards matched","floor":2.0,"gold_loss":0.0,"damage_taken":0.0,"cards_obtained":["Immolate"]},{"damage_healed":0.0,"max_hp_gain":0.0,"max_hp_loss":0.0,"gold_gain":75.0,"event_name":"World of Goop","player_choice":"Gather Gold","floor":7.0,"gold_loss":0.0,"damage_taken":11.0},{"damage_healed":0.0,"max_hp_gain":0.0,"max_hp_loss":0.0,"gold_gain":0.0,"event_name":"Scrap Ooze","player_choice":"Success","floor":8.0,"gold_loss":0.0,"damage_taken":7.0,"relics_obtained":["Mercury Hourglass"]},{"damage_healed":0.0,"max_hp_gain":0.0,"max_hp_loss":0.0,"gold_gain":0.0,"event_name":"Wheel of Change","player_choice":"Full Heal","floor":20.0,"gold_loss":0.0,"damage_taken":0.0},{"damage_healed":0.0,"max_hp_gain":0.0,"max_hp_loss":0.0,"gold_gain":0.0,"event_name":"Masked Bandits","player_choice":"Fought Bandits","floor":28.0,"gold_loss":0.0,"damage_taken":0.0},{"damage_healed":0.0,"max_hp_gain":0.0,"max_hp_loss":0.0,"gold_gain":0.0,"event_name":"Addict","player_choice":"Obtained Relic","floor":29.0,"gold_loss":85.0,"damage_taken":0.0,"relics_obtained":["Gremlin Horn"]},{"damage_healed":0.0,"max_hp_gain":0.0,"max_hp_loss":0.0,"gold_gain":0.0,"event_name":"Colosseum","player_choice":"Fight","floor":30.0,"gold_loss":0.0,"damage_taken":0.0},{"damage_healed":0.0,"max_hp_gain":0.0,"max_hp_loss":0.0,"gold_gain":0.0,"event_name":"Colosseum","player_choice":"Fought Nobs","floor":30.0,"gold_loss":0.0,"damage_taken":0.0},{"damage_healed":0.0,"max_hp_gain":0.0,"max_hp_loss":0.0,"gold_gain":0.0,"event_name":"Mysterious Sphere","player_choice":"Fight","floor":36.0,"gold_loss":0.0,"damage_taken":0.0},{"damage_healed":0.0,"max_hp_gain":0.0,"max_hp_loss":0.0,"gold_gain":222.0,"event_name":"Tomb of Lord Red Mask","player_choice":"Wore Mask","floor":41.0,"gold_loss":0.0,"damage_taken":0.0},{"damage_healed":0.0,"max_hp_gain":0.0,"max_hp_loss":0.0,"gold_gain":0.0,"event_name":"Winding Halls","player_choice":"Embrace Madness","floor":48.0,"gold_loss":0.0,"damage_taken":10.0,"cards_obtained":["Madness","Madness"]}],"is_beta":false,"boss_relics":[{"not_picked":["Velvet Choker","Busted Crown"],"picked":"Black Blood"},{"not_picked":["Runic Dome","Astrolabe"],"picked":"Black Star"}],"items_purged_floors":[13,19,38],"is_endless":false,"potions_floor_spawned":[1,10,11,14,16,18,21,24,28,30,30,31,33,35,36,37,39,46,47],"killed_by":"Awakened One","ascension_level":8}}