{"host":"oehe2dxjvdgux73m","time":1610459987,"event":{"mods":["AchievementEnabler","BaseMod","Colored Map","Colored Powertips","DeckTracker","Keyboard Shortcuts","Minty Spire (QoL Compilation)","Permanent Neow","Quick Restart","StSLib","SuperFastMode"],"gold_per_floor":[17,27,39,58,75,406,436,453,453,473,473,573,593,603,603,708,708,724,744,744,744],"floor_reached":20,"playtime":620,"items_purged":[],"score":237,"play_id":"a13bacd1-d2b3-4a7d-bba0-7f814f1a0e3f","local_time":"20210112225947","is_ascension_mode":true,"campfire_choices":[{"floor":11.0,"key":"REST"},{"data":"Body Slam","floor":15.0,"key":"SMITH"}],"circlet_count":0,"master_deck":["Defend_R","Defend_R","Defend_R","Defend_R","Bash","Cleave","Carnage","Power Through","Body Slam+1","Feel No Pain","Blood for Blood","Second Wind","Clash","Fire Breathing+1","Flex+1","Anger+1","Pommel Strike","Battle Trance+1"],"relics":["Burning Blood","Old Coin","Eternal Feather","Astrolabe"],"acts_visited":["Exordium","TheCity"],"potions_floor_usage":[20],"damage_taken":[{"damage":12.0,"enemies":"Jaw Worm","floor":1.0,"turns":2.0},{"damage":6.0,"enemies":"Cultist","floor":2.0,"turns":3.0},{"damage":3.0,"enemies":"Small Slimes","floor":3.0,"turns":2.0},{"damage":7.0,"enemies":"3 Louse","floor":4.0,"turns":4.0},{"damage":8.0,"enemies":"Blue Slaver","floor":5.0,"turns":3.0},{"damage":61.0,"enemies":"Lagavulin","floor":6.0,"turns":8.0},{"damage":0.0,"enemies":"Exordium Wildlife","floor":8.0,"turns":3.0},{"damage":1.0,"enemies":"Looter","floor":10.0,"turns":3.0},{"damage":15.0,"enemies":"3 Louse","floor":13.0,"turns":3.0},{"damage":11.0,"enemies":"Blue Slaver","floor":14.0,"turns":5.0},{"damage":45.0,"enemies":"Hexaghost","floor":16.0,"turns":8.0},{"damage":43.0,"enemies":"3 Byrds","floor":18.0,"turns":7.0},{"damage":14.0,"enemies":"Chosen","floor":19.0,"turns":4.0},{"damage":18,"enemies":"Shelled Parasite and Fungi","floor":20,"turns":6}],"seed_played":"2470977596029173850","potions_obtained":[{"floor":2.0,"key":"LiquidBronze"},{"floor":3.0,"key":"Explosive Potion"},{"floor":8.0,"key":"Strength Potion"},{"floor":10.0,"key":"Strength Potion"},{"floor":16.0,"key":"AttackPotion"},{"floor":19.0,"key":"SneckoOil"}],"is_trial":false,"path_per_floor":["M","M","M","M","M","E","?","M","T","M","R","?","M","M","R","B",null,"M","M","M"],"character_chosen":"IRONCLAD","items_purchased":[],"campfire_rested":1,"item_purchase_floors":[],"current_hp_per_floor":[66,66,69,68,66,11,11,17,17,22,52,52,43,38,47,8,62,25,17,0,0],"gold":744,"neow_bonus":"REMOVE_TWO","is_daily":false,"chose_seed":false,"campfire_upgraded":1,"win_rate":0.0,"timestamp":1610459987,"path_taken":["M","M","M","M","M","E","?","M","T","M","R","?","M","?","R","BOSS","M","M","M"],"items_purchased_type":[],"build_version":"2020-12-22","purchased_purges":0,"victory":false,"max_hp_per_floor":[80,80,80,80,80,80,80,80,80,80,80,80,80,80,80,80,80,80,80,80,80],"card_choices":[{"not_picked":["Havoc","Body Slam"],"picked":"Cleave","floor":1.0},{"not_picked":["Body Slam","Wild Strike"],"picked":"Carnage","floor":2.0},{"not_picked":["Perfected Strike","Double Tap"],"picked":"Power Through","floor":3.0},{"not_picked":["Rampage","Heavy Blade"],"picked":"Body Slam","floor":4.0},{"not_picked":["Twin Strike","Havoc"],"picked":"Feel No Pain","floor":5.0},{"not_picked":["Clash","Perfected Strike","Thunderclap"],"picked":"SKIP","floor":6.0},{"not_picked":["Havoc","Perfected Strike","Cleave"],"picked":"SKIP","floor":8.0},{"not_picked":["Double Tap","Rage"],"picked":"Blood for Blood","floor":10.0},{"not_picked":["Intimidate","Whirlwind"],"picked":"Second Wind","floor":13.0},{"not_picked":["Twin Strike","Flex"],"picked":"Clash","floor":14.0},{"not_picked":["Flame Barrier","Body Slam+1"],"picked":"Pommel Strike","floor":18.0},{"not_picked":["Intimidate","Flame Barrier"],"picked":"Battle Trance+1","floor":19.0}],"player_experience":138773,"relics_obtained":[{"floor":6.0,"key":"Old Coin"},{"floor":9.0,"key":"Eternal Feather"}],"event_choices":[{"damage_healed":0.0,"max_hp_gain":0.0,"max_hp_loss":0.0,"gold_gain":30.0,"event_name":"Dead Adventurer","player_choice":"Searched \u00271\u0027 times","floor":7.0,"gold_loss":0.0,"damage_taken":0.0},{"damage_healed":0.0,"max_hp_gain":0.0,"max_hp_loss":0.0,"gold_gain":100.0,"event_name":"Golden Shrine","player_choice":"Pray","floor":12.0,"gold_loss":0.0,"damage_taken":0.0}],"is_beta":false,"boss_relics":[{"not_picked":["SacredBark","SlaversCollar"],"picked":"Astrolabe"}],"items_purged_floors":[],"is_endless":false,"potions_floor_spawned":[2,3,8,10,13,16,19],"killed_by":"Shelled Parasite and Fungi","ascension_level":6}}