{"host":"5fpb1gzflhq9886n","time":1610435015,"event":{"mods":["AchievementEnabler","BaseMod","Colored Map","Colored Powertips","Minty Spire (QoL Compilation)","Permanent Neow"],"gold_per_floor":[119,1,1,18,18,52,72,106,157,169,169,181,200,218,218,322,322,342,342,356,372,372,372,59,94,94,126,138,162,201,223,235,347,359,383,395,707,230,248,248,273,273,299,309,3,21,35,49,49,49,49,49,49,81,81],"floor_reached":56,"playtime":13534,"items_purged":["Defend_B"],"score":1526,"play_id":"d6405026-4945-45e8-9ec5-c12598ad3972","local_time":"20210112020335","is_ascension_mode":true,"campfire_choices":[{"floor":11.0,"key":"REST"},{"floor":15.0,"key":"REST"},{"data":"Ghostly","floor":23.0,"key":"SMITH"},{"data":"Ghostly","floor":32.0,"key":"SMITH"},{"floor":40.0,"key":"RECALL"},{"data":"Ghostly","floor":42.0,"key":"SMITH"},{"data":"Ghostly","floor":49.0,"key":"SMITH"},{"data":"Ghostly","floor":52.0,"key":"SMITH"}],"circlet_count":0,"master_deck":["Strike_B","Strike_B","Strike_B","Defend_B","Defend_B","Defend_B","Zap","Dualcast","Streamline","Static Discharge","Melter","Tempest","Electrodynamics","Storm","Conserve Battery","Genetic Algorithm","Streamline","Seek","Cold Snap","Glacier","Creative AI","BootSequence+1","Steam","Capacitor","Stack","Ghostly+1","Ghostly+1","Ghostly+1","Ghostly+1","Ghostly+1","Coolheaded","Barrage","RitualDagger","Heatsinks+1","Glacier","Defragment","Echo Form","Barrage+1","Secret Technique","Cold Snap+1","Hologram+1","Conserve Battery","Fusion+1","Capacitor+1","Tempest+1","Leap+1","Beam Cell+1","Meteor Strike"],"relics":["Cracked Core","Orichalcum","Eternal Feather","MealTicket","Dream Catcher","Happy Flower","Velvet Choker","Mango","Calipers","MawBank","Nunchaku","Sozu","Frozen Egg 2","Orrery","Art of War","Bronze Scales","OrangePellets","Ancient Tea Set","Mummified Hand"],"acts_visited":["Exordium","TheCity","TheBeyond","TheEnding"],"potions_floor_usage":[55],"damage_taken":[{"damage":3.0,"enemies":"2 Louse","floor":1.0,"turns":3.0},{"damage":0.0,"enemies":"Cultist","floor":4.0,"turns":3.0},{"damage":29.0,"enemies":"Lagavulin","floor":6.0,"turns":4.0},{"damage":9.0,"enemies":"Small Slimes","floor":7.0,"turns":3.0},{"damage":12.0,"enemies":"Gremlin Nob","floor":8.0,"turns":3.0},{"damage":8.0,"enemies":"2 Fungi Beasts","floor":10.0,"turns":3.0},{"damage":0.0,"enemies":"Gremlin Gang","floor":12.0,"turns":2.0},{"damage":5.0,"enemies":"Looter","floor":13.0,"turns":3.0},{"damage":18.0,"enemies":"Large Slime","floor":14.0,"turns":4.0},{"damage":42.0,"enemies":"Hexaghost","floor":16.0,"turns":10.0},{"damage":28.0,"enemies":"3 Byrds","floor":18.0,"turns":4.0},{"damage":4.0,"enemies":"2 Thieves","floor":20.0,"turns":2.0},{"damage":24.0,"enemies":"Snecko","floor":21.0,"turns":4.0},{"damage":0.0,"enemies":"Gremlin Leader","floor":25.0,"turns":5.0},{"damage":28.0,"enemies":"Book of Stabbing","floor":27.0,"turns":7.0},{"damage":0.0,"enemies":"Chosen and Byrds","floor":29.0,"turns":6.0},{"damage":0.0,"enemies":"Slavers","floor":30.0,"turns":4.0},{"damage":0.0,"enemies":"Centurion and Healer","floor":31.0,"turns":7.0},{"damage":25.0,"enemies":"Champ","floor":33.0,"turns":10.0},{"damage":29.0,"enemies":"3 Darklings","floor":35.0,"turns":6.0},{"damage":0.0,"enemies":"3 Shapes","floor":39.0,"turns":3.0},{"damage":0.0,"enemies":"Giant Head","floor":41.0,"turns":10.0},{"damage":0.0,"enemies":"Maw","floor":44.0,"turns":8.0},{"damage":0.0,"enemies":"4 Shapes","floor":46.0,"turns":4.0},{"damage":17.0,"enemies":"Spire Growth","floor":47.0,"turns":5.0},{"damage":0.0,"enemies":"Maw","floor":48.0,"turns":7.0},{"damage":20.0,"enemies":"Donu and Deca","floor":50.0,"turns":8.0},{"damage":28.0,"enemies":"Shield and Spear","floor":54.0,"turns":7.0},{"damage":16,"enemies":"The Heart","floor":55,"turns":9}],"seed_played":"-6082085274284190522","potions_obtained":[{"floor":3.0,"key":"Swift Potion"},{"floor":3.0,"key":"BlessingOfTheForge"},{"floor":3.0,"key":"EssenceOfDarkness"},{"floor":7.0,"key":"PowerPotion"},{"floor":8.0,"key":"GamblersBrew"},{"floor":10.0,"key":"ColorlessPotion"},{"floor":16.0,"key":"FocusPotion"},{"floor":31.0,"key":"Regen Potion"}],"is_trial":false,"path_per_floor":["M","$","?","M","?","E","M","E","T","M","R","M","M","M","R","B",null,"M","?","M","M","?","R","$","E","T","E","?","M","E","M","R","B",null,"M","?","?","$","M","R","E","R","T","M","$","M","M","M","R","B",null,"R","$","E","B",null],"character_chosen":"DEFECT","items_purchased":["Static Discharge","Melter","Mango","Frozen Egg 2","Orrery","OrangePellets","Ancient Tea Set"],"campfire_rested":2,"item_purchase_floors":[2,2,24,38,38,45,45],"current_hp_per_floor":[72,72,72,72,72,43,34,22,22,14,45,45,40,22,56,14,75,47,47,43,19,19,37,51,51,51,23,17,17,17,17,38,27,51,22,22,22,37,37,51,51,51,51,51,51,51,34,34,51,31,51,51,51,23,7],"gold":81,"neow_bonus":"RANDOM_COMMON_RELIC","is_daily":false,"chose_seed":false,"campfire_upgraded":5,"win_rate":0.0,"timestamp":1610435015,"path_taken":["M","$","?","?","?","E","M","E","T","?","R","M","M","M","R","BOSS","M","?","?","M","?","R","$","E","T","E","?","M","E","M","R","BOSS","M","?","?","$","M","R","E","R","T","M","$","M","M","?","R","BOSS","R","$","E","BOSS"],"items_purchased_type":["Card","Card","Relic","Relic","Relic","Relic","Relic"],"build_version":"2020-12-22","purchased_purges":1,"victory":true,"max_hp_per_floor":[75,75,75,75,75,75,75,75,75,75,75,75,75,75,75,75,75,75,75,75,75,37,37,51,51,51,51,51,51,51,51,51,51,51,51,51,51,51,51,51,51,51,51,51,51,51,51,51,51,51,51,51,51,51,51],"card_choices":[{"not_picked":["Redo","Storm"],"picked":"Streamline","floor":1.0},{"not_picked":["Rebound","Hologram"],"picked":"Tempest","floor":4.0},{"not_picked":["Leap","Redo"],"picked":"Electrodynamics","floor":6.0},{"not_picked":["Scrape","Hologram"],"picked":"Storm","floor":7.0},{"not_picked":["Barrage","Reinforced Body"],"picked":"Conserve Battery","floor":8.0},{"not_picked":["Ball Lightning","Heatsinks"],"picked":"Genetic Algorithm","floor":10.0},{"not_picked":["Steam Power","Steam"],"picked":"Streamline","floor":11.0},{"not_picked":["Gash","Coolheaded"],"picked":"Seek","floor":12.0},{"not_picked":["Turbo","Steam"],"picked":"Cold Snap","floor":13.0},{"not_picked":["Sunder","Beam Cell"],"picked":"Glacier","floor":14.0},{"not_picked":["Reboot","Rainbow"],"picked":"Creative AI","floor":16.0},{"not_picked":["Redo","Chaos"],"picked":"BootSequence+1","floor":18.0},{"not_picked":["Static Discharge","Blizzard"],"picked":"Capacitor","floor":20.0},{"not_picked":["Compile Driver+1","Rebound"],"picked":"Stack","floor":21.0},{"not_picked":["Rebound+1","Fusion"],"picked":"Coolheaded","floor":25.0},{"not_picked":["Compile Driver","Recycle"],"picked":"Barrage","floor":27.0},{"not_picked":["Cold Snap","Go for the Eyes"],"picked":"Heatsinks+1","floor":29.0},{"not_picked":["Redo","Consume"],"picked":"Glacier","floor":30.0},{"not_picked":["Amplify","Streamline+1"],"picked":"Defragment","floor":31.0},{"not_picked":["Core Surge","Fission"],"picked":"Echo Form","floor":33.0},{"not_picked":["Steam+1","Ball Lightning"],"picked":"Barrage+1","floor":35.0},{"not_picked":["Deep Breath","Good Instincts"],"picked":"Secret Technique","floor":36.0},{"not_picked":["Steam+1","Conserve Battery"],"picked":"Cold Snap+1","floor":38.0},{"not_picked":["Glacier","Leap"],"picked":"Hologram+1","floor":38.0},{"not_picked":["Chaos","Ball Lightning+1"],"picked":"Conserve Battery","floor":38.0},{"not_picked":["Compile Driver","Conserve Battery+1"],"picked":"Fusion+1","floor":38.0},{"not_picked":["Chaos","Tempest"],"picked":"Capacitor+1","floor":38.0},{"not_picked":["Ball Lightning","Rebound","Turbo"],"picked":"SKIP","floor":39.0},{"not_picked":["White Noise+1","Genetic Algorithm"],"picked":"Tempest+1","floor":41.0},{"not_picked":["Ball Lightning","Genetic Algorithm"],"picked":"Leap+1","floor":44.0},{"not_picked":["Hologram+1","Core Surge","Redo"],"picked":"SKIP","floor":46.0},{"not_picked":["Steam+1","Storm+1","Conserve Battery+1"],"picked":"SKIP","floor":47.0},{"not_picked":["Streamline+1","Leap+1"],"picked":"Beam Cell+1","floor":48.0},{"not_picked":["FTL","Ball Lightning"],"picked":"Meteor Strike","floor":54.0}],"player_experience":675945,"relics_obtained":[{"floor":5.0,"key":"Eternal Feather"},{"floor":6.0,"key":"MealTicket"},{"floor":8.0,"key":"Dream Catcher"},{"floor":9.0,"key":"Happy Flower"},{"floor":25.0,"key":"Calipers"},{"floor":27.0,"key":"MawBank"},{"floor":30.0,"key":"Nunchaku"},{"floor":41.0,"key":"Art of War"},{"floor":43.0,"key":"Bronze Scales"},{"floor":54.0,"key":"Mummified Hand"}],"event_choices":[{"damage_healed":0.0,"max_hp_gain":0.0,"max_hp_loss":0.0,"gold_gain":0.0,"event_name":"Lab","player_choice":"Got Potions","floor":3.0,"gold_loss":0.0,"damage_taken":0.0},{"damage_healed":0.0,"max_hp_gain":0.0,"max_hp_loss":0.0,"gold_gain":0.0,"event_name":"Wheel of Change","player_choice":"Relic","floor":5.0,"gold_loss":0.0,"damage_taken":0.0},{"damage_healed":0.0,"max_hp_gain":0.0,"max_hp_loss":0.0,"gold_gain":0.0,"cards_transformed":["Strike_B"],"event_name":"Transmorgrifier","player_choice":"Transformed","floor":19.0,"gold_loss":0.0,"damage_taken":0.0,"cards_obtained":["Steam"]},{"damage_healed":0.0,"max_hp_gain":0.0,"max_hp_loss":38.0,"gold_gain":0.0,"event_name":"Ghosts","player_choice":"Became a Ghost","floor":22.0,"gold_loss":0.0,"damage_taken":0.0,"cards_obtained":["Ghostly","Ghostly","Ghostly","Ghostly","Ghostly"]},{"damage_healed":0.0,"max_hp_gain":0.0,"max_hp_loss":0.0,"gold_gain":0.0,"event_name":"Nest","player_choice":"Joined the Cult","floor":28.0,"gold_loss":0.0,"damage_taken":6.0,"cards_obtained":["RitualDagger"]},{"damage_healed":0.0,"max_hp_gain":0.0,"max_hp_loss":0.0,"gold_gain":0.0,"event_name":"SensoryStone","player_choice":"Memory 1","floor":36.0,"gold_loss":0.0,"damage_taken":0.0},{"damage_healed":0.0,"max_hp_gain":0.0,"max_hp_loss":0.0,"gold_gain":300.0,"event_name":"Wheel of Change","player_choice":"Gold","floor":37.0,"gold_loss":0.0,"damage_taken":0.0}],"is_beta":false,"boss_relics":[{"not_picked":["SlaversCollar","Calling Bell"],"picked":"Velvet Choker"},{"not_picked":["Runic Dome","Black Star"],"picked":"Sozu"}],"items_purged_floors":[38],"is_endless":false,"potions_floor_spawned":[7,8,10,14,16,18,29,31,35,41,46,48],"ascension_level":4}}