{"host":"cjhtzh7tp54jdfyv","time":1610488650,"event":{"mods":["AchievementEnabler","BaseMod","Colored Map","Colored Powertips","Curses Come First","DeckTracker","Filter the Spire","Minty Spire (QoL Compilation)","RNG Fix","Relic Sorter","Relic Stats","StSLib","UnlockEverythingMod","ojb\u0027s Better Paths Mod","ojb\u0027s Info Mod"],"gold_per_floor":[111,129,54,68,82,113,38,66,66,93,113,140,154,174,174,248,248,258,258,275,289,306,332,332,367,391,405,421,421,440,469,469,546,546,565,581,593,593,407,461,461,461,461],"floor_reached":42,"language":"ENG","playtime":3167,"items_purged":["Defend_P","Defend_P"],"score":1423,"play_id":"f21635d9-e6ae-40ef-b5ea-8c54c654852b","local_time":"20210112165730","is_ascension_mode":true,"campfire_choices":[{"data":"Blasphemy","floor":15.0,"key":"SMITH"},{"data":"SignatureMove","floor":24.0,"key":"SMITH"},{"data":"Conclude","floor":29.0,"key":"SMITH"},{"data":"EmptyMind","floor":32.0,"key":"SMITH"},{"floor":41,"key":"RECALL"}],"circlet_count":0,"master_deck":["AscendersBane","Defend_P","Eruption","Vigilance","CrushJoints","FearNoEvil","TalkToTheHand","EmptyMind+1","Conclude+1","MentalFortress","Blasphemy+1","MentalFortress","WheelKick","Bite","Bite","Bite","Bite","Bite","CrushJoints+1","SignatureMove+1","EmptyMind","Scrawl","Wireheading+1","Wireheading+1","Scrawl","Wireheading+1","Wish","SpiritShield"],"relics":["Velvet Choker","Blue Candle","Question Card","PreservedInsect","MealTicket","Bronze Scales","Coffee Dripper","Sundial","Frozen Egg 2","Regal Pillow","SlaversCollar","Peace Pipe"],"acts_visited":["Exordium","TheCity","TheBeyond"],"potions_floor_usage":[37],"damage_taken":[{"damage":0.0,"enemies":"Jaw Worm","floor":1.0,"turns":3.0},{"damage":2.0,"enemies":"Cultist","floor":2.0,"turns":3.0},{"damage":0.0,"enemies":"2 Louse","floor":4.0,"turns":3.0},{"damage":5.0,"enemies":"Lots of Slimes","floor":5.0,"turns":3.0},{"damage":16.0,"enemies":"Gremlin Nob","floor":6.0,"turns":3.0},{"damage":14.0,"enemies":"Lagavulin","floor":8.0,"turns":4.0},{"damage":0.0,"enemies":"Gremlin Nob","floor":10.0,"turns":2.0},{"damage":1.0,"enemies":"2 Fungi Beasts","floor":11.0,"turns":3.0},{"damage":0.0,"enemies":"Lagavulin","floor":12.0,"turns":3.0},{"damage":0.0,"enemies":"Looter","floor":13.0,"turns":2.0},{"damage":3.0,"enemies":"Red Slaver","floor":14.0,"turns":2.0},{"damage":0.0,"enemies":"Slime Boss","floor":16.0,"turns":5.0},{"damage":0.0,"enemies":"Spheric Guardian","floor":18.0,"turns":3.0},{"damage":0.0,"enemies":"Chosen","floor":20.0,"turns":2.0},{"damage":29.0,"enemies":"Shelled Parasite and Fungi","floor":21.0,"turns":3.0},{"damage":0.0,"enemies":"Sentry and Sphere","floor":22.0,"turns":2.0},{"damage":0.0,"enemies":"Gremlin Leader","floor":23.0,"turns":3.0},{"damage":0.0,"enemies":"Slavers","floor":25.0,"turns":1.0},{"damage":13.0,"enemies":"Centurion and Healer","floor":27.0,"turns":4.0},{"damage":0.0,"enemies":"Snecko","floor":28.0,"turns":2.0},{"damage":0.0,"enemies":"3 Cultists","floor":30.0,"turns":2.0},{"damage":5.0,"enemies":"Book of Stabbing","floor":31.0,"turns":2.0},{"damage":40.0,"enemies":"Automaton","floor":33.0,"turns":6.0},{"damage":7.0,"enemies":"Orb Walker","floor":35.0,"turns":3.0},{"damage":0,"enemies":"3 Darklings","floor":36,"turns":1},{"damage":1,"enemies":"4 Shapes","floor":37,"turns":2},{"damage":39,"enemies":"Giant Head","floor":40,"turns":5},{"damage":14,"enemies":"Nemesis","floor":42,"turns":1}],"seed_played":"7893399790977724398","potions_obtained":[{"floor":5.0,"key":"LiquidMemories"},{"floor":6.0,"key":"DistilledChaos"},{"floor":8.0,"key":"EssenceOfSteel"},{"floor":11.0,"key":"Block Potion"},{"floor":12.0,"key":"FearPotion"},{"floor":18.0,"key":"GamblersBrew"},{"floor":22.0,"key":"FearPotion"},{"floor":25.0,"key":"Regen Potion"},{"floor":27.0,"key":"LiquidBronze"},{"floor":33.0,"key":"SkillPotion"},{"floor":35.0,"key":"BottledMiracle"},{"floor":40,"key":"FearPotion"}],"is_trial":false,"path_per_floor":["M","M","$","M","M","E","?","E","T","E","M","E","M","M","R","B",null,"M","?","M","M","M","E","R","E","T","M","M","R","M","E","R","B",null,"M","M","M","?","$","E","R","E"],"character_chosen":"WATCHER","items_purchased":["Wish"],"campfire_rested":0,"item_purchase_floors":[39],"current_hp_per_floor":[61,59,59,59,54,38,38,24,24,24,23,23,23,20,20,20,56,56,47,47,20,24,32,32,34,34,29,31,31,37,38,38,16,39,36,40,39,39,45,12,12,0,0],"gold":461,"neow_bonus":"BOSS_RELIC","is_daily":false,"chose_seed":false,"campfire_upgraded":4,"win_rate":0.0,"timestamp":1610488650,"path_taken":["M","M","$","M","M","E","?","E","T","E","M","E","M","?","R","BOSS","M","?","M","M","M","E","R","E","T","M","M","R","M","E","R","BOSS","M","M","M","?","$","E","R","E"],"items_purchased_type":["Card"],"build_version":"2020-12-22","purchased_purges":2,"victory":false,"max_hp_per_floor":[68,68,68,68,68,68,68,68,68,68,68,68,68,68,68,68,68,68,47,47,47,47,47,47,47,47,47,47,47,47,47,47,47,47,47,47,47,45,45,45,45,45,45],"relic_stats":{"Peace Pipe":2,"Regal Pillow":0,"counters":[28,78],"Sundial":[4],"Blue Candle":[0],"Bronze Scales":[63],"MealTicket":6,"PreservedInsect":362,"Question Card":21,"obtain_stats":[{"Regal Pillow":31,"Blue Candle":6,"Velvet Choker":0,"PreservedInsect":9,"Frozen Egg 2":25,"Question Card":8,"Peace Pipe":40,"SlaversCollar":34,"Sundial":23,"Bronze Scales":12,"MealTicket":10,"Coffee Dripper":17,"PureWater":0},{"Regal Pillow":22,"Blue Candle":5,"Velvet Choker":0,"PreservedInsect":6,"Frozen Egg 2":18,"Question Card":6,"Peace Pipe":27,"SlaversCollar":23,"Sundial":17,"Bronze Scales":9,"MealTicket":7,"Coffee Dripper":12,"PureWater":0},{"Regal Pillow":60,"Blue Candle":15,"Velvet Choker":0,"PreservedInsect":19,"Frozen Egg 2":50,"Question Card":19,"Peace Pipe":77,"SlaversCollar":66,"Sundial":49,"Bronze Scales":27,"MealTicket":21,"Coffee Dripper":36,"PureWater":0}]},"card_choices":[{"not_picked":["CutThroughFate","Protect"],"picked":"CrushJoints","floor":1.0},{"not_picked":["SandsOfTime","WreathOfFlame"],"picked":"FearNoEvil","floor":2.0},{"not_picked":["WheelKick","CrushJoints"],"picked":"TalkToTheHand","floor":4.0},{"not_picked":["Crescendo","DeceiveReality","Collect"],"picked":"SKIP","floor":5.0},{"not_picked":["SashWhip","Collect"],"picked":"EmptyMind","floor":6.0},{"not_picked":["ClearTheMind","Protect"],"picked":"Conclude","floor":8.0},{"not_picked":["DeusExMachina","ClearTheMind","Wireheading"],"picked":"MentalFortress","floor":10.0},{"not_picked":["CarveReality","ThirdEye","CrushJoints","WindmillStrike"],"picked":"SKIP","floor":11.0},{"not_picked":["FollowUp","Crescendo","SandsOfTime"],"picked":"Blasphemy","floor":12.0},{"not_picked":["FlyingSleeves","FollowUp","FlurryOfBlows","Evaluate"],"picked":"SKIP","floor":13.0},{"not_picked":["BowlingBash","LikeWater","PathToVictory"],"picked":"MentalFortress","floor":14.0},{"not_picked":["Halt+1","FlurryOfBlows","ClearTheMind"],"picked":"WheelKick","floor":18.0},{"not_picked":["CutThroughFate","FollowUp","ClearTheMind"],"picked":"CrushJoints+1","floor":20.0},{"not_picked":["ThirdEye","Prostrate","PathToVictory"],"picked":"SignatureMove","floor":21.0},{"not_picked":["Evaluate","MentalFortress","JustLucky"],"picked":"EmptyMind","floor":22.0},{"not_picked":["Evaluate","EmptyFist","ForeignInfluence"],"picked":"Scrawl","floor":23.0},{"not_picked":["MasterReality+1","BattleHymn+1","Halt","EmptyFist"],"picked":"SKIP","floor":25.0},{"not_picked":["ClearTheMind","WreathOfFlame","SandsOfTime"],"picked":"Wireheading+1","floor":27.0},{"not_picked":["Consecrate","Crescendo","EmptyBody"],"picked":"Wireheading+1","floor":28.0},{"not_picked":["Nirvana+1","Consecrate","Study+1","Weave"],"picked":"SKIP","floor":30.0},{"not_picked":["Protect","Nirvana+1","ForeignInfluence","CarveReality"],"picked":"SKIP","floor":31.0},{"not_picked":["DevaForm+1","Devotion+1","Establishment+1"],"picked":"Scrawl","floor":33.0},{"not_picked":["BowlingBash+1","LikeWater+1","PathToVictory","EmptyBody"],"picked":"SKIP","floor":35.0},{"not_picked":["WaveOfTheHand","BowlingBash","Sanctity"],"picked":"Wireheading+1","floor":36},{"not_picked":["ForeignInfluence","Consecrate","FlurryOfBlows","Swivel"],"picked":"SKIP","floor":37},{"not_picked":["FollowUp","JustLucky","EmptyBody"],"picked":"SpiritShield","floor":40}],"player_experience":4481126,"relics_obtained":[{"floor":6.0,"key":"Blue Candle"},{"floor":8.0,"key":"Question Card"},{"floor":9.0,"key":"PreservedInsect"},{"floor":10.0,"key":"MealTicket"},{"floor":12.0,"key":"Bronze Scales"},{"floor":23.0,"key":"Sundial"},{"floor":25.0,"key":"Frozen Egg 2"},{"floor":31.0,"key":"Regal Pillow"},{"floor":40,"key":"Peace Pipe"}],"event_choices":[{"cards_removed":["Defend_P"],"damage_healed":0.0,"max_hp_gain":0.0,"max_hp_loss":0.0,"gold_gain":0.0,"event_name":"The Cleric","player_choice":"Card Removal","floor":7.0,"gold_loss":75.0,"damage_taken":0.0},{"damage_healed":0.0,"max_hp_gain":0.0,"max_hp_loss":21.0,"gold_gain":0.0,"event_name":"Vampires","player_choice":"Became a vampire","floor":19.0,"gold_loss":0.0,"damage_taken":0.0,"cards_obtained":["Bite","Bite","Bite","Bite","Bite"]},{"damage_healed":0,"gold_gain":0,"player_choice":"Max HP","damage_taken":0,"max_hp_gain":0,"max_hp_loss":2,"event_name":"Winding Halls","floor":38,"gold_loss":0}],"is_beta":false,"boss_relics":[{"not_picked":["VioletLotus","Calling Bell"],"picked":"Coffee Dripper"},{"not_picked":["Snecko Eye","Cursed Key"],"picked":"SlaversCollar"}],"items_purged_floors":[3,39],"is_endless":false,"potions_floor_spawned":[5,6,8,11,12,18,22,25,27,33,35,40],"killed_by":"Nemesis","ascension_level":20}}