{"host":"sc0o2qwpf9j16a4i","time":1610464585,"event":{"mods":["AchievementEnabler","BaseMod","BetterRewards","Block Reminder","Colored Map","Colored Powertips","Custom Start","Highlight Path","Minty Spire (QoL Compilation)","Relic Stats"],"gold_per_floor":[119,134,134,134,17,17,55,84,161,236,236,276,314,350,362,448,460,497,518,33,44,44,44],"floor_reached":22,"playtime":560,"items_purged":["Pain","Strike_R"],"score":388,"play_id":"6a371756-3d19-4922-970b-69548b7aad89","local_time":"20210112171625","is_ascension_mode":true,"campfire_choices":[{"data":"Inflame","floor":6.0,"key":"SMITH"},{"floor":11.0,"key":"REST"},{"data":"Inflame","floor":15.0,"key":"SMITH"}],"circlet_count":0,"master_deck":["AscendersBane","Strike_R","Strike_R","Strike_R","Strike_R","Defend_R","Defend_R","Defend_R","Defend_R","Bash","Offering","Twin Strike","Inflame+1","Feel No Pain","Pommel Strike","Havoc","Impervious","Pommel Strike","Inflame+1","Seeing Red","Impervious","Dark Embrace","Disarm"],"relics":["Burning Blood","CeramicFish","Sundial","MawBank","Runic Cube","Bag of Marbles","Frozen Eye"],"acts_visited":["Exordium","TheCity"],"potions_floor_usage":[22,22,22,22],"damage_taken":[{"damage":16.0,"enemies":"2 Louse","floor":1.0,"turns":3.0},{"damage":18.0,"enemies":"Small Slimes","floor":2.0,"turns":3.0},{"damage":32.0,"enemies":"Gremlin Nob","floor":7.0,"turns":4.0},{"damage":17.0,"enemies":"Jaw Worm","floor":8.0,"turns":4.0},{"damage":16.0,"enemies":"3 Sentries","floor":12.0,"turns":8.0},{"damage":8.0,"enemies":"Large Slime","floor":13.0,"turns":5.0},{"damage":9.0,"enemies":"Red Slaver","floor":14.0,"turns":4.0},{"damage":31.0,"enemies":"Hexaghost","floor":16.0,"turns":9.0},{"damage":45.0,"enemies":"3 Byrds","floor":18.0,"turns":6.0},{"damage":18,"enemies":"2 Thieves","floor":21,"turns":5},{"damage":19,"enemies":"Sentry and Sphere","floor":22,"turns":2}],"seed_played":"777620699854127590","potions_obtained":[{"floor":7.0,"key":"GamblersBrew"},{"floor":14.0,"key":"Regen Potion"},{"floor":21,"key":"EntropicBrew"}],"is_trial":false,"path_per_floor":["M","M","?","?","$","R","E","M","T","?","R","E","M","M","R","B",null,"M","?","$","M","M"],"character_chosen":"IRONCLAD","items_purchased":["Feel No Pain","Dark Embrace","Bag of Marbles","Frozen Eye"],"campfire_rested":1,"item_purchase_floors":[5,20,20,20],"current_hp_per_floor":[58,46,71,71,71,71,45,34,34,23,45,35,33,30,30,20,61,22,22,22,10,0,0],"gold":44,"neow_bonus":"THREE_RARE_CARDS","is_daily":false,"chose_seed":false,"campfire_upgraded":2,"win_rate":0.0,"timestamp":1610464585,"path_taken":["M","M","?","?","$","R","E","M","T","?","R","E","M","?","R","BOSS","M","?","$","M","M"],"items_purchased_type":["Card","Card","Relic","Relic"],"build_version":"2020-12-22","purchased_purges":2,"victory":false,"max_hp_per_floor":[75,75,75,75,75,75,75,75,75,75,75,75,75,75,75,75,75,75,75,75,75,75,75],"relic_stats":{"counters":[11,53],"Sundial":[10],"CeramicFish":81,"MawBank":96,"obtain_stats":[{"Frozen Eye":20,"Sundial":9,"CeramicFish":7,"Bag of Marbles":20,"MawBank":12,"Burning Blood":0,"Runic Cube":17},{"Frozen Eye":9,"Sundial":4,"CeramicFish":3,"Bag of Marbles":9,"MawBank":5,"Burning Blood":0,"Runic Cube":8},{"Frozen Eye":46,"Sundial":14,"CeramicFish":10,"Bag of Marbles":46,"MawBank":22,"Burning Blood":0,"Runic Cube":40}],"Burning Blood":60,"Runic Cube":[16]},"card_choices":[{"not_picked":["Demon Form","Double Tap"],"picked":"Offering","floor":0.0},{"not_picked":["True Grit","Battle Trance"],"picked":"Twin Strike","floor":1.0},{"not_picked":["Sword Boomerang","Pommel Strike"],"picked":"Inflame","floor":2.0},{"not_picked":["Heavy Blade","Rupture"],"picked":"Pommel Strike","floor":7.0},{"not_picked":["Clash","Perfected Strike"],"picked":"Havoc","floor":8.0},{"not_picked":["Entrench","Reaper"],"picked":"Impervious","floor":12.0},{"not_picked":["Reckless Charge","Perfected Strike"],"picked":"Pommel Strike","floor":13.0},{"not_picked":["Sword Boomerang","Second Wind"],"picked":"Inflame","floor":14.0},{"not_picked":["Twin Strike","Flex"],"picked":"Seeing Red","floor":18.0},{"not_picked":["Infernal Blade","Thunderclap"],"picked":"Disarm","floor":21}],"player_experience":602935,"relics_obtained":[{"floor":7.0,"key":"CeramicFish"},{"floor":9.0,"key":"Sundial"},{"floor":12.0,"key":"MawBank"}],"event_choices":[{"damage_healed":25.0,"max_hp_gain":0.0,"max_hp_loss":0.0,"gold_gain":0.0,"event_name":"Big Fish","player_choice":"Banana","floor":3.0,"gold_loss":0.0,"damage_taken":0.0},{"damage_healed":0.0,"max_hp_gain":0.0,"max_hp_loss":0.0,"gold_gain":0.0,"event_name":"Liars Game","player_choice":"Ignored","floor":4.0,"gold_loss":0.0,"damage_taken":0.0},{"damage_healed":0.0,"max_hp_gain":0.0,"max_hp_loss":0.0,"gold_gain":75.0,"event_name":"World of Goop","player_choice":"Gather Gold","floor":10.0,"gold_loss":0.0,"damage_taken":11.0},{"damage_healed":0.0,"max_hp_gain":0.0,"max_hp_loss":0.0,"gold_gain":0.0,"event_name":"Duplicator","player_choice":"Copied","floor":19.0,"gold_loss":0.0,"damage_taken":0.0,"cards_obtained":["Impervious"]}],"is_beta":false,"boss_relics":[{"not_picked":["Runic Dome","Ectoplasm"],"picked":"Runic Cube"}],"items_purged_floors":[5,20],"is_endless":false,"potions_floor_spawned":[7,14,21],"killed_by":"Sentry and Sphere","ascension_level":20}}