{"host":"sum4dy402bbv9y4o","time":1610474640,"event":{"mods":["Aspiration","BaseMod","Conspire","Highlight Path","Minty Spire (QoL Compilation)","StSLib"],"gold_per_floor":[115,6,6,25,25,55,55,55,129,139,139,174,192,212,212,285,285,296,56,56,69,89,89,119,119,119,138,152,166,166,216,216,287,337,348,368,368,268,280,315,329,329,329,329,68,68,68,95,95,95,95,95],"floor_reached":51,"playtime":2059,"items_purged":["Injury","Strike_P","Strike_P+1"],"score":1524,"play_id":"a5c75c84-e945-478b-b25c-facfe0727328","local_time":"20210112210400","is_ascension_mode":true,"campfire_choices":[{"data":"Eruption","floor":7,"key":"SMITH"},{"data":"TalkToTheHand","floor":15,"key":"SMITH"},{"floor":23,"key":"DIG"},{"data":"MentalFortress","floor":25,"key":"SMITH"},{"data":"Adaptation","floor":30,"key":"SMITH"},{"floor":32,"key":"REST"},{"floor":42,"key":"REST"},{"floor":44,"key":"REST"},{"data":"LikeWater","floor":46,"key":"SMITH"},{"floor":49,"key":"REST"}],"circlet_count":0,"master_deck":["AscendersBane","Strike_P+1","Strike_P+1","Defend_P+1","Defend_P+1","Defend_P+1","Defend_P+1","Eruption+1","Vigilance+1","EmptyBody+1","TalkToTheHand+1","ThirdEye+1","FlurryOfBlows+1","Brilliance+1","EmptyFist+1","Halt+1","BowlingBash+1","Consecrate+1","FlyingSleeves+1","CrushJoints+1","LessonLearned+1","CurseOfTheBell","Tantrum+1","ClearTheMind+1","MentalFortress+1","Adaptation+1","TalkToTheHand+1","LikeWater+1","Perseverance"],"relics":["PureWater","NeowsBlessing","Molten Egg 2","Prayer Wheel","White Beast Statue","War Paint","Calling Bell","Orichalcum","aspiration:FrozenJewel","Shovel","Bag of Preparation","Mummified Hand","Toy Ornithopter","StrikeDummy","Tiny House","Potion Belt","Pantograph","aspiration:AnachronicSnailShell"],"acts_visited":["Exordium","TheCity","TheBeyond"],"potions_floor_usage":[12,12,16,21,27,33,33,35,39,47,50,50,50],"damage_taken":[{"damage":0,"enemies":"Jaw Worm","floor":1,"turns":1},{"damage":0,"enemies":"2 Louse","floor":4,"turns":1},{"damage":0,"enemies":"Lagavulin","floor":6,"turns":1},{"damage":0,"enemies":"Cultist","floor":10,"turns":3},{"damage":6,"enemies":"3 Sentries","floor":12,"turns":3},{"damage":0,"enemies":"Blue Slaver","floor":13,"turns":3},{"damage":0,"enemies":"Red Slaver","floor":14,"turns":2},{"damage":0,"enemies":"Slime Boss","floor":16,"turns":4},{"damage":0,"enemies":"conspire:FuzzyDice","floor":18,"turns":8},{"damage":2,"enemies":"2 Thieves","floor":21,"turns":5},{"damage":0,"enemies":"3 Cultists","floor":22,"turns":3},{"damage":5,"enemies":"conspire:SneckoGhost","floor":24,"turns":6},{"damage":8,"enemies":"Shelled Parasite and Fungi","floor":27,"turns":5},{"damage":0,"enemies":"Centurion and Healer","floor":28,"turns":3},{"damage":0,"enemies":"Snake Plant","floor":29,"turns":4},{"damage":72,"enemies":"Champ","floor":33,"turns":7},{"damage":5,"enemies":"3 Shapes","floor":35,"turns":4},{"damage":0,"enemies":"Orb Walker","floor":36,"turns":2},{"damage":7,"enemies":"3 Darklings","floor":39,"turns":4},{"damage":122,"enemies":"Giant Head","floor":40,"turns":8},{"damage":1,"enemies":"Sphere and 2 Shapes","floor":41,"turns":2},{"damage":0,"enemies":"Transient","floor":47,"turns":3},{"damage":55,"enemies":"Nemesis","floor":48,"turns":7},{"damage":24,"enemies":"conspire:OrnateMirror","floor":50,"turns":17},{"damage":91,"enemies":"Awakened One","floor":51,"turns":10}],"seed_played":"-6510394905624818293","potions_obtained":[{"floor":1,"key":"AttackPotion"},{"floor":10,"key":"DistilledChaos"},{"floor":12,"key":"ColorlessPotion"},{"floor":13,"key":"PowerPotion"},{"floor":16,"key":"Weak Potion"},{"floor":18,"key":"AttackPotion"},{"floor":21,"key":"Explosive Potion"},{"floor":27,"key":"Explosive Potion"},{"floor":33,"key":"DistilledChaos"},{"floor":34,"key":"AttackPotion"},{"floor":35,"key":"GamblersBrew"},{"floor":36,"key":"FairyPotion"},{"floor":39,"key":"Dexterity Potion"},{"floor":40,"key":"SmokeBomb"},{"floor":41,"key":"PowerPotion"},{"floor":48,"key":"ColorlessPotion"}],"is_trial":false,"path_per_floor":["M","$","?","M","$","E","R","?","T","M","?","E","M","M","R","B",null,"M","$","?","M","M","R","E","R","T","M","M","M","R","?","R","B",null,"M","M","?","$","M","E","M","R","T","R","$","R","M","E","R","B","B"],"character_chosen":"WATCHER","items_purchased":["TalkToTheHand","ThirdEye","Bag of Preparation","LikeWater","PowerPotion"],"campfire_rested":4,"item_purchase_floors":[2,2,19,45,45],"current_hp_per_floor":[61,61,61,61,61,61,61,41,41,41,46,40,40,40,40,40,65,65,65,55,53,53,53,48,48,48,45,45,45,45,45,66,4,61,61,61,61,61,59,23,22,45,45,68,68,68,73,18,41,54,0,0],"gold":95,"neow_bonus":"THREE_ENEMY_KILL","is_daily":false,"chose_seed":false,"campfire_upgraded":5,"win_rate":0.0,"timestamp":1610474640,"path_taken":["M","$","?","M","$","E","R","?","T","M","?","E","?","?","R","BOSS","M","$","?","M","?","R","E","R","T","M","M","M","R","?","R","BOSS","M","M","?","$","M","E","M","R","T","R","$","R","M","E","R","BOSS","BOSS"],"items_purchased_type":["Card","Card","Relic","Card","Potion"],"build_version":"2020-12-22","purchased_purges":3,"victory":false,"max_hp_per_floor":[68,68,68,68,68,68,68,68,68,68,73,73,73,73,73,73,73,73,73,73,73,73,73,73,73,73,73,73,73,73,73,73,73,78,78,78,78,78,78,78,78,78,78,78,78,78,78,78,78,78,78,78],"card_choices":[{"not_picked":["Study","Weave"],"picked":"EmptyBody","floor":1},{"not_picked":["FollowUp+1","CutThroughFate+1"],"picked":"FlurryOfBlows+1","floor":4},{"not_picked":["Vengeance","BattleHymn"],"picked":"Brilliance+1","floor":6},{"not_picked":["Vengeance","Sanctity"],"picked":"EmptyFist+1","floor":10},{"not_picked":["FlyingSleeves+1","BattleHymn"],"picked":"Halt","floor":10},{"not_picked":["Sanctity","Crescendo"],"picked":"BowlingBash+1","floor":12},{"not_picked":["ClearTheMind","Wish"],"picked":"Consecrate+1","floor":13},{"not_picked":["Indignation","CutThroughFate+1","JustLucky+1"],"picked":"SKIP","floor":13},{"not_picked":["ForeignInfluence","Halt"],"picked":"FlyingSleeves+1","floor":14},{"not_picked":["Conclude+1","ThirdEye"],"picked":"CrushJoints+1","floor":14},{"not_picked":["Establishment","Blasphemy"],"picked":"LessonLearned+1","floor":16},{"not_picked":["Prostrate","Fasting2","DeceiveReality+1"],"picked":"SKIP","floor":18},{"not_picked":["FlyingSleeves+1","Indignation","EmptyFist+1"],"picked":"SKIP","floor":18},{"not_picked":["Collect","JustLucky+1"],"picked":"Tantrum+1","floor":21},{"not_picked":["SandsOfTime+1","FlyingSleeves+1"],"picked":"ClearTheMind+1","floor":21},{"not_picked":["CrushJoints+1","EmptyMind","Tantrum+1"],"picked":"SKIP","floor":22},{"not_picked":["EmptyFist+1","JustLucky+1","FollowUp+1"],"picked":"SKIP","floor":22},{"not_picked":["InnerPeace+1","Wireheading"],"picked":"MentalFortress","floor":24},{"not_picked":["SpiritShield","Vengeance+1"],"picked":"Adaptation","floor":27},{"not_picked":["Halt","BattleHymn","Protect"],"picked":"SKIP","floor":27},{"not_picked":["WheelKick+1","JustLucky+1","SashWhip+1"],"picked":"SKIP","floor":28},{"not_picked":["JustLucky+1","FlyingSleeves+1","BattleHymn"],"picked":"SKIP","floor":28},{"not_picked":["EmptyBody","Fasting2","ClearTheMind"],"picked":"SKIP","floor":29},{"not_picked":["EmptyFist+1","SandsOfTime+1","ConjureBlade"],"picked":"SKIP","floor":29},{"not_picked":["FollowUp+1","Tantrum+1","Evaluate"],"picked":"SKIP","floor":35},{"not_picked":["FollowUp+1","CutThroughFate+1","CarveReality+1"],"picked":"SKIP","floor":35},{"not_picked":["Evaluate","Prostrate"],"picked":"TalkToTheHand+1","floor":36},{"not_picked":["BowlingBash+1","Prostrate","CarveReality+1"],"picked":"SKIP","floor":36},{"not_picked":["CrushJoints+1","Perseverance","EmptyBody"],"picked":"SKIP","floor":39},{"not_picked":["ForeignInfluence","EmptyBody","ThirdEye"],"picked":"SKIP","floor":39},{"not_picked":["DeceiveReality","WindmillStrike+1","Indignation"],"picked":"SKIP","floor":40},{"not_picked":["PathToVictory+1","Consecrate+1","Omniscience"],"picked":"SKIP","floor":41},{"not_picked":["EmptyFist+1","CrushJoints+1","WheelKick+1"],"picked":"SKIP","floor":41},{"not_picked":["FlyingSleeves+1","Crescendo"],"picked":"Perseverance","floor":48}],"player_experience":2925632,"relics_obtained":[{"floor":6,"key":"Prayer Wheel"},{"floor":9,"key":"White Beast Statue"},{"floor":12,"key":"War Paint"},{"floor":17,"key":"Orichalcum"},{"floor":17,"key":"aspiration:FrozenJewel"},{"floor":17,"key":"Shovel"},{"floor":23,"key":"Mummified Hand"},{"floor":24,"key":"Toy Ornithopter"},{"floor":26,"key":"StrikeDummy"},{"floor":40,"key":"Potion Belt"},{"floor":43,"key":"Pantograph"},{"floor":48,"key":"aspiration:AnachronicSnailShell"}],"event_choices":[{"damage_healed":0,"gold_gain":0,"player_choice":"Entered Light","damage_taken":20,"max_hp_gain":0,"max_hp_loss":0,"event_name":"Shining Light","floor":8,"gold_loss":0,"cards_upgraded":["ThirdEye","Strike_P"]},{"damage_healed":0,"gold_gain":0,"player_choice":"Donut","damage_taken":0,"max_hp_gain":5,"max_hp_loss":0,"event_name":"Big Fish","floor":11,"gold_loss":0},{"damage_healed":0,"gold_gain":0,"player_choice":"Damaged","damage_taken":10,"max_hp_gain":0,"max_hp_loss":0,"event_name":"Wheel of Change","floor":20,"gold_loss":0},{"damage_healed":0,"gold_gain":50,"player_choice":"Stole From Cult","damage_taken":0,"max_hp_gain":0,"max_hp_loss":0,"event_name":"Nest","floor":31,"gold_loss":0},{"damage_healed":0,"gold_gain":0,"player_choice":"Memory 1","damage_taken":0,"max_hp_gain":0,"max_hp_loss":0,"event_name":"SensoryStone","floor":37,"gold_loss":0}],"is_beta":false,"boss_relics":[{"not_picked":["Busted Crown","Velvet Choker"],"picked":"Calling Bell"},{"not_picked":["aspiration:RitualDagger","aspiration:SilentSkillbook"],"picked":"Tiny House"}],"items_purged_floors":[19,38,45],"is_endless":false,"potions_floor_spawned":[1,10,12,13,14,16,18,21,22,24,27,28,29,33,35,36,39,40,41,47,48],"killed_by":"Awakened One","ascension_level":20}}