{"host":"n7ibbaht59lcm2b7","time":1610473214,"event":{"mods":["AchievementEnabler","Act Like it!","Ascension Unlocker","BaseMod","CapriCore","Challenge The Spire","Colored Map","Colored Powertips","Highlight Path","Marisa????????","Minty Spire (QoL Compilation)","Reimu??????","Replay The Spire","StSLib","The Jungle","everything is the same but u backflip on backflip","slay the spire mod where everything is the same but ironclad has a cowboy hat"],"gold_per_floor":[113,188,198,198,161,161,231,231,231,178,191,212,212,237,237,365,365,380,305,305,305,321,321,321,355,382,397,397,410,410,453,453,578,578,603,627,627,646,646,646],"floor_reached":39,"playtime":2089,"items_purged":["Regret"],"score":774,"play_id":"ecc56bcb-7b66-4e64-9a40-e396c1f570ee","local_time":"20210112174014","daily_mods":["SealedDeck"],"is_ascension_mode":true,"campfire_choices":[{"data":"Concentrate","floor":6,"key":"SMITH"},{"data":"Tactician","floor":13,"key":"SMITH"},{"data":"Cloak And Dagger","floor":15,"key":"SMITH"},{"data":"Hidden Blade","floor":23,"key":"SMITH"},{"data":"Cloak And Dagger","floor":30,"key":"SMITH"},{"floor":32,"key":"REST"}],"circlet_count":0,"master_deck":["Backstab","Concentrate+1","Deflect","Backflip","Tactician+1","Deflect","Cloak And Dagger","Hidden Blade+1","Accuracy","Cloak And Dagger+1","Blur","Cloak And Dagger+1","Footwork","Footwork","Acrobatics","Draining Mist","Backstab","Storm of Steel","Replay:Sluggish","Envenom","Backflip","Acrobatics","Acrobatics","Acrobatics+1","Blade Dance+1","Cloak And Dagger+1","ReplayTheSpireMod:Brewmster","Dramatic Entrance","Parasite","Deflect+1"],"relics":["Golden Idol","Akabeko","Sizzling Blood","Bottled Flame","Replay:Ancient Bell","Mastiff:ReiMu","Darkstone Periapt","Lizard Tail","MutagenicStrength","Regal Pillow","Snake Skull","ReplayTheSpireMod:Lightbulb","Black Star"],"acts_visited":["Exordium","TheCity","TheBeyond"],"potions_floor_usage":[18,25,38,39,39,39],"damage_taken":[{"damage":0,"enemies":"Small Slimes","floor":1,"turns":2},{"damage":0,"enemies":"2 Louse","floor":3,"turns":2},{"damage":0,"enemies":"Gremlin Nob","floor":7,"turns":3},{"damage":0,"enemies":"Jaw Worm","floor":11,"turns":3},{"damage":0,"enemies":"Blue Slaver","floor":12,"turns":3},{"damage":0,"enemies":"Large Slime","floor":14,"turns":6},{"damage":1,"enemies":"Hexaghost","floor":16,"turns":16},{"damage":2,"enemies":"2 Thieves","floor":18,"turns":4},{"damage":4,"enemies":"Chosen","floor":22,"turns":4},{"damage":19,"enemies":"Book of Stabbing","floor":25,"turns":7},{"damage":0,"enemies":"3 Cultists","floor":27,"turns":5},{"damage":12,"enemies":"Shelled Parasite and Fungi","floor":29,"turns":6},{"damage":28,"enemies":"Slavers","floor":31,"turns":5},{"damage":32,"enemies":"Pondfish","floor":33,"turns":12},{"damage":13,"enemies":"3 Darklings","floor":35,"turns":6},{"damage":10,"enemies":"Orb Walker","floor":36,"turns":3},{"damage":30,"enemies":"Writhing Mass","floor":38,"turns":10},{"damage":100,"enemies":"Orin","floor":39,"turns":6}],"seed_played":"-5667252152787480814","potions_obtained":[{"floor":3,"key":"Weak Potion"},{"floor":12,"key":"Explosive Potion"},{"floor":16,"key":"Reflective Coating"},{"floor":25,"key":"ZuzhouPotion:ReiMu"},{"floor":27,"key":"Reflective Coating"},{"floor":38,"key":"GhostInAJar"}],"is_trial":true,"path_per_floor":["M","?","M","?","$","R","?","?","T","$","M","M","R","M","R","B",null,"M","$","?","?","M","R","?","E","T","M","?","M","R","E","R","B",null,"M","M","?","M","?"],"character_chosen":"THE_SILENT","items_purchased":["Footwork","Acrobatics"],"campfire_rested":1,"item_purchase_floors":[5,10],"current_hp_per_floor":[70,59,59,42,42,42,42,46,46,46,50,54,54,58,58,61,89,91,91,91,91,91,91,91,76,76,80,80,72,72,48,90,62,85,76,70,65,45,0,0],"gold":646,"neow_bonus":"","is_daily":false,"chose_seed":false,"campfire_upgraded":5,"win_rate":0.0,"timestamp":1610473214,"path_taken":["M","?","M","?","$","R","?","?","T","?","M","M","R","?","R","BOSS","M","$","?","?","?","R","?","E","T","M","?","M","R","E","R","BOSS","M","M","?","M","?"],"items_purchased_type":["Card","Card"],"build_version":"2020-12-22","purchased_purges":1,"victory":false,"max_hp_per_floor":[70,70,70,70,70,70,70,74,74,74,74,74,74,74,74,74,92,92,92,92,92,92,92,92,92,92,92,92,92,92,92,92,92,92,92,92,92,98,98,98],"card_choices":[{"not_picked":["Outmaneuver","Riddle With Holes"],"picked":"Blur","floor":1},{"not_picked":["Bane","Heel Hook"],"picked":"Cloak And Dagger","floor":3},{"not_picked":["Sneak Up","PiercingWail"],"picked":"Footwork","floor":7},{"not_picked":["Expertise","Sucker Punch","Dash"],"picked":"SKIP","floor":11},{"not_picked":["Heel Hook","Dash"],"picked":"Draining Mist","floor":12},{"not_picked":["ReplayTheSpireMod:Exploit Weakness","Draining Mist"],"picked":"Backstab","floor":14},{"not_picked":["Unload","ReplayTheSpireMod:Necrosis"],"picked":"Storm of Steel","floor":16},{"not_picked":["ReplayTheSpireMod:Splinters","Parasite"],"picked":"Replay:Sluggish","floor":17},{"not_picked":["AbeCurse","Looming Evil"],"picked":"Regret","floor":17},{"not_picked":["Pain","Poor:ReiMu"],"picked":"Spreading Infection","floor":17},{"not_picked":["Outmaneuver","Flying Knee+1","Caltrops"],"picked":"SKIP","floor":18},{"not_picked":["Deflect","Slice"],"picked":"Envenom","floor":22},{"not_picked":["Dagger Throw+1","Poisoned Stab"],"picked":"Backflip","floor":25},{"not_picked":["Choke","ReplayTheSpireMod:Shiv Toss"],"picked":"Acrobatics","floor":27},{"not_picked":["Backflip","Dagger Throw+1","Poisoned Stab"],"picked":"SKIP","floor":29},{"not_picked":["Prepared","Poisoned Stab+1"],"picked":"Acrobatics+1","floor":31},{"not_picked":["Prepared+1","Backflip+1"],"picked":"Blade Dance+1","floor":35},{"not_picked":["Slice+1","Bouncing Flask"],"picked":"Cloak And Dagger+1","floor":36},{"not_picked":["Chrysalis","Discovery"],"picked":"ReplayTheSpireMod:Brewmster","floor":37},{"not_picked":["PanicButton","Violence"],"picked":"Dramatic Entrance","floor":37},{"not_picked":["Hidden Blade","Concentrate"],"picked":"Deflect+1","floor":38}],"player_experience":1186253,"relics_obtained":[{"floor":9,"key":"Bottled Flame"},{"floor":25,"key":"Regal Pillow"},{"floor":26,"key":"Snake Skull"},{"floor":31,"key":"ReplayTheSpireMod:Lightbulb"}],"event_choices":[{"damage_healed":0,"gold_gain":75,"player_choice":"Gather Gold","damage_taken":11,"max_hp_gain":0,"max_hp_loss":0,"event_name":"World of Goop","floor":2,"gold_loss":0},{"damage_healed":0,"gold_gain":0,"player_choice":"Take Damage","damage_taken":17,"relics_obtained":["Golden Idol"],"max_hp_gain":0,"max_hp_loss":0,"event_name":"Golden Idol","floor":4,"gold_loss":0},{"damage_healed":0,"gold_gain":0,"player_choice":"Searched \u00272\u0027 times","damage_taken":0,"relics_obtained":["Akabeko"],"max_hp_gain":0,"max_hp_loss":0,"event_name":"Dead Adventurer","floor":7,"gold_loss":0},{"cards_removed":["Spreading Infection"],"damage_healed":0,"gold_gain":0,"player_choice":"Elegance","damage_taken":0,"max_hp_gain":0,"max_hp_loss":0,"event_name":"Back to Basics","floor":20,"gold_loss":0},{"damage_healed":0,"gold_gain":0,"player_choice":"Bought 0 Potions","damage_taken":0,"max_hp_gain":0,"max_hp_loss":0,"event_name":"The Woman in Blue","floor":21,"gold_loss":0},{"damage_healed":0,"gold_gain":0,"player_choice":"Inject Mutagens","damage_taken":0,"relics_obtained":["MutagenicStrength"],"max_hp_gain":0,"max_hp_loss":0,"event_name":"Drug Dealer","floor":24,"gold_loss":0},{"damage_healed":0,"gold_gain":0,"player_choice":"Read","damage_taken":0,"max_hp_gain":0,"max_hp_loss":0,"event_name":"The Library","floor":28,"gold_loss":0,"cards_obtained":["Acrobatics"]},{"damage_healed":0,"gold_gain":0,"player_choice":"Memory 2","damage_taken":5,"max_hp_gain":0,"max_hp_loss":0,"event_name":"SensoryStone","floor":37,"gold_loss":0},{"damage_healed":0,"gold_gain":0,"player_choice":"Fight","damage_taken":0,"max_hp_gain":0,"max_hp_loss":0,"event_name":"OrinTheCat","floor":39,"gold_loss":0}],"is_beta":false,"boss_relics":[{"not_picked":["Busted Crown","Abe\u0027s Treasure"],"picked":"Replay:Ancient Bell"},{"not_picked":["Replay:Baseball","RuthlessExorcism:ReiMu"],"picked":"Mastiff:ReiMu"},{"not_picked":["Replay:WaspNest","CrazyTorch:ReiMu"],"picked":"Darkstone Periapt"},{"not_picked":["TungstenRod","Torii"],"picked":"Lizard Tail"},{"not_picked":["SacredBark","Astrolabe"],"picked":"Black Star"}],"items_purged_floors":[19],"is_endless":false,"potions_floor_spawned":[3,12,16,25,27,36,38],"killed_by":"Orin","ascension_level":5}}