{"host":"t57cmx9i4dws44v8","time":1610467617,"event":{"mods":["BaseMod","Hermit","Minty Spire (QoL Compilation)","StSLib","The Servant 0.9.4"],"gold_per_floor":[116,130,130,130,80,107,107,125,151,151,181,193,206,234,234,332,332,349,136,136,336,351,351,351],"floor_reached":23,"playtime":1197,"items_purged":["hermit:Strike_Hermit"],"score":209,"play_id":"3a508874-eb49-44de-9c0d-85e7f3afeaad","local_time":"20210113000657","is_ascension_mode":false,"campfire_choices":[{"data":"hermit:Snipe","floor":7.0,"key":"SMITH"},{"data":"hermit:Covet","floor":10.0,"key":"SMITH"},{"floor":15.0,"key":"REST"}],"circlet_count":0,"master_deck":["hermit:Strike_Hermit","hermit:Strike_Hermit","hermit:Strike_Hermit","hermit:Defend_Hermit","hermit:Defend_Hermit","hermit:Defend_Hermit","hermit:Defend_Hermit","hermit:Snapshot","hermit:Covet+1","Doubt","hermit:GhostlyPresence","hermit:Snipe+1","hermit:LowProfile","hermit:PistolWhip","hermit:PistolWhip","hermit:Misfire","hermit:ShadowCloak","hermit:Glare","hermit:ShadowCloak+1","hermit:Reprieve","hermit:Manifest"],"relics":["hermit:Momento","Turnip","Ancient Tea Set","Boot","Centennial Puzzle","Bottled Lightning","Sundial"],"acts_visited":["Exordium","TheCity"],"potions_floor_usage":[23,23],"damage_taken":[{"damage":5.0,"enemies":"Cultist","floor":1.0,"turns":4.0},{"damage":6.0,"enemies":"Jaw Worm","floor":2.0,"turns":4.0},{"damage":4.0,"enemies":"Gremlin Nob","floor":6.0,"turns":4.0},{"damage":0.0,"enemies":"2 Louse","floor":8.0,"turns":3.0},{"damage":23.0,"enemies":"3 Sentries","floor":11.0,"turns":10.0},{"damage":14.0,"enemies":"Exordium Thugs","floor":12.0,"turns":4.0},{"damage":5.0,"enemies":"Looter","floor":13.0,"turns":2.0},{"damage":7.0,"enemies":"Gremlin Nob","floor":14.0,"turns":4.0},{"damage":24.0,"enemies":"The Guardian","floor":16.0,"turns":15.0},{"damage":23.0,"enemies":"3 Byrds","floor":18.0,"turns":6.0},{"damage":10.0,"enemies":"Shell Parasite","floor":22.0,"turns":8.0},{"damage":54,"enemies":"Book of Stabbing","floor":23,"turns":7}],"seed_played":"7472567162452287714","potions_obtained":[{"floor":1.0,"key":"ColorlessPotion"},{"floor":2.0,"key":"Regen Potion"},{"floor":8.0,"key":"SneckoOil"},{"floor":13.0,"key":"EssenceOfSteel"},{"floor":14.0,"key":"hermit:Tonic"},{"floor":16.0,"key":"PowerPotion"}],"is_trial":false,"path_per_floor":["M","M","$","?","$","E","R","M","T","R","E","M","M","E","R","B",null,"M","$","?","?","M","E"],"character_chosen":"HERMIT","items_purchased":["hermit:Snipe","hermit:Reprieve"],"campfire_rested":1,"item_purchase_floors":[5,19],"current_hp_per_floor":[70,64,64,52,52,48,48,48,48,48,25,11,6,8,30,6,75,52,52,52,52,50,0,0],"gold":351,"neow_bonus":"ONE_RARE_RELIC","is_daily":false,"chose_seed":false,"campfire_upgraded":2,"win_rate":0.0,"timestamp":1610467617,"path_taken":["M","M","?","?","?","E","R","?","T","R","E","?","M","E","R","BOSS","M","$","?","?","M","E"],"items_purchased_type":["Card","Card"],"build_version":"2020-12-22","purchased_purges":1,"victory":false,"max_hp_per_floor":[75,75,75,75,75,75,75,75,75,75,75,75,75,75,75,75,75,75,75,75,75,75,75,75],"card_choices":[{"not_picked":["hermit:TakeAim","hermit:Enervate"],"picked":"hermit:GhostlyPresence","floor":1.0},{"not_picked":["hermit:Ricochet","hermit:Headshot","hermit:DeadMansHand"],"picked":"SKIP","floor":2.0},{"not_picked":["hermit:HighCaliber","hermit:SprayPray"],"picked":"hermit:LowProfile","floor":6.0},{"not_picked":["hermit:Cheat","hermit:CalledShot"],"picked":"hermit:PistolWhip","floor":8.0},{"not_picked":["hermit:Roulette","hermit:Enervate"],"picked":"hermit:PistolWhip","floor":11.0},{"not_picked":["hermit:FlashPowder","hermit:Combo"],"picked":"hermit:Misfire","floor":12.0},{"not_picked":["hermit:Dive","hermit:BodyArmor"],"picked":"hermit:ShadowCloak","floor":13.0},{"not_picked":["hermit:OverwhelmingPower","hermit:Feint"],"picked":"hermit:Glare","floor":14.0},{"not_picked":["hermit:TrackingShot","hermit:Midnight"],"picked":"hermit:ShadowCloak+1","floor":18.0},{"not_picked":["hermit:CalledShot","hermit:HoleUp"],"picked":"hermit:Manifest","floor":22.0}],"player_experience":1023345,"relics_obtained":[{"floor":6.0,"key":"Boot"},{"floor":9.0,"key":"Centennial Puzzle"},{"floor":11.0,"key":"Bottled Lightning"},{"floor":14.0,"key":"Sundial"}],"event_choices":[{"damage_healed":0.0,"max_hp_gain":0.0,"max_hp_loss":0.0,"gold_gain":0.0,"event_name":"Scrap Ooze","player_choice":"Success","floor":4.0,"gold_loss":0.0,"damage_taken":12.0,"relics_obtained":["Ancient Tea Set"]},{"damage_healed":0.0,"max_hp_gain":0.0,"max_hp_loss":0.0,"gold_gain":0.0,"event_name":"Cursed Tome","player_choice":"Ignored","floor":20.0,"gold_loss":0.0,"damage_taken":0.0},{"damage_healed":0.0,"max_hp_gain":0.0,"max_hp_loss":0.0,"gold_gain":250.0,"event_name":"The Joust","player_choice":"Bet on Owner","floor":21.0,"gold_loss":50.0,"damage_taken":0.0}],"is_beta":false,"boss_relics":[{"not_picked":["Ectoplasm","Empty Cage","Runic Pyramid"]}],"items_purged_floors":[19],"is_endless":false,"potions_floor_spawned":[1,2,8,13,14,16,22],"killed_by":"Book of Stabbing","ascension_level":0}}