{"host":"vh84ep2bvzg72dp7","time":1610482904,"event":{"mods":["2.2 Compatiblity","AchievementEnabler","Act Like it!","Aspiration","Astrologer","Bard","BaseMod","Beaked The Cultist","Better Altar","Better Match","Better Note","Better Sensory Stone","Better Skull","Better Third Choice","BetterRewards","Conspire","Downfall","Halation","Hallownest","Hermit","Hubris","Infinite Spire","Jorbs\u0027s Wanderer Trilogy","Marisa（霧雨　魔理沙）","Minty Spire (QoL Compilation)","MostiFishMod","Replay The Spire","Shop Mod","Spicy Shops","StSLib","The Alterego","The Animator","The Bug Knight","The Construct","The Cursed","The Hierophant","The Poker Player","The Runesmith","The Servant 0.9.4","The Wild Card","TheArtist","WarShipGirlsR/战舰少女R mod","vexMod"],"gold_per_floor":[117,137,150,150,150,150,182,182,182,198,208,239,239,7,7,104,104,119,119,139,139,149,179,194,194,220,220,220,145,160,89,89,186,186,203,43,43,43,59,59,71,88,88,88,88,88,88,100,100,100],"floor_reached":51,"language":"ENG","playtime":2064,"items_purged":[],"score":873,"play_id":"dd0bee16-5b16-491e-b440-ded778097ee7","local_time":"20210113032144","is_ascension_mode":false,"campfire_choices":[{"floor":6.0,"key":"REST"},{"floor":8.0,"key":"REST"},{"data":"1","floor":15.0,"key":"LIFT"},{"data":"2","floor":25.0,"key":"LIFT"},{"data":"3","floor":27.0,"key":"LIFT"},{"floor":32.0,"key":"DIG"},{"data":"MostiFishMod:SephirahHod","floor":40,"key":"SMITH"},{"floor":49,"key":"DIG"}],"circlet_count":0,"master_deck":["alterego_mod:Strike","alterego_mod:Strike","alterego_mod:Strike","alterego_mod:Strike+1","alterego_mod:Defend","alterego_mod:Defend","alterego_mod:Defend","alterego_mod:Defend","alterego_mod:Impale","alterego_mod:BigMeatyClaws","alterego_mod:BrynhildrsRune","alterego_mod:Maid","alterego_mod:Skirt+1","alterego_mod:Clones","alterego_mod:1TonWallop","alterego_mod:Valkyrie","alterego_mod:Birthday","alterego_mod:BiFurious","alterego_mod:STier","alterego_mod:Pet","alterego_mod:Complex","alterego_mod:BiFurious","alterego_mod:BustOut","alterego_mod:GoddessCore","alterego_mod:DeftHands","alterego_mod:Support","alterego_mod:Tantrum","alterego_mod:BusterCard","alterego_mod:Palingenesis","MostiFishMod:SephirahHod+1","alterego_mod:SakuraFive+1","alterego_mod:Weigh","alterego_mod:DeftHands","alterego_mod:Schoolgirl","alterego_mod:Jiggle","Hallownest:curseDreamersLament","alterego_mod:Bounce"],"relics":["alterego_mod:MasochisticConstitution","DaveBox","NightmareShop","SynthV:TestCard","ReplayTheSpireMod:TigerMarble","Pen Nib","Potion Belt","Orichalcum","Sundial","aspiration:TomeofQuesting","Girya","halation:PromiseList","ExusiaiGun","ReplayTheSpireMod:Ring of Exchange","Vajra","Question Card","Pet Ghost","aspiration:ChemicalBlood","MostiFishMod:Hod","Hallownest:HeavyBlowRelic","hubris:Towel","HollowMod:LifeEnderRelic","halation:PinkSoulGem","Hallownest:BeastSealRelic","conspire:Boomerang"],"acts_visited":["Hallownest:Greenpath","Hallownest:CityofTears","Hallownest:KingdomsEdge"],"potions_floor_usage":[],"damage_taken":[{"damage":9.0,"enemies":"Hallownest:2_Tiktiks_and_1_Crawlid","floor":1.0,"turns":2.0},{"damage":0.0,"enemies":"Hallownest:monsterHuskWarrior","floor":3.0,"turns":2.0},{"damage":27.0,"enemies":"Hallownest:eliteMossKnight","floor":7.0,"turns":6.0},{"damage":0.0,"enemies":"2_ Uuma","floor":10.0,"turns":5.0},{"damage":0.0,"enemies":"Hallownest:monsterAspidMother","floor":11.0,"turns":3.0},{"damage":15.0,"enemies":"Hallownest:eliteCrystalGuardian","floor":12.0,"turns":3.0},{"damage":39.0,"enemies":"Hallownest:BossBrokenVessel","floor":16.0,"turns":7.0},{"damage":0.0,"enemies":"Hallownest:3_Youths","floor":18.0,"turns":1.0},{"damage":0.0,"enemies":"Hallownest:Guard_and_Sentry","floor":20.0,"turns":1.0},{"damage":0.0,"enemies":"Hallownest:2_Husk_Sentries","floor":22.0,"turns":2.0},{"damage":35.0,"enemies":"Hallownest:eliteWatcherKnight","floor":23.0,"turns":8.0},{"damage":0.0,"enemies":"Hallownest:monsterMisterMushroom","floor":24.0,"turns":1.0},{"damage":0.0,"enemies":"Hallownest:Warrior_and_Youth","floor":30.0,"turns":1.0},{"damage":0.0,"enemies":"Hallownest:BossGrimm","floor":33.0,"turns":2.0},{"damage":0,"enemies":"Hallownest:2_Littles","floor":35,"turns":1},{"damage":1,"enemies":"Hallownest:Shield_Heavy","floor":39,"turns":1},{"damage":0,"enemies":"Hallownest:Slobbering_and_Violent","floor":41,"turns":1},{"damage":0,"enemies":"Hallownest:monsterPrimalAspid","floor":42,"turns":1},{"damage":24,"enemies":"Hallownest:2_Wing_and_1_Kings","floor":48,"turns":1},{"damage":24,"enemies":"Hallownest:BossGreyPrinceZote","floor":50,"turns":1}],"seed_played":"-2201775786674074542","potions_obtained":[{"floor":3.0,"key":"Energy Potion"},{"floor":7.0,"key":"Explosive Potion"},{"floor":10.0,"key":"Weak Potion"},{"floor":20.0,"key":"DistilledChaos"},{"floor":50,"key":"Fire Potion"}],"is_trial":false,"path_per_floor":["M","?","M","?","?","R","E","R","T","M","M","E","?","$","R","B",null,"M","?","M","T","M","E","M","R","T","R","?","?","M","$","R","B",null,"M","$","?","?","M","R","M","M","T","?","$","?","$","M","R","B",null],"character_chosen":"The_Alterego","items_purchased":["Girya","halation:PromiseList","alterego_mod:BusterCard","alterego_mod:Weigh"],"campfire_rested":2,"item_purchase_floors":[14,14,31,36],"current_hp_per_floor":[69,69,69,69,11,34,8,31,31,45,66,52,52,52,52,40,81,81,81,81,81,81,56,56,56,56,56,56,56,58,58,58,58,82,82,82,82,82,83,83,83,83,83,83,83,83,83,60,60,37],"gold":100,"neow_bonus":"TEN_PERCENT_HP_BONUS","is_daily":false,"chose_seed":false,"campfire_upgraded":1,"win_rate":0.0,"timestamp":1610482904,"path_taken":["M","?","M","?","?","R","E","R","T","M","?","E","?","$","R","BOSS","M","?","M","?","M","E","M","R","T","R","?","?","?","$","R","BOSS","M","$","?","?","M","R","M","M","T","?","?","?","?","M","R","BOSS"],"items_purchased_type":["Relic","Relic","Card","Card"],"build_version":"2020-12-22","purchased_purges":0,"victory":true,"max_hp_per_floor":[78,78,78,78,78,78,79,79,79,79,79,80,80,80,80,81,81,81,81,81,81,81,82,82,82,82,82,82,82,82,82,82,82,82,82,82,82,82,83,83,83,83,83,83,83,83,83,84,84,85],"card_choices":[{"not_picked":["alterego_mod:Bunnysuit","alterego_mod:Jiggle"],"picked":"alterego_mod:Maid","floor":1.0},{"not_picked":["alterego_mod:Cooking","alterego_mod:DustData","alterego_mod:Undulate","alterego_mod:Clones"],"picked":"alterego_mod:Skirt","floor":3.0},{"not_picked":["alterego_mod:Valentines","alterego_mod:Crossover","alterego_mod:PurpleHair","alterego_mod:AlterEgo"],"picked":"alterego_mod:Clones","floor":7.0},{"not_picked":["alterego_mod:DeftHands","alterego_mod:Bunnysuit","alterego_mod:Santa","alterego_mod:Birthday"],"picked":"alterego_mod:1TonWallop","floor":10.0},{"not_picked":["alterego_mod:Jiggle","alterego_mod:Rip","alterego_mod:MagicResistance","alterego_mod:TrashNCrash"],"picked":"alterego_mod:Valkyrie","floor":11.0},{"not_picked":["alterego_mod:SuperDuperMasochism","alterego_mod:Smother","alterego_mod:PurpleHair","alterego_mod:MagicResistance"],"picked":"alterego_mod:Birthday","floor":12.0},{"not_picked":["alterego_mod:TrickOrTreatment","alterego_mod:InsideBaseball","alterego_mod:BrynhildrRomantia","alterego_mod:GIGAMILK"],"picked":"alterego_mod:STier","floor":16.0},{"not_picked":["alterego_mod:Exercise","alterego_mod:BeGentle+1","alterego_mod:Bounce","alterego_mod:PerceptionDisorder"],"picked":"alterego_mod:Pet","floor":18.0},{"not_picked":["alterego_mod:HighServant","alterego_mod:MagicResistance","alterego_mod:1TonWallop","alterego_mod:Palingenesis"],"picked":"alterego_mod:Complex","floor":20.0},{"not_picked":["alterego_mod:MaintainEyeContact","alterego_mod:GachaTicket","alterego_mod:MagicResistance","alterego_mod:DiscoLights"],"picked":"alterego_mod:BiFurious","floor":22.0},{"not_picked":["alterego_mod:PresenceConcealment","alterego_mod:Mirror+1","alterego_mod:Smother","alterego_mod:BeGentle"],"picked":"alterego_mod:BustOut","floor":23.0},{"not_picked":["alterego_mod:AlterEgo","alterego_mod:1TonWallop+1","alterego_mod:IndependentAction","alterego_mod:Santa","alterego_mod:Table"],"picked":"alterego_mod:GoddessCore","floor":24.0},{"not_picked":["alterego_mod:Bounce","alterego_mod:Complex","alterego_mod:HighServant","alterego_mod:Maid","alterego_mod:Skirt"],"picked":"alterego_mod:DeftHands","floor":29.0},{"not_picked":["alterego_mod:SakuraLabyrinth","alterego_mod:BusterCard","alterego_mod:Swimsuit","alterego_mod:Valentines","alterego_mod:Schoolgirl"],"picked":"alterego_mod:Support","floor":29.0},{"not_picked":["alterego_mod:Crossover","alterego_mod:Mirror","alterego_mod:Rip","alterego_mod:PresenceConcealment","alterego_mod:BiFurious"],"picked":"alterego_mod:Tantrum","floor":30.0},{"not_picked":["alterego_mod:TrickOrTreatment","alterego_mod:STier","alterego_mod:Lift","alterego_mod:PainIsPleasure","alterego_mod:AlterEgo"],"picked":"alterego_mod:Palingenesis","floor":33.0},{"not_picked":["alterego_mod:1TonWallop+1","alterego_mod:GoddessCore+1","alterego_mod:Cooking","alterego_mod:Mirror","alterego_mod:Lift"],"picked":"alterego_mod:SakuraFive+1","floor":35},{"not_picked":["alterego_mod:SakuraLabyrinth","alterego_mod:Stockings+1","alterego_mod:1TonWallop","alterego_mod:Bunnysuit","alterego_mod:DestructionOfProperty"],"picked":"alterego_mod:DeftHands","floor":39},{"not_picked":["alterego_mod:GoddessCore","alterego_mod:BiFurious+1","alterego_mod:Complex","alterego_mod:RidiculouslyBig+1","alterego_mod:Lingerie"],"picked":"alterego_mod:Schoolgirl","floor":41},{"not_picked":["alterego_mod:Bloomers+1","alterego_mod:DeftHands+1","alterego_mod:Stockings+1","alterego_mod:Support","alterego_mod:Punishment+1"],"picked":"alterego_mod:Jiggle","floor":42},{"not_picked":["alterego_mod:HighServant+1","alterego_mod:Rip","alterego_mod:Crossover","alterego_mod:DeftHands","alterego_mod:Birthday"],"picked":"alterego_mod:Bounce","floor":48}],"player_experience":348637,"relics_obtained":[{"floor":1.0,"key":"SynthV:TestCard"},{"floor":7.0,"key":"Orichalcum"},{"floor":9.0,"key":"Sundial"},{"floor":12.0,"key":"aspiration:TomeofQuesting"},{"floor":19.0,"key":"ReplayTheSpireMod:Ring of Exchange"},{"floor":21.0,"key":"Vajra"},{"floor":23.0,"key":"Question Card"},{"floor":26.0,"key":"Pet Ghost"},{"floor":32.0,"key":"aspiration:ChemicalBlood"},{"floor":43,"key":"HollowMod:LifeEnderRelic"},{"floor":49,"key":"conspire:Boomerang"}],"event_choices":[{"damage_healed":0.0,"max_hp_gain":0.0,"max_hp_loss":0.0,"gold_gain":0.0,"event_name":"betterSkull:BetterSkull","player_choice":"RE RE RE ","floor":5.0,"gold_loss":0.0,"damage_taken":64.0,"cards_upgraded":[],"relics_obtained":["ReplayTheSpireMod:TigerMarble","Pen Nib","Potion Belt"]},{"damage_healed":0.0,"max_hp_gain":0.0,"max_hp_loss":0.0,"gold_gain":0.0,"event_name":"conspire:Investor","player_choice":"Leave","floor":28.0,"gold_loss":0.0,"damage_taken":0.0},{"damage_healed":0.0,"max_hp_gain":0.0,"max_hp_loss":0.0,"gold_gain":0.0,"event_name":"betterMatch:BetterMatch","player_choice":"1","floor":29.0,"gold_loss":0.0,"damage_taken":0.0,"cards_obtained":["betterMatch:CommonCard","betterMatch:UncommonCard"]}],"is_beta":false,"boss_relics":[{"not_picked":["vexMod:MegatonBomb","hubris:CrackedHourglass"],"picked":"ExusiaiGun"},{"not_picked":["aspiration:SilentSkillbook","aspiration:RunicSpoon"],"picked":"MostiFishMod:Hod"}],"items_purged_floors":[],"is_endless":false,"potions_floor_spawned":[3,7,10,20,23,30,39],"ascension_level":0}}