{"host":"acw864156wjp8gcv","time":1610480461,"event":{"mods":["2.2 Compatiblity","AchievementEnabler","Ascension Reborn","Aspiration","BaseMod","Beaked The Cultist","Better Altar","Better Match","Better Note","Better Sensory Stone","Better Silent Start","Better Skull","Better Third Choice","Better Vampires","BetterRewards","Challenge The Spire","Colored Map","Colored Powertips","Conspire","Curses Come First","Downfall","Energized Spire","GifTheSpireLib","Halation","Hubris","Infinite Spire","Ironclad Rager","Jedi Mod","Mimic Mod","Minty Spire (QoL Compilation)","Permanent Neow","Relic Sorter","Replay The Spire","Shop Mod","Spicy Shops","Spikes Relics","StSLib","Stuff the Spire","The Blue Laboratory","The Construct","The Jungle","Wandering Minibosses","everything is the same but u backflip on backflip","vexMod"],"gold_per_floor":[109,109,109,120,130,130,155,172,172,172,205,224,49,75,75,178,178,192,202,221,221,221,221,251,264,303,321,337,337,348,363,363,467,467,480,480,480,495,510,539,554,554,600,600,614,634,634,652,652,652,652,652,63,91,91,91],"floor_reached":55,"language":"ENG","playtime":1741,"items_purged":["construct:Defend_Gold+1","construct:Strike_Gold+1"],"score":920,"play_id":"8afc44b5-fbcc-4996-aa3d-4c6c3b157bcc","local_time":"20210112134101","is_ascension_mode":true,"campfire_choices":[{"data":"construct:LaserCore","floor":6,"key":"SMITH"},{"data":"construct:LaserCore+1","floor":10,"key":"SMITH"},{"floor":15,"key":"REST"},{"data":"StuffTheSpire:PestControl","floor":23,"key":"SMITH"},{"data":"construct:SweepLaser+1","floor":29,"key":"SMITH"},{"data":"construct:Autoturret+1","floor":32,"key":"SMITH"},{"data":"construct:FlakBarrage","floor":42,"key":"SMITH"},{"data":"construct:SweepLaser+1","floor":44,"key":"SMITH"},{"data":"construct:FlakBarrage+1","floor":49,"key":"SMITH"},{"data":"construct:AttackMode+1","floor":52,"key":"SMITH"}],"circlet_count":0,"master_deck":["construct:Strike_Gold+1","construct:Strike_Gold+1","construct:Strike_Gold+1","construct:Defend_Gold+1","construct:Defend_Gold+1","construct:Defend_Gold+1","construct:Defend_Gold+2","construct:AttackMode+2","construct:DefenseMode+2","construct:LaserCore+2","construct:SweepLaser+2","hubris:InfiniteBlow+93","StuffTheSpire:PestControl+1","construct:Autoturret+2","construct:Reserves+1","construct:SweepLaser+2","construct:FlakBarrage+2","Crow Ritual+2","Crow Ritual+2","Crow Ritual+2","Crow Ritual+2","Crow Ritual+2","construct:ScopeCore+1"],"relics":["construct:ClockworkPhoenix","halation:PinkSoulGem","aspiration:Nostalgia","Iron Core","hubris:Towel","jedi:shrinkray","LugNut","infinitespire:FocusingShard","Blue Doll","jedi:battlestandard","Replay:Wax Seal","ReplayTheSpireMod:Ninjato","aspiration:RandomNobGenerator","wanderingMiniBosses:Inkheart","construct:MasterCore","jedi:crownofsimplicity","halation:Diary","conspire:BottledYoYo","Mirror","aspiration:Lifesprig"],"acts_visited":["Exordium","TheCity","TheBeyond","TheEnding"],"potions_floor_usage":[],"damage_taken":[{"damage":0,"enemies":"Jaw Worm","floor":1,"turns":3},{"damage":0,"enemies":"conspire:RoseBush","floor":4,"turns":2},{"damage":0,"enemies":"2 Louse","floor":5,"turns":3},{"damage":29,"enemies":"Gremlin Nob","floor":7,"turns":4},{"damage":7,"enemies":"Gremlin Gang","floor":8,"turns":7},{"damage":19,"enemies":"3 Sentries","floor":11,"turns":4},{"damage":0,"enemies":"Looter","floor":12,"turns":2},{"damage":4,"enemies":"Gremlin Nob","floor":14,"turns":3},{"damage":5,"enemies":"Fading Forest","floor":16,"turns":11},{"damage":13,"enemies":"Shell Parasite","floor":18,"turns":5},{"damage":10,"enemies":"2 Thieves","floor":19,"turns":3},{"damage":37,"enemies":"Shelled Parasite and Fungi","floor":20,"turns":3},{"damage":0,"enemies":"Gremlin Leader","floor":24,"turns":2},{"damage":0,"enemies":"Snecko","floor":25,"turns":2},{"damage":6,"enemies":"conspire:HollyBat","floor":26,"turns":3},{"damage":0,"enemies":"conspire:HollyBat","floor":27,"turns":3},{"damage":0,"enemies":"Cultist and Chosen","floor":28,"turns":2},{"damage":0,"enemies":"Snecko","floor":30,"turns":2},{"damage":0,"enemies":"Snake Plant","floor":31,"turns":1},{"damage":0,"enemies":"conspire:MysteriousRune","floor":33,"turns":1},{"damage":16,"enemies":"Orb Walker","floor":35,"turns":3},{"damage":6,"enemies":"3 Shapes","floor":38,"turns":3},{"damage":0,"enemies":"Writhing Mass","floor":39,"turns":1},{"damage":0,"enemies":"beaked:SuperParasite","floor":40,"turns":2},{"damage":0,"enemies":"Sphere and 2 Shapes","floor":41,"turns":1},{"damage":13,"enemies":"4 Shapes","floor":45,"turns":2},{"damage":0,"enemies":"3 Darklings","floor":46,"turns":2},{"damage":0,"enemies":"Sphere and 2 Shapes","floor":48,"turns":2},{"damage":0,"enemies":"hubris:GrandSnecko","floor":50,"turns":2},{"damage":30,"enemies":"Shield and Spear","floor":54,"turns":3},{"damage":66,"enemies":"The Heart","floor":55,"turns":2}],"seed_played":"-6176567634019467550","potions_obtained":[{"floor":7,"key":"blueLaboratory:PhilterOfMotion"},{"floor":20,"key":"Dexterity Potion"},{"floor":28,"key":"Energy Potion"},{"floor":38,"key":"blueLaboratory:FruitPunch"}],"is_trial":false,"path_per_floor":["M","?","?","M","M","R","E","M","T","R","E","M","$","E","R","B",null,"M","M","M","?","?","R","E","M","MIM","M","M","R","M","M","R","B",null,"M","AVR","?","M","M","E","M","R","T","R","M","M","?","M","R","B",null,"R","$","E","B"],"character_chosen":"THE_CONSTRUCT_MOD","items_purchased":["halation:Diary","conspire:BottledYoYo","Mirror","Crow Ritual"],"campfire_rested":1,"item_purchase_floors":[53,53,53,53],"current_hp_per_floor":[85,85,85,85,85,85,56,49,49,49,30,30,30,26,51,56,85,72,62,25,25,5,5,35,35,29,29,29,29,29,29,29,29,85,69,69,4,79,79,79,79,79,79,79,66,66,66,66,66,66,85,85,85,55,0,0],"gold":91,"neow_bonus":"NOSTALGIA","is_daily":false,"chose_seed":false,"campfire_upgraded":9,"win_rate":0.0,"timestamp":1610480461,"path_taken":["M","?","?","?","M","R","E","M","T","R","E","M","?","E","R","BOSS","M","M","M","?","?","R","E","M","MIM","M","M","R","M","M","R","BOSS","M","AVR","?","M","?","E","M","R","T","R","M","M","?","M","R","BOSS","R","$","E","BOSS"],"items_purchased_type":["Relic","Relic","Relic","Card"],"build_version":"2020-12-22","purchased_purges":2,"victory":false,"max_hp_per_floor":[85,85,85,85,85,85,85,85,85,85,85,85,85,85,85,85,85,85,85,85,85,85,85,85,85,85,85,85,85,85,85,85,85,85,85,85,85,85,85,85,85,85,85,85,85,85,85,85,85,85,85,85,85,85,85,85],"card_choices":[{"not_picked":["construct:VentSteam","Flex"],"picked":"construct:LaserCore","floor":1},{"not_picked":["Hologram","Cold Snap","construct:Forcefield"],"picked":"SKIP","floor":4},{"not_picked":["construct:Dampening","construct:Accumulate","Scorching Beam"],"picked":"SKIP","floor":5},{"not_picked":["construct:Impenetrable","Fire Breathing","construct:SyphonStrike"],"picked":"SKIP","floor":7},{"not_picked":["construct:Autoturret","construct:SyphonStrike","construct:HeavyBolt"],"picked":"SKIP","floor":8},{"not_picked":["construct:Construct_Overclock","Anger","Dual Wield"],"picked":"SKIP","floor":11},{"not_picked":["Flex","Body Slam"],"picked":"Scorching Beam","floor":12},{"not_picked":["construct:HardReboot","construct:Antimatter"],"picked":"Clash","floor":14},{"not_picked":["construct:Forcefield+1","construct:FierceBash","construct:Synchronize"],"picked":"SKIP","floor":18},{"not_picked":["construct:SyphonStrike","construct:ClusterMines"],"picked":"construct:SweepLaser+1","floor":19},{"not_picked":["construct:MassProduction","construct:Isolate","construct:SuppressiveFire+1"],"picked":"SKIP","floor":20},{"not_picked":["construct:PointDefense","construct:SweepLaser","construct:ShiftStrike"],"picked":"SKIP","floor":24},{"not_picked":["construct:Backup","construct:Versatility"],"picked":"construct:Autoturret+1","floor":25},{"not_picked":["construct:OneWayMirror","construct:HeavyBolt+1","construct:Boost"],"picked":"SKIP","floor":27},{"not_picked":["construct:SuppressiveFire","construct:HardReboot","construct:Reinforce"],"picked":"SKIP","floor":28},{"not_picked":["construct:BatteryAcid","construct:Versatility","construct:Autoturret+1"],"picked":"SKIP","floor":30},{"not_picked":["construct:Hazardproof","construct:Versatility+1","construct:SyphonStrike"],"picked":"SKIP","floor":31},{"not_picked":["construct:ShieldGenerator","construct:PanicFire"],"picked":"construct:Reserves","floor":33},{"not_picked":["construct:Autoturret","construct:Boost+1","construct:Accumulate"],"picked":"SKIP","floor":35},{"not_picked":["construct:Impenetrable","construct:FierceBash"],"picked":"construct:SweepLaser+1","floor":38},{"not_picked":["construct:Dampening","construct:Versatility+1","construct:Disrupt"],"picked":"SKIP","floor":39},{"not_picked":["construct:CripplingShot","construct:Overcharge+1"],"picked":"construct:FlakBarrage","floor":40},{"not_picked":["construct:Enhance+1","construct:FierceBash+1","construct:FocusedBeam"],"picked":"SKIP","floor":41},{"not_picked":["construct:Boost+1","construct:BatteryAcid+1","construct:Dampening"],"picked":"SKIP","floor":45},{"not_picked":["construct:Versatility","construct:Boost","construct:ModeShift"],"picked":"SKIP","floor":46},{"not_picked":["construct:SpinDrive","construct:Isolate","construct:HeavyBolt"],"picked":"SKIP","floor":48},{"not_picked":["construct:ClockworkEgg","construct:FocusedBeam"],"picked":"construct:ScopeCore+1","floor":54}],"player_experience":152562,"relics_obtained":[{"floor":7,"key":"jedi:shrinkray"},{"floor":9,"key":"LugNut"},{"floor":11,"key":"infinitespire:FocusingShard"},{"floor":14,"key":"Blue Doll"},{"floor":24,"key":"Replay:Wax Seal"},{"floor":26,"key":"ReplayTheSpireMod:Ninjato"},{"floor":38,"key":"wanderingMiniBosses:Inkheart"},{"floor":40,"key":"construct:MasterCore"},{"floor":43,"key":"jedi:crownofsimplicity"},{"floor":54,"key":"aspiration:Lifesprig"}],"event_choices":[{"cards_removed":["construct:LaserCore"],"damage_healed":0,"gold_gain":0,"player_choice":"Take \u0026 Give","damage_taken":0,"max_hp_gain":0,"max_hp_loss":0,"event_name":"betterNote:BetterNote","floor":21,"gold_loss":0,"cards_obtained":["hubris:InfiniteBlow"]},{"cards_removed":["construct:Strike_Gold"],"damage_healed":0,"gold_gain":0,"player_choice":"Purged","damage_taken":0,"max_hp_gain":0,"max_hp_loss":0,"event_name":"Purifier","floor":37,"gold_loss":0},{"damage_healed":0,"gold_gain":0,"player_choice":"UP UP UP UP ","damage_taken":73,"relics_obtained":[],"max_hp_gain":0,"max_hp_loss":0,"event_name":"betterSkull:BetterSkull","floor":37,"gold_loss":0,"cards_upgraded":["construct:Reserves","hubris:InfiniteBlow","construct:DefenseMode","construct:Defend_Gold"]}],"is_beta":false,"boss_relics":[{"not_picked":["conspire:SlowCooker","energizedSpire:StickyHand"],"picked":"jedi:battlestandard"},{"not_picked":["Snecko Eye","Velvet Choker"],"picked":"aspiration:RandomNobGenerator"}],"items_purged_floors":[13,13],"is_endless":false,"potions_floor_spawned":[4,5,7,12,14,19,20,28,31,33,38,39,41],"killed_by":"The Heart","ascension_level":0}}