{"host":"qijhzzkmbgiiyux7","time":1610458245,"event":{"mods":["BaseMod","Downfall","Hermit","Marisa????????","Minty Spire (QoL Compilation)","Replay The Spire","StSLib","The Bug Knight","The Cursed","The Mystic"],"gold_per_floor":[116,132,151,167,342,342,370,222,222,222,232,232,246,264,264,264,264],"floor_reached":16,"playtime":1028,"items_purged":[],"score":104,"play_id":"f17e082b-7b4a-4b97-8057-db29f69bc087","local_time":"20210112163045","is_ascension_mode":false,"campfire_choices":[{"floor":6,"key":"REST"},{"floor":12,"key":"REST"},{"floor":15,"key":"REST"}],"circlet_count":0,"master_deck":["hermit:Strike_Hermit","hermit:Strike_Hermit","hermit:Strike_Hermit","hermit:Strike_Hermit","hermit:Defend_Hermit","hermit:Defend_Hermit","hermit:Defend_Hermit","hermit:Defend_Hermit","hermit:Snapshot","hermit:Covet","hermit:Headshot","hermit:Vantage","hermit:Manifest","hermit:Malice","Doubt","hermit:DeadOrAlive","hermit:TakeAim","hermit:TakeAim","hermit:ShadowCloak","hermit:Glare","hermit:HighCaliber","Purity","hermit:Snipe","hermit:Reprieve","hermit:CalledShot","hermit:TakeCover"],"relics":["hermit:Momento","NeowsBlessing","Question Card","Orrery","Onion Ring"],"acts_visited":["Exordium"],"potions_floor_usage":[16],"damage_taken":[{"damage":0,"enemies":"Jaw Worm","floor":1,"turns":1},{"damage":0,"enemies":"Cultist","floor":2,"turns":1},{"damage":0,"enemies":"2 Louse","floor":3,"turns":1},{"damage":19,"enemies":"Lots of Slimes","floor":4,"turns":8},{"damage":40,"enemies":"3 Sentries","floor":7,"turns":11},{"damage":13,"enemies":"Exordium Wildlife","floor":11,"turns":6},{"damage":19,"enemies":"Blue Slaver","floor":13,"turns":6},{"damage":12,"enemies":"Red Slaver","floor":14,"turns":5},{"damage":38,"enemies":"Hexaghost","floor":16,"turns":9}],"seed_played":"-3402947446386994611","potions_obtained":[{"floor":4,"key":"Strength Potion"},{"floor":13,"key":"BlessingOfTheForge"}],"is_trial":false,"path_per_floor":["M","M","M","M","?","R","E","$","T","?","M","R","M","M","R","B"],"character_chosen":"HERMIT","items_purchased":["Orrery"],"campfire_rested":3,"item_purchase_floors":[8],"current_hp_per_floor":[75,75,75,56,56,75,35,35,35,35,22,44,25,13,35,0,0],"gold":264,"neow_bonus":"THREE_ENEMY_KILL","is_daily":false,"chose_seed":false,"campfire_upgraded":0,"win_rate":0.0,"timestamp":1610458245,"path_taken":["M","M","M","M","?","R","E","$","T","?","M","R","M","?","R","BOSS"],"items_purchased_type":["Relic"],"build_version":"2020-12-22","purchased_purges":0,"victory":false,"max_hp_per_floor":[75,75,75,75,75,75,75,75,75,75,75,75,75,75,75,75,75],"card_choices":[{"not_picked":["hermit:TrackingShot","hermit:LuckOfTheDraw"],"picked":"hermit:Headshot","floor":1},{"not_picked":["hermit:WideOpen","hermit:GhostlyPresence"],"picked":"hermit:Vantage","floor":2},{"not_picked":["hermit:FullyLoaded","hermit:Scavenge"],"picked":"hermit:Manifest","floor":3},{"not_picked":["hermit:Headshot","hermit:Scavenge"],"picked":"hermit:Malice","floor":4},{"not_picked":["hermit:Dive","hermit:Headshot"],"picked":"hermit:DeadOrAlive","floor":7},{"not_picked":["hermit:BodyArmor","hermit:Quickdraw","hermit:Glare"],"picked":"hermit:TakeAim","floor":8},{"not_picked":["hermit:HoleUp","hermit:Cheat","hermit:Enervate"],"picked":"hermit:TakeAim","floor":8},{"not_picked":["hermit:WideOpen","hermit:CursedWeapon","hermit:Manifest"],"picked":"hermit:ShadowCloak","floor":8},{"not_picked":["hermit:TrackingShot","hermit:Headshot","hermit:FullyLoaded"],"picked":"hermit:Glare","floor":8},{"not_picked":["hermit:TakeAim","hermit:Scavenge","hermit:BigShot"],"picked":"hermit:HighCaliber","floor":8},{"not_picked":["hermit:Vantage","hermit:NoHoldsBarred","hermit:TakeAim"],"picked":"hermit:Reprieve","floor":11},{"not_picked":["hermit:Coalescence","hermit:Feint","hermit:Snipe"],"picked":"hermit:CalledShot","floor":13},{"not_picked":["hermit:Ricochet","hermit:HighCaliber","hermit:Headshot"],"picked":"hermit:TakeCover","floor":14}],"player_experience":22612,"relics_obtained":[{"floor":7,"key":"Question Card"},{"floor":9,"key":"Onion Ring"}],"event_choices":[{"damage_healed":0,"gold_gain":175,"player_choice":"AGREE","damage_taken":0,"max_hp_gain":0,"max_hp_loss":0,"event_name":"Liars Game","floor":5,"gold_loss":0,"cards_obtained":["Doubt"]},{"damage_healed":0,"gold_gain":0,"player_choice":"2 cards matched","damage_taken":0,"max_hp_gain":0,"max_hp_loss":0,"event_name":"Match and Keep!","floor":10,"gold_loss":0,"cards_obtained":["Purity","hermit:Snipe"]}],"is_beta":false,"boss_relics":[],"items_purged_floors":[],"is_endless":false,"potions_floor_spawned":[4,13],"killed_by":"Hexaghost","ascension_level":0}}