{"host":"2xjkbrmvrd7iq7pu","time":1610459298,"event":{"mods":["AchievementEnabler","Act Like it!","Arknights The Spire","BaseMod","Downfall","Gensokyo","Gremlin Mod","GungeonMod","KinomotoSakuraMod(Ä¾Ö®±¾Ó£)","Lobotomy","Minty Spire (QoL Compilation)","Replay The Spire","StSLib","The Alterego","The Bug Knight","The Cursed"],"gold_per_floor":[109,165,185,185,205,205,224,224,250,273,287,300,300,300,300,300,300],"floor_reached":16,"playtime":844,"items_purged":[],"score":92,"play_id":"3402477e-e7b6-4b3b-88e8-47f2ee0ae05a","local_time":"20210112214818","is_ascension_mode":false,"campfire_choices":[{"data":"ats:Support Order","floor":6.0,"key":"SMITH"},{"floor":13.0,"key":"REST"},{"floor":15.0,"key":"REST"}],"circlet_count":0,"master_deck":["ats:Strike C","ats:Strike G","ats:Strike S","ats:Strike V","ats:Armor Crushing Shot","ats:Defend","ats:Defend","ats:Defend","ats:Emotion Absorption","ats:Disruption Kick","ats:Ignite","ats:Support Order+1","ats:Assault Order","ats:Charging Defense","ats:Composite Medical Shells","ats:Sword Rain","ats:Blood Oath"],"relics":["ats:Sanity","Letter Opener","Golden Idol","ReplayTheSpireMod:Lightbulb","Boot","SsserpentHead"],"acts_visited":["Exordium"],"potions_floor_usage":[16],"damage_taken":[{"damage":3.0,"enemies":"Small Slimes","floor":1.0,"turns":4.0},{"damage":11.0,"enemies":"2 Louse","floor":3.0,"turns":3.0},{"damage":2.0,"enemies":"Cultist","floor":5.0,"turns":4.0},{"damage":2.0,"enemies":"2 Fungi Beasts","floor":7.0,"turns":4.0},{"damage":9.0,"enemies":"Red Slaver","floor":11.0,"turns":5.0},{"damage":19.0,"enemies":"Gremlin Gang","floor":12.0,"turns":4.0},{"damage":77,"enemies":"Fading Forest","floor":16,"turns":10}],"seed_played":"6554426735928304106","potions_obtained":[{"floor":3.0,"key":"Doom Potion"},{"floor":5.0,"key":"SkillPotion"},{"floor":7.0,"key":"Dexterity Potion"}],"is_trial":false,"path_per_floor":["M","?","M","?","M","R","M","?","T","T","M","M","R","?","R","B"],"character_chosen":"DOCTOR_CLASS","items_purchased":[],"campfire_rested":2,"item_purchase_floors":[],"current_hp_per_floor":[69,69,58,40,38,38,36,29,29,29,20,1,22,22,43,0,0],"gold":300,"neow_bonus":"ONE_RANDOM_RARE_CARD","is_daily":false,"chose_seed":false,"campfire_upgraded":1,"win_rate":0.0,"timestamp":1610459298,"path_taken":["M","?","M","?","M","R","M","?","T","?","?","M","R","?","R","BOSS"],"items_purchased_type":[],"build_version":"2020-12-22","purchased_purges":0,"victory":false,"max_hp_per_floor":[72,72,72,72,72,72,72,72,72,72,72,72,72,72,72,72,72],"card_choices":[{"not_picked":["ats:Hammer On","ats:Collapsing Strike"],"picked":"ats:Ignite","floor":1.0},{"not_picked":["ats:Childhood Dance","ats:Explosion Area Strengthen"],"picked":"ats:Support Order","floor":2.0},{"not_picked":["ats:Hammer On","ats:Shell Defense"],"picked":"ats:Assault Order","floor":2.0},{"not_picked":["ats:Explosion Area Strengthen","ats:Ignite"],"picked":"ats:Charging Defense","floor":3.0},{"not_picked":["ats:Ignite","ats:Flexible Camouflage"],"picked":"ats:Composite Medical Shells","floor":5.0},{"not_picked":["ats:Hammer On","ats:Leaping Hammer","ats:Curse Doll"],"picked":"SKIP","floor":7.0},{"not_picked":["ats:Ignite","ats:Powerful Strike"],"picked":"ats:Sword Rain","floor":11.0},{"not_picked":["ats:Ignite","ats:Flexible Camouflage"],"picked":"ats:Blood Oath","floor":12.0}],"player_experience":660850,"relics_obtained":[{"floor":2.0,"key":"Letter Opener"},{"floor":9.0,"key":"ReplayTheSpireMod:Lightbulb"},{"floor":10.0,"key":"Boot"}],"event_choices":[{"damage_healed":0.0,"max_hp_gain":0.0,"max_hp_loss":0.0,"gold_gain":0.0,"event_name":"Golden Idol","player_choice":"Take Damage","floor":4.0,"gold_loss":0.0,"damage_taken":18.0,"relics_obtained":["Golden Idol"]},{"cards_removed":["ats:Defend"],"damage_healed":0.0,"max_hp_gain":0.0,"max_hp_loss":0.0,"gold_gain":0.0,"event_name":"Golden Wing","player_choice":"Card Removal","floor":8.0,"gold_loss":0.0,"damage_taken":7.0},{"damage_healed":0.0,"max_hp_gain":0.0,"max_hp_loss":0.0,"gold_gain":0.0,"event_name":"FaceTrader","player_choice":"Trade","floor":14.0,"gold_loss":0.0,"damage_taken":0.0,"relics_obtained":["SsserpentHead"]}],"is_beta":false,"boss_relics":[],"items_purged_floors":[],"is_endless":false,"potions_floor_spawned":[3,5,7],"killed_by":"Fading Forest","ascension_level":0}}