{"host":"odz7g4gpgch153rb","time":1610422603,"event":{"mods":["AchievementEnabler","BaseMod","Better Match","Better Third Choice","BetterRewards","GifTheSpireLib","Infinite Spire","Jedi Mod","Minty Spire (QoL Compilation)","Quick Restart","Replay The Spire","Spikes Relics","StSLib","Stuff the Spire","The Blue Laboratory","Trackpad"],"gold_per_floor":[116,116,116,128,140,152,184,196,208,255,286,298,330,342,342],"floor_reached":14,"playtime":581,"items_purged":[],"score":215,"play_id":"38081a02-ce1e-49b9-8a90-2f1883aef5a4","local_time":"20210111223643","is_ascension_mode":true,"campfire_choices":[{"data":"Neutralize","floor":6.0,"key":"SMITH"},{"data":"Survivor","floor":8.0,"key":"SMITH"},{"data":"After Image","floor":12.0,"key":"SMITH"}],"circlet_count":0,"master_deck":["AscendersBane","Strike_G","Strike_G","Strike_G","Strike_G","Defend_G","Defend_G","Defend_G","Defend_G","Defend_G","Survivor+1","Neutralize+1","Expertise+1","Pot Of Greed","Pot Of Greed","After Image+1","Cloak And Dagger"],"relics":["Ring of the Snake","NeowsBlessing","Golden Idol","MawBank","StuffTheSpire:ForceGauntlet","Grinning Jar"],"acts_visited":["Exordium"],"potions_floor_usage":[13],"damage_taken":[{"damage":0.0,"enemies":"Jaw Worm","floor":1.0,"turns":1.0},{"damage":0.0,"enemies":"2 Louse","floor":7.0,"turns":1.0},{"damage":0.0,"enemies":"Lagavulin","floor":10.0,"turns":1.0},{"damage":0.0,"enemies":"Small Slimes","floor":11.0,"turns":4.0},{"damage":15,"enemies":"Exordium Thugs","floor":13,"turns":7},{"damage":30,"enemies":"Gremlin Nob","floor":14,"turns":3}],"seed_played":"-7513845087277490581","potions_obtained":[{"floor":7.0,"key":"BlessingOfTheForge"}],"is_trial":false,"path_per_floor":["M","?","?","?","?","R","M","R","T","E","M","R","M","E"],"character_chosen":"THE_SILENT","items_purchased":[],"campfire_rested":0,"item_purchase_floors":[],"current_hp_per_floor":[59,36,31,31,31,31,31,31,31,31,31,31,16,0,0],"gold":342,"neow_bonus":"THREE_ENEMY_KILL","is_daily":false,"chose_seed":false,"campfire_upgraded":3,"win_rate":0.0,"timestamp":1610422603,"path_taken":["M","?","?","?","?","R","M","R","T","E","M","R","M","E"],"items_purchased_type":[],"build_version":"2020-12-22","purchased_purges":0,"victory":false,"max_hp_per_floor":[66,66,66,66,66,66,66,66,66,66,66,66,66,66,66],"card_choices":[{"not_picked":["Hidden Blade","PiercingWail","Quick Slash"],"picked":"SKIP","floor":1.0},{"not_picked":["Sneak Up","Crippling Poison","ReplayTheSpireMod:Speed Training"],"picked":"SKIP","floor":7.0},{"not_picked":["Underhanded Strike","Backflip"],"picked":"After Image","floor":10.0},{"not_picked":["Dash","Sucker Punch","Replay:Poison Smokescreen"],"picked":"SKIP","floor":11.0},{"not_picked":["Slice","Concentrate"],"picked":"Cloak And Dagger","floor":13}],"player_experience":1033222,"relics_obtained":[{"floor":9.0,"key":"StuffTheSpire:ForceGauntlet"},{"floor":10.0,"key":"Grinning Jar"}],"event_choices":[{"damage_healed":0.0,"max_hp_gain":0.0,"max_hp_loss":0.0,"gold_gain":0.0,"event_name":"Golden Idol","player_choice":"Take Damage","floor":2.0,"gold_loss":0.0,"damage_taken":23.0,"relics_obtained":["Golden Idol"]},{"damage_healed":0.0,"max_hp_gain":0.0,"max_hp_loss":0.0,"gold_gain":0.0,"event_name":"betterThird:BetterScrap","player_choice":"Relic ","floor":3.0,"gold_loss":0.0,"damage_taken":5.0,"cards_obtained":["Core Surge"]}],"is_beta":false,"boss_relics":[],"items_purged_floors":[],"is_endless":false,"potions_floor_spawned":[7],"killed_by":"Gremlin Nob","ascension_level":18}}