{"host":"wfcf39wm1vkwpcs0","time":1610428470,"event":{"mods":["BaseMod","Hermit","Minty Spire (QoL Compilation)","StSLib","The Cursed","The Necromancer","The Servant 0.9.4"],"gold_per_floor":[18,34,54,17,36,36,68,68,68,68,28,44,44,65,65,65,65],"floor_reached":16,"playtime":844,"items_purged":[],"score":102,"play_id":"4ce6883b-b463-4a36-b8bd-94dc303ebf77","local_time":"20210112131430","is_ascension_mode":false,"campfire_choices":[{"floor":6,"key":"RECALL"},{"floor":8,"key":"REST"},{"floor":15,"key":"REST"}],"circlet_count":0,"master_deck":["Strike_G","Strike_G","Strike_G","Strike_G","Strike_G","Defend_G","Defend_G","Defend_G","Defend_G","Defend_G","Survivor","Neutralize","Wraith Form v2","Predator","Catalyst","Riddle With Holes","Outmaneuver","Catalyst","Injury","Bouncing Flask","Deadly Poison","Bane"],"relics":["Ring of the Snake","Tiny Chest","Golden Idol"],"acts_visited":["Exordium"],"potions_floor_usage":[5,7,12],"damage_taken":[{"damage":1,"enemies":"Jaw Worm","floor":1,"turns":5},{"damage":0,"enemies":"Small Slimes","floor":2,"turns":4},{"damage":0,"enemies":"2 Louse","floor":3,"turns":3},{"damage":6,"enemies":"Exordium Wildlife","floor":5,"turns":5},{"damage":39,"enemies":"3 Sentries","floor":7,"turns":12},{"damage":7,"enemies":"Blue Slaver","floor":12,"turns":3},{"damage":11,"enemies":"2 Fungi Beasts","floor":14,"turns":4},{"damage":54,"enemies":"Slime Boss","floor":16,"turns":9}],"seed_played":"8870873928226246612","potions_obtained":[{"floor":2,"key":"Swift Potion"},{"floor":3,"key":"PowerPotion"},{"floor":7,"key":"SpeedPotion"}],"is_trial":false,"path_per_floor":["M","M","M","?","M","R","E","R","T","?","$","M","?","M","R","B"],"character_chosen":"THE_SILENT","items_purchased":["Bouncing Flask"],"campfire_rested":2,"item_purchase_floors":[11],"current_hp_per_floor":[69,69,69,69,63,63,24,45,45,45,45,38,43,32,54,0,0],"gold":65,"neow_bonus":"THREE_RARE_CARDS","is_daily":false,"chose_seed":false,"campfire_upgraded":0,"win_rate":0.0,"timestamp":1610428470,"path_taken":["M","M","M","?","M","R","E","R","T","?","$","M","?","M","R","BOSS"],"items_purchased_type":["Card"],"build_version":"2020-12-22","purchased_purges":0,"victory":false,"max_hp_per_floor":[70,70,70,70,70,70,70,70,70,70,70,70,75,75,75,75,75],"card_choices":[{"not_picked":["Envenom","Doppelganger"],"picked":"Wraith Form v2","floor":0},{"not_picked":["Sucker Punch","PiercingWail"],"picked":"Predator","floor":1},{"not_picked":["Escape Plan","All Out Attack"],"picked":"Catalyst","floor":2},{"not_picked":["PiercingWail","Glass Knife"],"picked":"Riddle With Holes","floor":3},{"not_picked":["Bane","Noxious Fumes"],"picked":"Outmaneuver","floor":5},{"not_picked":["Terror","Caltrops"],"picked":"Catalyst","floor":7},{"not_picked":["Flechettes","Leg Sweep"],"picked":"Deadly Poison","floor":12},{"not_picked":["Deflect","Calculated Gamble"],"picked":"Bane","floor":14}],"player_experience":127416,"relics_obtained":[{"floor":7,"key":"Tiny Chest"}],"event_choices":[{"damage_healed":0,"gold_gain":0,"player_choice":"Left Gold","damage_taken":0,"max_hp_gain":0,"max_hp_loss":0,"event_name":"World of Goop","floor":4,"gold_loss":37},{"damage_healed":0,"gold_gain":0,"player_choice":"Take Wound","damage_taken":0,"relics_obtained":["Golden Idol"],"max_hp_gain":0,"max_hp_loss":0,"event_name":"Golden Idol","floor":10,"gold_loss":0,"cards_obtained":["Injury"]},{"damage_healed":0,"gold_gain":0,"player_choice":"Donut","damage_taken":0,"max_hp_gain":5,"max_hp_loss":0,"event_name":"Big Fish","floor":13,"gold_loss":0}],"is_beta":false,"boss_relics":[],"items_purged_floors":[],"is_endless":false,"potions_floor_spawned":[2,3,7],"killed_by":"Slime Boss","ascension_level":0}}