{"host":"ldbx2jhnvtia1ouf","time":1610461943,"event":{"mods":["BaseMod","Better Note","Better Sensory Stone","Better Skull","Better Third Choice","Block Reminder","Colored Map","Colored Powertips","Curses Come First","Highlight Path","Minty Spire (QoL Compilation)","Permanent Neow","Spicy Shops","StSLib","Transform Curses","Unceasing Turn Reminder"],"gold_per_floor":[118,193,0,18,18,18,28,28,103,103,142,166,116,116,116,236,236,249,30,30,30,53,53,91,91,162,162,162,162,29,45,45,170,170,185,37,61,82,101,101,101,135,162,180,180,180,219,238,238,238,238,238,16,56,56,56],"floor_reached":55,"playtime":4063,"items_purged":["Strike_R","Strike_R"],"score":766,"play_id":"93f0306f-cb48-41d1-84ce-662f8871ae9d","local_time":"20210113003223","is_ascension_mode":false,"campfire_choices":[{"data":"Berserk","floor":6,"key":"SMITH"},{"data":"Metallicize","floor":8,"key":"SMITH"},{"data":"Double Tap","floor":15,"key":"SMITH"},{"floor":23,"key":"REST"},{"floor":25,"key":"REST"},{"data":"Feed","floor":27,"key":"SMITH"},{"data":"Metamorphosis","floor":29,"key":"SMITH"},{"data":"Spot Weakness","floor":32,"key":"SMITH"},{"floor":40,"key":"REST"},{"floor":46,"key":"REST"},{"floor":49,"key":"RECALL"},{"data":"Berserk","floor":52,"key":"SMITH"}],"circlet_count":0,"master_deck":["Strike_R","Defend_R","Defend_R","Defend_R","Defend_R","Bash","Berserk+1","Metallicize+1","Flame Barrier","Rage","Carnage","Double Tap+1","Feed+1","CurseOfTheBell","Armaments+1","Body Slam+1","Shrug It Off","Blind","Metamorphosis+1","Spot Weakness+1","Exhume","Inflame","Battle Trance","Berserk+1","Berserk","Bloodletting","Double Tap+1","Warcry+1","Inflame+1","Flame Barrier+1","Metallicize+1","AscendersBane","Apotheosis+1","Iron Wave+1","Disarm+1","Panacea","Pummel+1"],"relics":["Burning Blood","Membership Card","Golden Idol","Bag of Preparation","Calling Bell","Blood Vial","Prayer Wheel","Torii","Nloth\u0027s Gift","CaptainsWheel","Blue Candle","Runic Pyramid","DollysMirror","Happy Flower","Smiling Mask","Omamori","Magic Flower","Paper Frog","Bronze Scales"],"acts_visited":["Exordium","TheCity","TheBeyond","TheEnding"],"potions_floor_usage":[11,22,24,24,30,33,38,48,50,50,55,55],"damage_taken":[{"damage":2,"enemies":"Small Slimes","floor":1,"turns":4},{"damage":3,"enemies":"Jaw Worm","floor":4,"turns":5},{"damage":0,"enemies":"Cultist","floor":7,"turns":4},{"damage":6,"enemies":"Gremlin Nob","floor":11,"turns":3},{"damage":0,"enemies":"Blue Slaver","floor":12,"turns":5},{"damage":29,"enemies":"The Guardian","floor":16,"turns":13},{"damage":46,"enemies":"Spheric Guardian","floor":18,"turns":10},{"damage":1,"enemies":"Shell Parasite","floor":22,"turns":9},{"damage":35,"enemies":"Gremlin Leader","floor":24,"turns":12},{"damage":5,"enemies":"Snake Plant","floor":31,"turns":7},{"damage":50,"enemies":"Automaton","floor":33,"turns":9},{"damage":17,"enemies":"Orb Walker","floor":35,"turns":4},{"damage":43,"enemies":"3 Darklings","floor":37,"turns":6},{"damage":28,"enemies":"Transient","floor":38,"turns":5},{"damage":41,"enemies":"Maw","floor":39,"turns":6},{"damage":13,"enemies":"Giant Head","floor":42,"turns":6},{"damage":16,"enemies":"4 Shapes","floor":44,"turns":8},{"damage":13,"enemies":"Nemesis","floor":47,"turns":7},{"damage":7,"enemies":"3 Darklings","floor":48,"turns":5},{"damage":70,"enemies":"Donu and Deca","floor":50,"turns":10},{"damage":38,"enemies":"Shield and Spear","floor":54,"turns":7},{"damage":85,"enemies":"The Heart","floor":55,"turns":6}],"seed_played":"5987425393984227664","potions_obtained":[{"floor":7,"key":"Fire Potion"},{"floor":16,"key":"ElixirPotion"},{"floor":18,"key":"Explosive Potion"},{"floor":22,"key":"Block Potion"},{"floor":24,"key":"LiquidMemories"},{"floor":37,"key":"BloodPotion"},{"floor":39,"key":"LiquidBronze"},{"floor":42,"key":"FearPotion"},{"floor":47,"key":"DuplicationPotion"},{"floor":48,"key":"PowerPotion"}],"is_trial":false,"path_per_floor":["M","?","$","M","?","R","M","R","T","?","E","M","?","?","R","B",null,"M","$","?","?","M","R","E","R","T","R","?","R","$","M","R","B",null,"M","$","M","M","M","R","?","E","T","M","?","R","E","M","R","B",null,"R","$","E","B"],"character_chosen":"IRONCLAD","items_purchased":["Membership Card","Metallicize","Shrug It Off","Torii","Blind","Fruit Juice","Inflame","DollysMirror","Happy Flower","Paper Frog","FearPotion","Strength Potion","Panacea"],"campfire_rested":4,"item_purchase_floors":[3,3,19,19,19,30,30,36,36,53,53,53,53],"current_hp_per_floor":[72,61,61,64,64,64,70,70,70,52,52,58,58,72,72,49,72,32,32,32,32,43,65,38,60,60,60,76,76,83,87,87,43,87,80,80,45,43,14,42,42,41,41,37,37,67,66,71,71,19,111,111,111,82,0,0],"gold":56,"neow_bonus":"THREE_RARE_CARDS","is_daily":false,"chose_seed":false,"campfire_upgraded":7,"win_rate":0.0,"timestamp":1610461943,"path_taken":["M","?","$","M","?","R","M","R","T","?","E","?","?","?","R","BOSS","M","$","?","?","?","R","E","R","T","R","?","R","?","M","R","BOSS","M","$","M","M","M","R","?","E","T","M","?","R","E","M","R","BOSS","R","$","E","BOSS"],"items_purchased_type":["Relic","Card","Card","Relic","Card","Potion","Card","Relic","Relic","Relic","Potion","Potion","Card"],"build_version":"2020-12-22","purchased_purges":2,"victory":false,"max_hp_per_floor":[72,72,72,72,72,72,72,72,72,72,72,72,72,72,72,72,72,72,72,72,72,76,76,76,76,76,76,76,76,83,87,87,87,87,91,91,91,91,95,95,95,99,99,103,103,103,107,107,107,111,111,111,111,111,111,111],"card_choices":[{"not_picked":["Corruption","Impervious"],"picked":"Berserk","floor":0},{"not_picked":["Cleave","Shrug It Off"],"picked":"Ghostly Armor","floor":1},{"not_picked":["Sword Boomerang","True Grit"],"picked":"Flame Barrier","floor":4},{"not_picked":["Wild Strike","Sentinel"],"picked":"Carnage","floor":7},{"not_picked":["Clash","Sever Soul","True Grit"],"picked":"SKIP","floor":11},{"not_picked":["Body Slam","Perfected Strike"],"picked":"Double Tap","floor":12},{"not_picked":["Berserk","Impervious"],"picked":"Feed","floor":16},{"not_picked":["Headbutt","Clash"],"picked":"Armaments+1","floor":18},{"not_picked":["Flex","Cleave+1","Body Slam+1"],"picked":"SKIP","floor":18},{"not_picked":["Flex","Cleave+1"],"picked":"Body Slam+1","floor":18},{"not_picked":["Power Through","Clothesline+1"],"picked":"Spot Weakness","floor":22},{"not_picked":["Shockwave","Warcry","Clash+1"],"picked":"SKIP","floor":22},{"not_picked":["Feed","Pummel"],"picked":"Exhume","floor":24},{"not_picked":["Seeing Red","Body Slam"],"picked":"Battle Trance","floor":31},{"not_picked":["Wild Strike","Anger","Rupture+1"],"picked":"SKIP","floor":31},{"not_picked":["Offering","Double Tap"],"picked":"Berserk","floor":33},{"not_picked":["Flex","Perfected Strike"],"picked":"Berserk","floor":35},{"not_picked":["Shrug It Off","Shockwave+1","Bloodletting"],"picked":"SKIP","floor":35},{"not_picked":["Shrug It Off","Shockwave+1"],"picked":"Bloodletting","floor":35},{"not_picked":["Shockwave","Seeing Red"],"picked":"Warcry+1","floor":37},{"not_picked":["Clash+1","Cleave"],"picked":"Inflame+1","floor":37},{"not_picked":["Headbutt+1","Power Through","Impervious"],"picked":"SKIP","floor":38},{"not_picked":["Twin Strike","Blood for Blood+1","Spot Weakness+1"],"picked":"SKIP","floor":38},{"not_picked":["Uppercut+1","Sword Boomerang"],"picked":"Flame Barrier+1","floor":39},{"not_picked":["Sever Soul+1","Spot Weakness+1"],"picked":"Metallicize+1","floor":39},{"not_picked":["Warcry","Corruption","Sentinel"],"picked":"SKIP","floor":42},{"not_picked":["Shockwave","Headbutt","Wild Strike+1"],"picked":"SKIP","floor":44},{"not_picked":["Offering","Armaments","Clothesline+1"],"picked":"SKIP","floor":44},{"not_picked":["Wild Strike+1","Thunderclap","Double Tap"],"picked":"SKIP","floor":47},{"not_picked":["Wild Strike","Sword Boomerang"],"picked":"Iron Wave+1","floor":48},{"not_picked":["Searing Blow+1","Flex"],"picked":"Disarm+1","floor":48},{"not_picked":["Brutality","Blood for Blood"],"picked":"Pummel+1","floor":54}],"player_experience":110120,"relics_obtained":[{"floor":11,"key":"Bag of Preparation"},{"floor":17,"key":"Blood Vial"},{"floor":17,"key":"Ornamental Fan"},{"floor":17,"key":"Prayer Wheel"},{"floor":24,"key":"CaptainsWheel"},{"floor":26,"key":"Blue Candle"},{"floor":42,"key":"Smiling Mask"},{"floor":43,"key":"Omamori"},{"floor":47,"key":"Magic Flower"},{"floor":54,"key":"Bronze Scales"}],"event_choices":[{"damage_healed":0,"gold_gain":75,"player_choice":"Gold","damage_taken":11,"max_hp_gain":0,"max_hp_loss":0,"event_name":"betterThird:BetterGoop","floor":2,"gold_loss":0},{"damage_healed":0,"gold_gain":0,"cards_transformed":["Strike_R"],"player_choice":"Change","damage_taken":0,"max_hp_gain":0,"max_hp_loss":0,"event_name":"Living Wall","floor":5,"gold_loss":0,"cards_obtained":["Rage"]},{"damage_healed":0,"gold_gain":0,"player_choice":"Take Damage","damage_taken":18,"relics_obtained":["Golden Idol"],"max_hp_gain":0,"max_hp_loss":0,"event_name":"Golden Idol","floor":10,"gold_loss":0},{"cards_removed":["Strike_R"],"damage_healed":0,"gold_gain":0,"player_choice":"Card Removal","damage_taken":0,"max_hp_gain":0,"max_hp_loss":0,"event_name":"The Cleric","floor":13,"gold_loss":50},{"cards_removed":["Ghostly Armor"],"damage_healed":14,"gold_gain":0,"player_choice":"Offered Uncommon","damage_taken":0,"max_hp_gain":0,"max_hp_loss":0,"event_name":"Bonfire Elementals","floor":14,"gold_loss":0},{"cards_removed":["Berserk"],"damage_healed":0,"gold_gain":0,"player_choice":"Take \u0026 Give","damage_taken":0,"max_hp_gain":0,"max_hp_loss":0,"event_name":"betterNote:BetterNote","floor":20,"gold_loss":0,"cards_obtained":["Metamorphosis"]},{"damage_healed":0,"gold_gain":0,"player_choice":"Traded Relic","damage_taken":0,"relics_obtained":["Nloth\u0027s Gift"],"max_hp_gain":0,"max_hp_loss":0,"event_name":"N\u0027loth","floor":21,"relics_lost":["Ornamental Fan"],"gold_loss":0},{"damage_healed":16,"gold_gain":0,"player_choice":"Full Heal","damage_taken":0,"max_hp_gain":0,"max_hp_loss":0,"event_name":"Wheel of Change","floor":28,"gold_loss":0},{"damage_healed":0,"gold_gain":3,"player_choice":"3","damage_taken":0,"max_hp_gain":0,"max_hp_loss":0,"event_name":"betterStone:BetterStone","floor":41,"gold_loss":0,"cards_obtained":["Apotheosis"]},{"damage_healed":0,"gold_gain":0,"player_choice":"Ignored","damage_taken":0,"max_hp_gain":0,"max_hp_loss":0,"event_name":"Mysterious Sphere","floor":45,"gold_loss":0}],"is_beta":false,"boss_relics":[{"not_picked":["Runic Dome","Busted Crown"],"picked":"Calling Bell"},{"not_picked":["Coffee Dripper","Velvet Choker"],"picked":"Runic Pyramid"}],"items_purged_floors":[19,19],"is_endless":false,"potions_floor_spawned":[7,16,18,22,24,37,39,42,47,48,54],"killed_by":"The Heart","ascension_level":0}}