{"host":"6azrrw3tf7wb0f4b","time":1610456746,"event":{"mods":["BaseMod","DeckTracker","Minty Spire (QoL Compilation)","SuperFastMode"],"gold_per_floor":[116,66,66,78,89,89,114,137,137,168,60,60,78,98,98,199,199,169,169],"floor_reached":18,"playtime":385,"items_purged":[],"score":256,"play_id":"492eefb2-8bc0-4e32-b2c7-c6182bc4c585","local_time":"20210112220546","is_ascension_mode":true,"campfire_choices":[{"data":"Hologram","floor":6,"key":"SMITH"},{"data":"Dualcast","floor":12,"key":"SMITH"},{"data":"Coolheaded","floor":15,"key":"SMITH"}],"circlet_count":0,"master_deck":["AscendersBane","Strike_B","Strike_B","Defend_B","Defend_B","Defend_B","Defend_B","Zap","Dualcast+1","Compile Driver","Ball Lightning","Coolheaded+1","Hologram+1","Machine Learning","Hello World","Consume","Turbo","Amplify"],"relics":["Cracked Core","Potion Belt","DataDisk","Matryoshka","Blue Candle","Snecko Eye"],"acts_visited":["Exordium","TheCity"],"potions_floor_usage":[10,16,16],"damage_taken":[{"damage":9,"enemies":"Jaw Worm","floor":1,"turns":3},{"damage":0,"enemies":"Small Slimes","floor":4,"turns":2},{"damage":4,"enemies":"2 Louse","floor":5,"turns":2},{"damage":13,"enemies":"3 Sentries","floor":10,"turns":7},{"damage":20,"enemies":"Exordium Thugs","floor":13,"turns":6},{"damage":7,"enemies":"Looter","floor":14,"turns":3},{"damage":23,"enemies":"The Guardian","floor":16,"turns":13},{"damage":17,"enemies":"2 Thieves","floor":18,"turns":2}],"seed_played":"-7538718952399668357","potions_obtained":[{"floor":4,"key":"Regen Potion"},{"floor":5,"key":"FearPotion"},{"floor":10,"key":"Fire Potion"},{"floor":13,"key":"Swift Potion"}],"is_trial":false,"path_per_floor":["M","?","?","M","M","R","T","T","T","E","$","R","M","M","R","B",null,"M"],"character_chosen":"DEFECT","items_purchased":["Hello World","Consume"],"campfire_rested":0,"item_purchase_floors":[11,11],"current_hp_per_floor":[59,59,59,59,55,55,55,55,55,57,57,57,37,30,30,7,58,41,41],"gold":169,"neow_bonus":"THREE_CARDS","is_daily":false,"chose_seed":false,"campfire_upgraded":3,"win_rate":0.0,"timestamp":1610456746,"path_taken":["M","?","?","M","M","R","?","?","T","E","$","R","M","M","R","BOSS","M"],"items_purchased_type":["Card","Card"],"build_version":"2020-12-22","purchased_purges":0,"victory":false,"max_hp_per_floor":[75,75,75,75,75,75,75,75,75,75,75,75,75,75,75,75,75,75,75],"card_choices":[{"not_picked":["Beam Cell","Streamline"],"picked":"Compile Driver","floor":0},{"not_picked":["Coolheaded","Rip and Tear"],"picked":"Ball Lightning","floor":1},{"not_picked":["Streamline","Sweeping Beam"],"picked":"Hologram","floor":4},{"not_picked":["Barrage","Coolheaded"],"picked":"Machine Learning","floor":5},{"not_picked":["FTL","Doom and Gloom","Coolheaded"],"picked":"SKIP","floor":10},{"not_picked":["Streamline","Hello World","Beam Cell"],"picked":"SKIP","floor":13},{"not_picked":["Barrage","Skim"],"picked":"Turbo","floor":14},{"not_picked":["Machine Learning","Thunder Strike"],"picked":"Amplify","floor":16}],"player_experience":698600,"relics_obtained":[{"floor":7,"key":"Potion Belt"},{"floor":8,"key":"DataDisk"},{"floor":9,"key":"Matryoshka"},{"floor":10,"key":"Blue Candle"}],"event_choices":[{"cards_removed":["Strike_B"],"damage_healed":0,"gold_gain":0,"player_choice":"Card Removal","damage_taken":0,"max_hp_gain":0,"max_hp_loss":0,"event_name":"The Cleric","floor":2,"gold_loss":50},{"damage_healed":0,"gold_gain":0,"cards_transformed":["Strike_B"],"player_choice":"Change","damage_taken":0,"max_hp_gain":0,"max_hp_loss":0,"event_name":"Living Wall","floor":3,"gold_loss":0,"cards_obtained":["Coolheaded"]}],"is_beta":false,"boss_relics":[{"not_picked":["Velvet Choker","Runic Dome"],"picked":"Snecko Eye"}],"items_purged_floors":[],"is_endless":false,"potions_floor_spawned":[4,5,10,13],"killed_by":"2 Thieves","ascension_level":12}}