{"host":"uohgqexxxcaim5wq","time":1610421078,"event":{"mods":["AchievementEnabler","Act Like it!","Ascension Reborn","Aspiration","BaseMod","Better Match","Better Note","Better Third Choice","BetterRewards","Conspire","Decade(???)","Downfall","GifTheSpireLib","Halation","Hallownest","Hubris","Infinite Spire","Minty Spire (QoL Compilation)","Pale of the Ancients","Permanent Neow","Quick Restart","Remove Card Discount Mod","Replay The Spire","Shedinja","Shop Mod","Spicy Shops","Spikes Relics","StSLib","Stuff the Spire","TestMod","The Bug Knight","The IronCluck","The Wild Card","Trackpad","Wandering Minibosses","vexMod"],"gold_per_floor":[111,36,36,11,43,43,101,101,101,118,118,118,118,172,271,390,1056,1080,1207,1207,1207,1207,1207,1207,1132,1132,1165,1211,1211,1211,1211],"floor_reached":30,"playtime":1928,"items_purged":[],"score":277,"play_id":"f324afcb-8f0a-4e08-b5b5-611e453ca637","local_time":"20210111221118","is_ascension_mode":true,"campfire_choices":[{"floor":6,"key":"RECALL"},{"data":"HollowMod:QuirrelsAssistance","floor":8,"key":"SMITH"},{"floor":11,"key":"REST"},{"data":"HollowMod:PogoStrike","floor":13,"key":"SMITH"},{"floor":23,"key":"REST"}],"circlet_count":0,"master_deck":["HollowMod:NailStrikeStart","HollowMod:NailStrikeStart","HollowMod:NailStrikeStart","HollowMod:NailStrikeStart","HollowMod:QuickDashStart","HollowMod:QuickDashStart","HollowMod:QuickDashStart","HollowMod:QuickDashStart","HollowMod:FocusHealStart","HollowMod:PogoStrike+1","HollowMod:SharpenedNail","StuffTheSpire:FreeRealEstate+1","HollowMod:HornetsHelp+1","HollowMod:QuirrelsAssistance+1","HollowMod:VengefulSpirit","HollowMod:SharpenedNail","HollowMod:SoulStrike","HollowMod:AwokenDreamNail+1","PrometheusPower","Hibiki_Attack2","Magnetism+1","HollowMod:WraithStrike+1","HollowMod:GreatSlash+1","HollowMod:MidwifesHunger+1"],"relics":["HollowMod:VesselMask","testmod-TestBox","hubris:Icosahedron","halation:LettersToHer","Hallownest:DreamNailRelic","hubris:DisguiseKit","Replay:Grab Bag","Replay:Bronze Core","vexMod:RockOfEvil","halation:Risk","aspiration:SeaSaltIceCream","testmod-TestBox","hubris:Towel","SpikesRelics:ToyHorsey","Molten Egg 2","halation:PromiseList","trackpad:AdjectivePendant"],"acts_visited":["Hallownest:Greenpath","Hallownest:CityofTears"],"potions_floor_usage":[],"damage_taken":[{"damage":10,"enemies":"Hallownest:monsterHuskGuard","floor":1,"turns":4},{"damage":5,"enemies":"Hallownest:2_Tiktiks_and_1_Crawlid","floor":5,"turns":3},{"damage":29,"enemies":"Hallownest:eliteVengeflyKing","floor":7,"turns":14},{"damage":2,"enemies":"Hallownest:2_MossCreeps","floor":10,"turns":4},{"damage":15,"enemies":"Hallownest:eliteMossKnight","floor":14,"turns":9},{"damage":62,"enemies":"Hallownest:BossBrokenVessel","floor":16,"turns":9},{"damage":0,"enemies":"Hallownest:3_Youths","floor":18,"turns":4},{"damage":13,"enemies":"Hallownest:2_Mistakes","floor":19,"turns":4},{"damage":42,"enemies":"Hallownest:Master_and_Novice","floor":27,"turns":4},{"damage":32,"enemies":"Hallownest:eliteWatcherKnight","floor":28,"turns":7},{"damage":10,"enemies":"Hallownest:Warrior_and_Youth","floor":30,"turns":1}],"seed_played":"1456875327787759851","potions_obtained":[{"floor":7,"key":"LifebloodPotion"},{"floor":14,"key":"SteroidPotion"}],"is_trial":false,"path_per_floor":["M","?","?","?","M","R","E","R","T","M","R","?","R","E","R","B",null,"M","M","T","?","?","R","AVR","?","T","M","E","T","M"],"character_chosen":"THE_BUGKNIGHT","items_purchased":[],"campfire_rested":2,"item_purchase_floors":[],"current_hp_per_floor":[72,72,72,72,73,73,54,54,54,58,82,82,82,76,76,24,82,82,69,69,69,69,82,82,82,82,40,8,8,0,0],"gold":1211,"neow_bonus":"TEN_PERCENT_HP_BONUS","is_daily":false,"chose_seed":false,"campfire_upgraded":2,"win_rate":0.0,"timestamp":1610421078,"path_taken":["M","?","?","?","M","R","E","R","T","M","R","?","R","E","R","BOSS","M","M","?","?","?","R","AVR","?","T","?","E","?","M"],"items_purchased_type":[],"build_version":"2020-12-22","purchased_purges":0,"victory":false,"max_hp_per_floor":[82,82,82,82,82,82,82,82,82,82,82,82,82,82,82,82,82,82,82,82,82,82,82,82,82,82,82,82,82,82,82],"card_choices":[{"not_picked":["HollowMod:SoulSplash","HollowMod:DescendingDark"],"picked":"HollowMod:SharpenedNail","floor":1},{"not_picked":["Forethought+1","Replay:SS_forest_2+1"],"picked":"StuffTheSpire:FreeRealEstate+1","floor":2},{"not_picked":["HollowMod:Hiveblood+1","HollowMod:SlysStrikes+1"],"picked":"HollowMod:HornetsHelp+1","floor":2},{"not_picked":["HollowMod:VengefulVoid","HollowMod:NewInfectedGuardian"],"picked":"HollowMod:QuirrelsAssistance","floor":5},{"not_picked":["HollowMod:InfectedCysts","HollowMod:HuntersJournal"],"picked":"HollowMod:VengefulSpirit","floor":7},{"not_picked":["HollowMod:QuirrelsAssistance","HollowMod:TaintedHusks"],"picked":"HollowMod:SharpenedNail","floor":10},{"not_picked":["HollowMod:CloakDash","HollowMod:DoubleDash"],"picked":"HollowMod:SoulStrike","floor":14},{"not_picked":["HollowMod:SlysStrikes","HollowMod:VoidDash","Kiva_Eat"],"picked":"HollowMod:AwokenDreamNail","floor":16},{"not_picked":["HollowMod:CloakDash+1","HollowMod:CoiledNail+1","HollowMod:DashSlash+1"],"picked":"PrometheusPower","floor":18},{"not_picked":["HollowMod:VengefulVoid","HollowMod:InfectedCysts+1","HollowMod:PerfectDash"],"picked":"Hibiki_Attack2","floor":19},{"not_picked":["testmod-Illusory+1","testmod-RepeatForm+1","testmod-DisillusionmentEcho+1"],"picked":"Magnetism+1","floor":25},{"not_picked":["HollowMod:NewLittleFool+1","HollowMod:ChannelNail+1","HollowMod:NewJinnsSoul+1"],"picked":"HollowMod:WraithStrike+1","floor":25},{"not_picked":["HollowMod:ChannelNail","HollowMod:CycloneSlash","DragClaw"],"picked":"HollowMod:GreatSlash+1","floor":27},{"not_picked":["HollowMod:MothsMistake+1","HollowMod:DreamGate","Decade_Dash2"],"picked":"HollowMod:MidwifesHunger+1","floor":28}],"player_experience":165971,"relics_obtained":[{"floor":7,"key":"halation:LettersToHer"},{"floor":9,"key":"halation:LettersToHer"},{"floor":14,"key":"hubris:DisguiseKit"},{"floor":20,"key":"halation:LettersToHer"},{"floor":20,"key":"aspiration:SeaSaltIceCream"},{"floor":26,"key":"SpikesRelics:ToyHorsey"},{"floor":26,"key":"halation:LettersToHer"},{"floor":28,"key":"Molten Egg 2"},{"floor":29,"key":"halation:PromiseList"},{"floor":29,"key":"trackpad:AdjectivePendant"}],"event_choices":[{"damage_healed":0,"gold_gain":0,"player_choice":"2","damage_taken":0,"max_hp_gain":0,"max_hp_loss":0,"event_name":"betterMatch:BetterMatch","floor":2,"gold_loss":0,"cards_obtained":["betterMatch:ColorlessUncommonCard","betterMatch:RareCard"]},{"damage_healed":0,"gold_gain":0,"player_choice":"2","damage_taken":0,"max_hp_gain":0,"max_hp_loss":0,"event_name":"betterMatch:BetterMatch","floor":25,"gold_loss":0,"cards_obtained":["betterMatch:ColorlessRareCard","betterMatch:CommonCard"]}],"is_beta":false,"boss_relics":[{"not_picked":["StuffTheSpire:Kangaroo","Coffee Dripper"],"picked":"Replay:Grab Bag"},{"not_picked":["Busted Crown","Runic Dome"],"picked":"Replay:Bronze Core"},{"not_picked":["halation:SmartPhone","conspire:SeveredTorchhead"],"picked":"vexMod:RockOfEvil"},{"not_picked":["halation:PlatinumPhoenix","StuffTheSpire:RunicHypercube"],"picked":"halation:Risk"}],"items_purged_floors":[],"is_endless":false,"potions_floor_spawned":[7,14,27],"killed_by":"Hallownest:Warrior_and_Youth","ascension_level":0}}