{"host":"upk85iu3rnh2l1yz","time":1610431677,"event":{"mods":["BaseMod","Downfall","Hermit","Minty Spire (QoL Compilation)","Replay The Spire","StSLib","The Cursed","The Servant 0.9.4"],"gold_per_floor":[99,114,129,129,139,139,139,167,183,196,121,41,41,60,75,75,75,75],"floor_reached":16,"playtime":1203,"items_purged":[],"score":104,"play_id":"144bcf5b-e685-46c4-b1c2-fdea81536ef6","local_time":"20210112140757","is_ascension_mode":false,"campfire_choices":[{"data":"Slimebound:Split","floor":1,"key":"SMITH"},{"data":"Slimebound:CorrosiveSpit","floor":6,"key":"SMITH"},{"data":"Slimebound:SplitLeeching","floor":11,"key":"SMITH"},{"data":"Slimebound:MassFeed","floor":13,"key":"SMITH"}],"circlet_count":0,"master_deck":["Slimebound:Strike_Slimebound","Slimebound:Strike_Slimebound","Slimebound:Strike_Slimebound","Slimebound:Tackle","Slimebound:Defend_Slimebound","Slimebound:Defend_Slimebound+1","Slimebound:Defend_Slimebound+1","Slimebound:Defend_Slimebound","Slimebound:Split+1","Slimebound:CorrosiveSpit+1","Slimebound:LeechingTouch+1","Slimebound:GrowthPunch","Regret","Slimebound:GrowthPunch","Slimebound:Nibble","Slimebound:SamplingLick","Slimebound:SplitLeeching+1","Slimebound:SlimeBarrage","Slimebound:MassFeed+1","Slimebound:Overexert","Slimebound:SplitBruiser"],"relics":["Slimebound:AbsorbEndCombat","Singing Bowl","Blue Doll","downfall:HeartBlessingGreen"],"acts_visited":["Exordium"],"potions_floor_usage":[],"damage_taken":[{"damage":17,"enemies":"Cultist","floor":2,"turns":3},{"damage":2,"enemies":"Small Slimes","floor":3,"turns":4},{"damage":10,"enemies":"Jaw Worm","floor":5,"turns":3},{"damage":27,"enemies":"Lagavulin","floor":8,"turns":9},{"damage":13,"enemies":"3 Louse","floor":9,"turns":4},{"damage":12,"enemies":"Blue Slaver","floor":10,"turns":4},{"damage":14,"enemies":"downfall:FleeingMerchant","floor":12,"turns":4},{"damage":14,"enemies":"Exordium Wildlife","floor":14,"turns":5},{"damage":26,"enemies":"Blue Slaver","floor":15,"turns":6},{"damage":93,"enemies":"downfall:Ironclad","floor":16,"turns":9}],"seed_played":"-2294432573373929672","potions_obtained":[{"floor":5,"key":"Regen Potion"},{"floor":8,"key":"Fire Potion"},{"floor":14,"key":"SkillPotion"}],"is_trial":false,"path_per_floor":["R","M","M","?","M","R","T","E","M","M","R","$","R","M","M","B"],"character_chosen":"SLIMEBOUND","items_purchased":["Slimebound:MassFeed"],"campfire_rested":0,"item_purchase_floors":[12],"current_hp_per_floor":[66,64,66,66,66,66,66,63,65,66,66,66,66,66,52,0,0,0],"gold":75,"neow_bonus":"TEN_PERCENT_HP_BONUS","is_daily":false,"chose_seed":false,"campfire_upgraded":4,"win_rate":0.0,"timestamp":1610431677,"path_taken":["R","M","M","?","M","R","T","E","M","M","R","$","R","M","M","BOSS"],"items_purchased_type":["Card"],"build_version":"2020-12-22","purchased_purges":0,"victory":false,"max_hp_per_floor":[66,66,66,66,66,66,66,66,66,66,66,66,66,66,66,66,66,66],"card_choices":[{"not_picked":["Slimebound:SplitBruiser","Slimebound:RollThrough"],"picked":"Slimebound:LeechingTouch","floor":2},{"not_picked":["Slimebound:Equalize","Slimebound:SamplingLick"],"picked":"Slimebound:GrowthPunch","floor":3},{"not_picked":["Slimebound:ViciousTackle","Slimebound:RollThrough"],"picked":"Slimebound:GrowthPunch","floor":5},{"not_picked":["Slimebound:SamplingLick","Slimebound:GoopTackle"],"picked":"Slimebound:Nibble","floor":8},{"not_picked":["Slimebound:Nibble","Slimebound:FinishingTackle"],"picked":"Slimebound:SamplingLick","floor":9},{"not_picked":["Slimebound:LeechEnergy","Slimebound:Dissolve"],"picked":"Slimebound:SplitLeeching","floor":10},{"not_picked":["Slimebound:SplitMire","Slimebound:LeechEnergy"],"picked":"Slimebound:SlimeBarrage","floor":12},{"not_picked":["Slimebound:FinishingTackle","Slimebound:DisruptingSlam"],"picked":"Slimebound:Overexert","floor":14},{"not_picked":["Slimebound:ForwardTackle","Slimebound:Prepare"],"picked":"Slimebound:SplitBruiser","floor":15}],"player_experience":142932,"relics_obtained":[{"floor":7,"key":"Singing Bowl"},{"floor":8,"key":"Blue Doll"}],"event_choices":[],"is_beta":false,"boss_relics":[],"items_purged_floors":[],"is_endless":false,"potions_floor_spawned":[5,8,14],"killed_by":"downfall:Ironclad","ascension_level":0}}