{"host":"uonldg9uriwfhjjx","time":1610435373,"event":{"mods":["AchievementEnabler","BaseMod","Minty Spire (QoL Compilation)","Relic Stats"],"gold_per_floor":[110,124,134,148,162,162,176,176,176],"floor_reached":8,"playtime":257,"items_purged":[],"score":70,"play_id":"8156a796-de3c-40dc-8ee8-8578659957c5","local_time":"20210112020933","is_ascension_mode":true,"campfire_choices":[],"circlet_count":0,"master_deck":["Strike_P","Strike_P","Strike_P","Strike_P","Defend_P","Defend_P","Defend_P","Defend_P","Eruption","Vigilance","Crescendo","Adaptation","FlurryOfBlows","FlyingSleeves","SashWhip+1","Evaluate"],"relics":["SacredBark"],"acts_visited":["Exordium"],"potions_floor_usage":[4,7,8,8],"damage_taken":[{"damage":25,"enemies":"Cultist","floor":1,"turns":6},{"damage":11,"enemies":"Jaw Worm","floor":2,"turns":4},{"damage":1,"enemies":"2 Louse","floor":3,"turns":3},{"damage":10,"enemies":"Looter","floor":4,"turns":3},{"damage":20,"enemies":"Large Slime","floor":5,"turns":6},{"damage":0,"enemies":"3 Louse","floor":7,"turns":1},{"damage":10,"enemies":"3 Sentries","floor":8,"turns":2}],"seed_played":"-7857286691349337559","potions_obtained":[{"floor":1,"key":"FearPotion"},{"floor":2,"key":"SneckoOil"},{"floor":3,"key":"Fruit Juice"},{"floor":5,"key":"Explosive Potion"}],"is_trial":false,"path_per_floor":["M","M","M","M","M","?","M","E"],"character_chosen":"WATCHER","items_purchased":[],"campfire_rested":0,"item_purchase_floors":[],"current_hp_per_floor":[40,29,28,28,8,8,8,0,0],"gold":176,"neow_bonus":"BOSS_RELIC","is_daily":false,"chose_seed":false,"campfire_upgraded":0,"win_rate":0.0,"timestamp":1610435373,"path_taken":["M","?","M","M","M","?","M","E"],"items_purchased_type":[],"build_version":"2020-12-22","purchased_purges":0,"victory":false,"max_hp_per_floor":[72,72,72,82,82,82,82,82,82],"relic_stats":{"counters":[7,25],"obtain_stats":[{"SacredBark":0,"PureWater":0},{"SacredBark":0,"PureWater":0},{"SacredBark":0,"PureWater":0}]},"card_choices":[{"not_picked":["Worship","EmptyFist"],"picked":"Crescendo","floor":1},{"not_picked":["Consecrate","Wallop"],"picked":"Adaptation","floor":2},{"not_picked":["FollowUp","Prostrate"],"picked":"FlurryOfBlows","floor":3},{"not_picked":["Vengeance","Halt"],"picked":"FlyingSleeves","floor":4},{"not_picked":["JustLucky","DeceiveReality"],"picked":"SashWhip","floor":5},{"not_picked":["ConjureBlade","PathToVictory"],"picked":"Evaluate","floor":7}],"player_experience":769709,"relics_obtained":[],"event_choices":[{"damage_healed":0,"gold_gain":0,"player_choice":"Upgraded","damage_taken":0,"max_hp_gain":0,"max_hp_loss":0,"event_name":"Upgrade Shrine","floor":6,"gold_loss":0,"cards_upgraded":["SashWhip"]}],"is_beta":false,"boss_relics":[],"items_purged_floors":[],"is_endless":false,"potions_floor_spawned":[1,2,3,5],"killed_by":"3 Sentries","ascension_level":7}}