{"host":"refsn2q8at3dn95k","time":1610421990,"event":{"mods":["BaseMod","Hubris","Infinite Spire","Minty Spire (QoL Compilation)","Replay The Spire","StSLib","The Jungle"],"gold_per_floor":[112,112,112,129,129,129,143,143,143,143,173,17,17,32,32,127,127,143,242,242,252,252,252,285,285,285,317,317,317],"floor_reached":28,"playtime":3087,"items_purged":["Defend_B"],"score":391,"play_id":"5df94420-21eb-4733-a857-029e5ac3db7b","local_time":"20210111212630","is_ascension_mode":true,"campfire_choices":[{"floor":6,"key":"REST"},{"floor":8,"key":"REST"},{"floor":10,"key":"REST"},{"floor":15,"key":"REST"},{"floor":23,"key":"REST"}],"circlet_count":0,"master_deck":["AscendersBane","Strike_B","Strike_B+1","Strike_B","Strike_B","Defend_B","Defend_B","Defend_B","Zap","Dualcast","Mirror Shield","Static Discharge","Echo Form","ReplayTheSpireMod:GoodbyeWorld","FIFO Queue+1","Capacitor","Electrodynamics"],"relics":["Replay:Fungal Core","ReplayTheSpireMod:Lightbulb","The Courier","hubris:CrystalStatue","Replay:Arrowhead","Membership Card","Honey Jar","hubris:SoftwareUpdate","Replay:Bottled Eggs","hubris:TinFlute"],"acts_visited":["Exordium","TheCity"],"potions_floor_usage":[16,18,24],"damage_taken":[{"damage":23,"enemies":"Jaw Worm","floor":1,"turns":4},{"damage":18,"enemies":"Cultist","floor":4,"turns":6},{"damage":10,"enemies":"Small Slimes","floor":7,"turns":3},{"damage":60,"enemies":"Gremlin Nob","floor":11,"turns":5},{"damage":7,"enemies":"Blue Slaver","floor":14,"turns":4},{"damage":43,"enemies":"The Guardian","floor":16,"turns":16},{"damage":23,"enemies":"3 Byrds","floor":18,"turns":3},{"damage":12,"enemies":"Chosen","floor":21,"turns":5},{"damage":53,"enemies":"Gremlin Leader","floor":24,"turns":9},{"damage":9,"enemies":"Replay:Snechameleon","floor":27,"turns":9},{"damage":16,"enemies":"Snake Plant","floor":28,"turns":1}],"seed_played":"-8657441732002495698","potions_obtained":[{"floor":1,"key":"SteroidPotion"},{"floor":4,"key":"SneckoOil"},{"floor":16,"key":"BlessingOfTheForge"},{"floor":21,"key":"Block Potion"}],"is_trial":false,"path_per_floor":["M","?","?","M","T","R","M","R","T","R","E","$","?","M","R","B",null,"M","?","?","M","?","R","E","AVR","T","E","M"],"character_chosen":"DEFECT","items_purchased":["Membership Card"],"campfire_rested":5,"item_purchase_floors":[12],"current_hp_per_floor":[45,45,45,27,27,49,39,61,61,75,15,15,37,30,52,9,59,36,36,61,49,49,71,18,18,18,9,0,0],"gold":317,"neow_bonus":"BOSS_RELIC","is_daily":false,"chose_seed":false,"campfire_upgraded":0,"win_rate":0.0,"timestamp":1610421990,"path_taken":["M","?","?","?","?","R","M","R","T","R","E","$","?","M","R","BOSS","M","?","?","M","?","R","E","AVR","T","E","M"],"items_purchased_type":["Relic"],"build_version":"2020-12-22","purchased_purges":1,"victory":false,"max_hp_per_floor":[75,75,75,75,75,75,75,75,75,75,75,75,75,75,75,75,75,75,75,75,75,75,75,75,75,75,75,75,75],"card_choices":[{"not_picked":["Steam Power","Chaos","Leap"],"picked":"SKIP","floor":1},{"not_picked":["Leap","Barrage","Compile Driver"],"picked":"SKIP","floor":4},{"not_picked":["Compile Driver","Rebound","Leap"],"picked":"SKIP","floor":7},{"not_picked":["Beam Cell","Fission"],"picked":"Mirror Shield","floor":11},{"not_picked":["Conserve Battery","Go for the Eyes"],"picked":"Static Discharge","floor":14},{"not_picked":["Creative AI","hubris:DoWhile"],"picked":"Echo Form","floor":16},{"not_picked":["Redo","BasicCrystalCard","Beam Cell"],"picked":"ReplayTheSpireMod:GoodbyeWorld","floor":18},{"not_picked":["Sweeping Beam","Steam","Compile Driver"],"picked":"FIFO Queue","floor":21},{"not_picked":["Gash+1","Heatsinks","Reinforced Body"],"picked":"Capacitor","floor":24},{"not_picked":["ReplayGash","Scrape","Beam Cell"],"picked":"Electrodynamics","floor":27}],"player_experience":1625643,"relics_obtained":[{"floor":5,"key":"The Courier"},{"floor":9,"key":"hubris:CrystalStatue"},{"floor":11,"key":"Replay:Arrowhead"},{"floor":22,"key":"hubris:SoftwareUpdate"},{"floor":24,"key":"Replay:Bottled Eggs"},{"floor":27,"key":"hubris:TinFlute"}],"event_choices":[{"damage_healed":0,"gold_gain":0,"player_choice":"Gave Potion","damage_taken":0,"relics_obtained":["ReplayTheSpireMod:Lightbulb"],"max_hp_gain":0,"max_hp_loss":0,"event_name":"WeMeetAgain","floor":3,"gold_loss":0},{"damage_healed":0,"gold_gain":99,"player_choice":"Stole From Cult","damage_taken":0,"max_hp_gain":0,"max_hp_loss":0,"event_name":"Nest","floor":19,"gold_loss":0},{"damage_healed":25,"gold_gain":0,"player_choice":"Heal","damage_taken":0,"max_hp_gain":0,"max_hp_loss":0,"event_name":"The Library","floor":20,"gold_loss":0},{"damage_healed":0,"gold_gain":0,"player_choice":"Relic","damage_taken":0,"max_hp_gain":0,"max_hp_loss":0,"event_name":"Wheel of Change","floor":22,"gold_loss":0}],"is_beta":false,"boss_relics":[{"not_picked":["Sozu","hubris:RunicObelisk"],"picked":"Honey Jar"}],"items_purged_floors":[12],"is_endless":false,"potions_floor_spawned":[1,4,16,21],"killed_by":"Snake Plant","ascension_level":11}}