{"host":"9l1knhxfturzliqa","time":1610444335,"event":{"mods":["BaseMod","Colored Map","Colored Powertips","DeckTracker","Highlight Path","Keyboard Shortcuts","Minty Spire (QoL Compilation)","Random Character Button"],"gold_per_floor":[113,38,53,63,63,63,63,63,63,63,87,87,102,125,125,223,223,244,244,5,5,21,56,56,56,56],"floor_reached":25,"playtime":1903,"items_purged":["Injury"],"score":359,"play_id":"ae4fa1ad-acd5-4daf-9892-d6c7b31df30d","local_time":"20210112183855","is_ascension_mode":true,"campfire_choices":[{"data":"Tactician","floor":7.0,"key":"SMITH"},{"data":"Backflip","floor":10.0,"key":"SMITH"},{"data":"Neutralize","floor":12.0,"key":"SMITH"},{"data":"Noxious Fumes","floor":15.0,"key":"SMITH"},{"data":"A Thousand Cuts","floor":24.0,"key":"SMITH"}],"circlet_count":0,"master_deck":["AscendersBane","Strike_G","Strike_G","Strike_G","Strike_G+1","Defend_G","Defend_G","Defend_G","Defend_G","Defend_G","Survivor","Neutralize+1","Tools of the Trade+1","Tactician+1","Backflip+1","Blur","A Thousand Cuts+1","Noxious Fumes+1","Dagger Throw","Phantasmal Killer+1","Cloak And Dagger","Well Laid Plans","PiercingWail","Escape Plan+1","Accuracy"],"relics":["Ring of the Snake","Golden Idol","Strawberry","WristBlade","Lantern","Nunchaku","Centennial Puzzle"],"acts_visited":["Exordium","TheCity"],"potions_floor_usage":[],"damage_taken":[{"damage":10.0,"enemies":"Cultist","floor":1.0,"turns":4.0},{"damage":1.0,"enemies":"2 Louse","floor":3.0,"turns":3.0},{"damage":2.0,"enemies":"Small Slimes","floor":4.0,"turns":5.0},{"damage":0.0,"enemies":"2 Fungi Beasts","floor":11.0,"turns":5.0},{"damage":3.0,"enemies":"Exordium Thugs","floor":13.0,"turns":6.0},{"damage":3.0,"enemies":"Looter","floor":14.0,"turns":4.0},{"damage":13.0,"enemies":"Hexaghost","floor":16.0,"turns":13.0},{"damage":11.0,"enemies":"3 Byrds","floor":18.0,"turns":4.0},{"damage":0.0,"enemies":"2 Thieves","floor":22.0,"turns":4.0},{"damage":13.0,"enemies":"Book of Stabbing","floor":23.0,"turns":7.0},{"damage":33,"enemies":"Slavers","floor":25,"turns":4}],"seed_played":"1812237344654653221","potions_obtained":[{"floor":3.0,"key":"GhostInAJar"},{"floor":4.0,"key":"Block Potion"},{"floor":18.0,"key":"AttackPotion"},{"floor":22.0,"key":"EssenceOfSteel"}],"is_trial":false,"path_per_floor":["M","$","M","M","?","?","R","?","T","R","M","R","M","M","R","B",null,"M","?","$","T","M","E","R","E"],"character_chosen":"THE_SILENT","items_purchased":["Lantern","Well Laid Plans","PiercingWail"],"campfire_rested":0,"item_purchase_floors":[20,20,20],"current_hp_per_floor":[49,49,48,46,33,33,33,26,33,33,33,33,30,27,27,14,55,44,44,44,44,44,31,31,0,0],"gold":56,"neow_bonus":"THREE_RARE_CARDS","is_daily":false,"chose_seed":false,"campfire_upgraded":5,"win_rate":0.0,"timestamp":1610444335,"path_taken":["M","$","?","M","?","?","R","?","T","R","M","R","M","M","R","BOSS","M","?","$","?","M","E","R","E"],"items_purchased_type":["Relic","Card","Card"],"build_version":"2020-12-22","purchased_purges":1,"victory":false,"max_hp_per_floor":[66,66,66,66,66,61,61,61,68,68,68,68,68,68,68,68,68,68,68,68,68,68,68,68,68,68],"card_choices":[{"not_picked":["Wraith Form v2","Storm of Steel"],"picked":"Tools of the Trade","floor":0.0},{"not_picked":["Acrobatics","Escape Plan"],"picked":"Tactician","floor":1.0},{"not_picked":["Choke","Poisoned Stab"],"picked":"Backflip","floor":3.0},{"not_picked":["Infinite Blades","Outmaneuver"],"picked":"Blur","floor":4.0},{"not_picked":["Deadly Poison","Dagger Spray"],"picked":"A Thousand Cuts","floor":11.0},{"not_picked":["Flying Knee","Underhanded Strike"],"picked":"Noxious Fumes","floor":13.0},{"not_picked":["Bane","Leg Sweep"],"picked":"Dagger Throw","floor":14.0},{"not_picked":["Venomology","Glass Knife"],"picked":"Phantasmal Killer","floor":16.0},{"not_picked":["Finisher","Deadly Poison"],"picked":"Cloak And Dagger","floor":18.0},{"not_picked":["Bouncing Flask","Flying Knee"],"picked":"Escape Plan+1","floor":22.0},{"not_picked":["Outmaneuver","Blade Dance"],"picked":"Accuracy","floor":23.0}],"player_experience":410883,"relics_obtained":[{"floor":9.0,"key":"Strawberry"},{"floor":21.0,"key":"Nunchaku"},{"floor":23.0,"key":"Centennial Puzzle"}],"event_choices":[{"damage_healed":0.0,"max_hp_gain":0.0,"max_hp_loss":0.0,"gold_gain":0.0,"event_name":"Shining Light","player_choice":"Entered Light","floor":5.0,"gold_loss":0.0,"damage_taken":13.0,"cards_upgraded":["Tools of the Trade","Strike_G"]},{"damage_healed":0.0,"max_hp_gain":0.0,"max_hp_loss":5.0,"gold_gain":0.0,"event_name":"Golden Idol","player_choice":"Lose Max HP","floor":6.0,"gold_loss":0.0,"damage_taken":0.0,"relics_obtained":["Golden Idol"]},{"cards_removed":["Strike_G"],"damage_healed":0.0,"max_hp_gain":0.0,"max_hp_loss":0.0,"gold_gain":0.0,"event_name":"Golden Wing","player_choice":"Card Removal","floor":8.0,"gold_loss":0.0,"damage_taken":7.0},{"damage_healed":0.0,"max_hp_gain":0.0,"max_hp_loss":0.0,"gold_gain":0.0,"event_name":"Upgrade Shrine","player_choice":"Upgraded","floor":19.0,"gold_loss":0.0,"damage_taken":0.0,"cards_upgraded":["Phantasmal Killer"]}],"is_beta":false,"boss_relics":[{"not_picked":["Velvet Choker","Philosopher\u0027s Stone"],"picked":"WristBlade"}],"items_purged_floors":[2],"is_endless":false,"potions_floor_spawned":[3,4,13,18,22],"killed_by":"Slavers","ascension_level":14}}