{"host":"egwexuw5uvnxf11j","time":1610433254,"event":{"mods":["2.2 Compatiblity","Aspiration","BaseMod","Better Altar","Better Note","Better Sensory Stone","Better Third Choice","Displayed Cursed Tome","Downfall","Hermit","Key Reminder","Koishi","Marisa????????","Minty Spire (QoL Compilation)","Quick Restart","Shade Mod","Spicy Shops","StSLib","The Construct","The Cursed","The Hierophant","The Runesmith","The Senshi","The Servant 0.9.4","Transform Curses"],"gold_per_floor":[111,125,125,125,147,150,5,5,31,365,365,421,431,422,422,464,464,455,448,187,187,187,187,166,166],"floor_reached":24,"playtime":862,"items_purged":[],"score":337,"play_id":"dcde15eb-420b-4b72-b0a3-55085e26a890","local_time":"20210112013414","is_ascension_mode":true,"campfire_choices":[{"floor":8,"key":"REST"},{"floor":11,"key":"REST"},{"floor":15,"key":"REST"},{"floor":23,"key":"REST"}],"circlet_count":0,"master_deck":["hierophant:Strike_Hierophant","hierophant:Strike_Hierophant+1","hierophant:Strike_Hierophant","hierophant:Strike_Hierophant","hierophant:Punish","hierophant:Defend_Hierophant","hierophant:Defend_Hierophant","hierophant:Defend_Hierophant","hierophant:Defend_Hierophant","hierophant:ChurchCoffers","Flash of Steel","hierophant:AuricBeam","hierophant:OrnateBuckler+1","hierophant:Doubloon","hierophant:RustyCrate","hierophant:Doubloon","hierophant:Doubloon","hierophant:AuricForm","hierophant:Purify","hierophant:Embezzle","hierophant:HolyVerse","hierophant:EyeForCoin","hierophant:Doubloon+1","hierophant:MintersHammer","hierophant:Embezzle+1","hierophant:Doubloon","hierophant:Upheaval","hierophant:Community","hierophant:CoinFling","hierophant:Doubloon","Decay","hierophant:Doubloon"],"relics":["hierophant:PropheticMaskRelic","Regal Pillow","Runesmith:AutoHammer","Old Coin","keyreminder:keyreminder","Nunchaku","aspiration:MobileForge","ClockworkSouvenir","aspiration:Lifesprig"],"acts_visited":["Exordium","TheCity"],"potions_floor_usage":[6,10,16,18,24,24,24,24],"damage_taken":[{"damage":1,"enemies":"Cultist","floor":1,"turns":4},{"damage":6,"enemies":"2 Louse","floor":2,"turns":2},{"damage":0,"enemies":"Small Slimes","floor":5,"turns":2},{"damage":26,"enemies":"Gremlin Nob","floor":6,"turns":4},{"damage":59,"enemies":"Lagavulin","floor":10,"turns":9},{"damage":0,"enemies":"2 Fungi Beasts","floor":12,"turns":2},{"damage":20,"enemies":"Gremlin Nob","floor":13,"turns":4},{"damage":1,"enemies":"Exordium Wildlife","floor":14,"turns":2},{"damage":33,"enemies":"Hexaghost","floor":16,"turns":5},{"damage":0,"enemies":"Shell Parasite","floor":18,"turns":2},{"damage":33,"enemies":"Spheric Guardian","floor":19,"turns":4},{"damage":75,"enemies":"Book of Stabbing","floor":24,"turns":5}],"seed_played":"-5966498375191081440","potions_obtained":[{"floor":2,"key":"PowerPotion"},{"floor":5,"key":"champ:CounterPotion"},{"floor":6,"key":"BlessingOfTheForge"},{"floor":14,"key":"hexamod:EctoCoolerPotion"},{"floor":16,"key":"EntropicBrew"},{"floor":19,"key":"Explosive Potion"}],"is_trial":false,"path_per_floor":["M","M","?","?","M","E","$","R","T","E","R","M","E","M","R","B",null,"M","M","$","?","?","R","E"],"character_chosen":"HIEROPHANT","items_purchased":["hierophant:AuricForm","hierophant:Community","hierophant:CoinFling","ClockworkSouvenir"],"campfire_rested":4,"item_purchase_floors":[7,20,20,20],"current_hp_per_floor":[74,68,75,60,60,34,34,71,71,12,49,49,29,28,65,32,75,75,42,42,42,42,75,0,0],"gold":166,"neow_bonus":"RANDOM_COLORLESS","is_daily":false,"chose_seed":false,"campfire_upgraded":0,"win_rate":0.0,"timestamp":1610433254,"path_taken":["M","?","?","?","M","E","$","R","T","E","R","M","E","M","R","BOSS","M","M","$","?","?","R","E"],"items_purchased_type":["Card","Card","Card","Relic"],"build_version":"2020-12-22","purchased_purges":0,"victory":false,"max_hp_per_floor":[75,75,75,75,75,75,75,75,75,75,75,75,75,75,75,75,75,75,75,75,75,75,75,75,75],"card_choices":[{"not_picked":["expansioncontent:DarkVoid","Impatience"],"picked":"Flash of Steel","floor":0},{"not_picked":["hierophant:RecallFunds","hierophant:Patience"],"picked":"hierophant:AuricBeam","floor":1},{"not_picked":["hierophant:RepressedViolence","hierophant:FieryStrike"],"picked":"hierophant:OrnateBuckler","floor":2},{"not_picked":["hierophant:MorningPrayer","hierophant:FlamingChariot"],"picked":"hierophant:Doubloon","floor":5},{"not_picked":["hierophant:ArchangelShield","hierophant:Smite"],"picked":"hierophant:RustyCrate","floor":6},{"not_picked":["hierophant:AuricBeam","hierophant:Zeal"],"picked":"hierophant:Purify","floor":10},{"not_picked":["hierophant:HammerAndAnvil","hierophant:Doubloon"],"picked":"hierophant:Embezzle","floor":12},{"not_picked":["hierophant:Prophecy","hierophant:OrnateBuckler"],"picked":"hierophant:HolyVerse","floor":13},{"not_picked":["hierophant:MorningPrayer","hierophant:RepressedViolence"],"picked":"hierophant:EyeForCoin","floor":14},{"not_picked":["hierophant:Anathema","hierophant:AuricForm"],"picked":"hierophant:MintersHammer","floor":16},{"not_picked":["hierophant:Doomsaying","hierophant:Dazzle+1"],"picked":"hierophant:Embezzle+1","floor":18},{"not_picked":["hierophant:PassingBell+1","hierophant:MirrorShield"],"picked":"hierophant:Upheaval","floor":19}],"player_experience":2217911,"relics_obtained":[{"floor":6,"key":"Regal Pillow"},{"floor":9,"key":"Runesmith:AutoHammer"},{"floor":10,"key":"Old Coin"},{"floor":13,"key":"Nunchaku"}],"event_choices":[{"damage_healed":75,"gold_gain":0,"player_choice":"Upgrade","damage_taken":15,"max_hp_gain":0,"max_hp_loss":75,"event_name":"betterThird:BetterShining","floor":4,"gold_loss":0,"cards_upgraded":["hierophant:OrnateBuckler","hierophant:Strike_Hierophant"]},{"damage_healed":0,"gold_gain":0,"player_choice":"Opened","damage_taken":0,"relics_obtained":["aspiration:Lifesprig"],"max_hp_gain":0,"max_hp_loss":0,"event_name":"The Mausoleum","floor":21,"gold_loss":0},{"damage_healed":0,"gold_gain":0,"player_choice":" Defy","damage_taken":0,"max_hp_gain":0,"max_hp_loss":0,"event_name":"betterAltar:BetterAltar","floor":22,"gold_loss":0,"cards_obtained":["Decay"]}],"is_beta":false,"boss_relics":[{"not_picked":["aspiration:DefectSkillbook","Calling Bell"],"picked":"aspiration:MobileForge"}],"items_purged_floors":[],"is_endless":false,"potions_floor_spawned":[2,5,6,14,16,19],"killed_by":"Book of Stabbing","ascension_level":4}}