{"host":"opg65mucj6ra7dr1","time":1610442933,"event":{"mods":["BaseMod","DeckTracker","Keyboard Shortcuts","Minty Spire (QoL Compilation)","Permanent Neow","Quick Restart","everything is the same but u backflip on backflip"],"gold_per_floor":[369,10,10,10,21,54,64,77,157,157,173,187,220,231,231,329,329,349,259,85,97,109,109,109],"floor_reached":23,"playtime":2133,"items_purged":["Strike_P"],"score":278,"play_id":"78bb5119-c390-4e9d-a386-f74dac767f20","local_time":"20210112181533","is_ascension_mode":true,"campfire_choices":[{"data":"Eruption","floor":10,"key":"SMITH"},{"data":"Nirvana","floor":15,"key":"SMITH"}],"circlet_count":0,"master_deck":["Strike_P","Strike_P","Defend_P","Defend_P","Defend_P+1","Defend_P","Eruption+1","Vigilance","Consecrate","LikeWater","DevaForm","CutThroughFate","ThirdEye","Crescendo","Nirvana+1","Wireheading","DeceiveReality","Evaluate","ConjureBlade","Wallop","Swivel+1","JustLucky+1"],"relics":["PureWater","Ice Cream","Mango","Letter Opener","PreservedInsect"],"acts_visited":["Exordium","TheCity"],"potions_floor_usage":[8,11,12,13,22,23,23],"damage_taken":[{"damage":1.0,"enemies":"2 Louse","floor":1.0,"turns":2.0},{"damage":27.0,"enemies":"Small Slimes","floor":5.0,"turns":4.0},{"damage":12,"enemies":"Gremlin Nob","floor":6,"turns":3},{"damage":0,"enemies":"Cultist","floor":7,"turns":5},{"damage":13,"enemies":"Large Slime","floor":8,"turns":5},{"damage":4,"enemies":"Lots of Slimes","floor":11,"turns":3},{"damage":0,"enemies":"Looter","floor":12,"turns":2},{"damage":0,"enemies":"Lagavulin","floor":13,"turns":5},{"damage":0,"enemies":"3 Louse","floor":14,"turns":3},{"damage":18,"enemies":"The Guardian","floor":16,"turns":14},{"damage":27,"enemies":"Spheric Guardian","floor":18,"turns":13},{"damage":4,"enemies":"Chosen","floor":21,"turns":12},{"damage":28,"enemies":"Snake Plant","floor":22,"turns":9},{"damage":29,"enemies":"Slavers","floor":23,"turns":2}],"seed_played":"-5913117548596995967","potions_obtained":[{"floor":6,"key":"SkillPotion"},{"floor":7,"key":"Block Potion"},{"floor":8,"key":"Ambrosia"},{"floor":11,"key":"Fruit Juice"},{"floor":14,"key":"Swift Potion"},{"floor":22,"key":"AttackPotion"}],"is_trial":false,"path_per_floor":["M","$","?","?","M","E","M","M","T","R","M","M","E","M","R","B",null,"M","?","$","M","M","E"],"character_chosen":"WATCHER","items_purchased":["Ice Cream","LikeWater","Energy Potion","Energy Potion"],"campfire_rested":0,"item_purchase_floors":[2,2,20,20],"current_hp_per_floor":[64,64,69,69,42,44,44,31,31,31,27,32,32,32,32,14,89,62,62,62,58,30,1,1],"gold":109,"neow_bonus":"TWO_FIFTY_GOLD","is_daily":false,"chose_seed":false,"campfire_upgraded":2,"win_rate":0.0,"timestamp":1610442933,"path_taken":["M","$","?","?","M","E","M","?","T","R","M","M","E","M","R","BOSS","M","?","$","M","?","E"],"items_purchased_type":["Relic","Card","Potion","Potion"],"build_version":"2020-12-22","purchased_purges":1,"victory":false,"max_hp_per_floor":[65,65,70,70,70,84,84,84,84,84,84,89,89,89,89,89,89,89,89,89,89,89,89,89],"card_choices":[{"not_picked":["Sanctity","Evaluate"],"picked":"Consecrate","floor":1.0},{"not_picked":["FlyingSleeves","TalkToTheHand"],"picked":"CutThroughFate","floor":5.0},{"not_picked":["Worship","Meditate"],"picked":"ThirdEye","floor":6},{"not_picked":["FlyingSleeves","Prostrate"],"picked":"Crescendo","floor":7},{"not_picked":["FollowUp","SignatureMove"],"picked":"Nirvana","floor":8},{"not_picked":["ThirdEye","Brilliance"],"picked":"Wireheading","floor":11},{"not_picked":["FlyingSleeves","Pray","Swivel"],"picked":"SKIP","floor":12},{"not_picked":["BowlingBash","Halt"],"picked":"DeceiveReality","floor":13},{"not_picked":["Sanctity","Wireheading"],"picked":"Evaluate","floor":14},{"not_picked":["SpiritShield","Judgement"],"picked":"ConjureBlade","floor":16},{"not_picked":["CarveReality+1","WheelKick"],"picked":"Wallop","floor":18},{"not_picked":["Halt","SashWhip"],"picked":"Swivel+1","floor":21},{"not_picked":["ClearTheMind","Weave"],"picked":"JustLucky+1","floor":22}],"player_experience":98385,"relics_obtained":[{"floor":6,"key":"Mango"},{"floor":9,"key":"Letter Opener"},{"floor":13,"key":"PreservedInsect"}],"event_choices":[{"damage_healed":0.0,"max_hp_gain":5.0,"max_hp_loss":0.0,"gold_gain":0.0,"event_name":"Big Fish","player_choice":"Donut","floor":3.0,"gold_loss":0.0,"damage_taken":0.0},{"damage_healed":0.0,"max_hp_gain":0.0,"max_hp_loss":0.0,"gold_gain":0.0,"event_name":"Match and Keep!","player_choice":"1 cards matched","floor":4.0,"gold_loss":0.0,"damage_taken":0.0,"cards_obtained":["DevaForm"]},{"cards_removed":["Strike_P"],"damage_healed":0,"gold_gain":0,"player_choice":"Upgrade and Remove","damage_taken":0,"max_hp_gain":0,"max_hp_loss":0,"event_name":"Designer","floor":19,"gold_loss":90,"cards_upgraded":["Defend_P"]}],"is_beta":false,"boss_relics":[{"not_picked":["Velvet Choker","Snecko Eye","Fusion Hammer"]}],"items_purged_floors":[20],"is_endless":false,"potions_floor_spawned":[6,7,8,11,14,22],"killed_by":"Slavers","ascension_level":2}}