{"host":"m05ccpxu5tzpdfht","time":1610413129,"event":{"mods":["BaseMod","Marisa????????","Minty Spire (QoL Compilation)","Replay The Spire","Shop Mod","StSLib"],"gold_per_floor":[216,216,216,60,5,5,44,60,110,110,129,153,191,141,141,271,371,396,396,412,412,412,412],"floor_reached":22,"playtime":1018,"items_purged":[],"score":313,"play_id":"c8a8a21b-4c73-4a70-ad42-40837df5c137","local_time":"20210111195849","is_ascension_mode":true,"campfire_choices":[{"data":"Zap","floor":6,"key":"SMITH"},{"floor":10,"key":"REST"},{"floor":15,"key":"REST"}],"circlet_count":0,"master_deck":["AscendersBane","Defend_B","Defend_B","Defend_B","Defend_B","Zap+1","Dualcast","Go for the Eyes","Sweeping Beam","ReplayTheSpireMod:GoodbyeWorld","Electrodynamics","Leap","Ball Lightning","Thunder Strike","Storm","Doom and Gloom+1","Bite","Bite","Bite","Bite","Bite"],"relics":["Cracked Core","Golden Idol","Ring of Panic","ReplayTheSpireMod:Ring of Exchange","Replay:Antivirus Software","Cables","Chameleon Ring","Regal Pillow","Iron Hammer","Replay:Wanted Poster","Enchiridion"],"acts_visited":["Exordium","TheCity"],"potions_floor_usage":[13,13],"damage_taken":[{"damage":1,"enemies":"Cultist","floor":1,"turns":4},{"damage":35,"enemies":"Lagavulin","floor":7,"turns":7},{"damage":8,"enemies":"2 Louse","floor":8,"turns":2},{"damage":9,"enemies":"Jaw Worm","floor":11,"turns":3},{"damage":8,"enemies":"Large Slime","floor":12,"turns":3},{"damage":1,"enemies":"3 Sentries","floor":13,"turns":2},{"damage":16,"enemies":"Fading Forest","floor":16,"turns":11},{"damage":9,"enemies":"Shell Parasite","floor":18,"turns":4},{"damage":13,"enemies":"Chosen","floor":20,"turns":4},{"damage":38,"enemies":"Centurion and Healer","floor":22,"turns":3}],"seed_played":"-2607066282503261761","potions_obtained":[{"floor":8,"key":"AttackPotion"},{"floor":12,"key":"PotionOfCapacity"},{"floor":18,"key":"EssenceOfDarkness"}],"is_trial":false,"path_per_floor":["M","?","?","$","?","R","E","M","T","R","M","M","E","?","R","B",null,"M","?","M","?","M"],"character_chosen":"DEFECT","items_purchased":["Replay:Antivirus Software"],"campfire_rested":2,"item_purchase_floors":[4],"current_hp_per_floor":[67,49,49,49,49,49,14,6,6,43,34,26,25,25,62,62,72,63,47,34,34,0,0],"gold":412,"neow_bonus":"HUNDRED_GOLD","is_daily":false,"chose_seed":false,"campfire_upgraded":1,"win_rate":0.0,"timestamp":1610413129,"path_taken":["M","?","?","$","?","R","E","?","T","R","M","?","E","?","R","BOSS","M","?","M","?","M"],"items_purchased_type":["Relic"],"build_version":"2020-12-22","purchased_purges":0,"victory":false,"max_hp_per_floor":[75,75,75,75,75,75,75,75,75,75,75,75,75,75,75,75,75,75,75,75,52,52,52],"card_choices":[{"not_picked":["Barrage","Compile Driver"],"picked":"Go for the Eyes","floor":1},{"not_picked":["FIFO Queue","Compile Driver"],"picked":"Sweeping Beam","floor":7},{"not_picked":["Lockon","Hologram"],"picked":"ReplayTheSpireMod:GoodbyeWorld","floor":8},{"not_picked":["Sweeping Beam","Turbo"],"picked":"Electrodynamics","floor":11},{"not_picked":["Turbo","Coolheaded"],"picked":"Leap","floor":12},{"not_picked":["Recycle","Gash"],"picked":"Ball Lightning","floor":13},{"not_picked":["Meteor Strike","All For One"],"picked":"Thunder Strike","floor":16},{"not_picked":["Coolheaded","Beam Cell"],"picked":"Storm","floor":18},{"not_picked":["Heatsinks+1","Rebound"],"picked":"Doom and Gloom+1","floor":20}],"player_experience":656635,"relics_obtained":[{"floor":3,"key":"Ring of Panic"},{"floor":3,"key":"ReplayTheSpireMod:Ring of Exchange"},{"floor":7,"key":"Chameleon Ring"},{"floor":9,"key":"Regal Pillow"},{"floor":13,"key":"Iron Hammer"},{"floor":19,"key":"Enchiridion"}],"event_choices":[{"damage_healed":0,"gold_gain":0,"player_choice":"Take Damage","damage_taken":18,"relics_obtained":["Golden Idol"],"max_hp_gain":0,"max_hp_loss":0,"event_name":"Golden Idol","floor":2,"gold_loss":0},{"damage_healed":0,"gold_gain":0,"player_choice":"Paid Gold","damage_taken":0,"relics_obtained":["Cables"],"max_hp_gain":0,"max_hp_loss":0,"event_name":"WeMeetAgain","floor":5,"gold_loss":55},{"cards_removed":["Strike_B"],"damage_healed":0,"gold_gain":0,"player_choice":"Card Removal","damage_taken":0,"max_hp_gain":0,"max_hp_loss":0,"event_name":"The Cleric","floor":14,"gold_loss":50},{"damage_healed":0,"gold_gain":0,"player_choice":"Obtained Book","damage_taken":16,"max_hp_gain":0,"max_hp_loss":0,"event_name":"Cursed Tome","floor":19,"gold_loss":0},{"damage_healed":0,"gold_gain":0,"player_choice":"Became a vampire","damage_taken":0,"max_hp_gain":0,"max_hp_loss":23,"event_name":"Vampires","floor":21,"gold_loss":0,"cards_obtained":["Bite","Bite","Bite","Bite","Bite"]}],"is_beta":false,"boss_relics":[{"not_picked":["ReplayTheSpireMod:ShopPack","Fusion Hammer"],"picked":"Replay:Wanted Poster"}],"items_purged_floors":[],"is_endless":false,"potions_floor_spawned":[8,12,18],"killed_by":"Centurion and Healer","ascension_level":10}}