{"host":"i7jfea87xc8lz16p","time":1610451600,"event":{"mods":["AchievementEnabler","BaseMod","Colored Powertips","Minty Spire (QoL Compilation)","Relic Stats"],"gold_per_floor":[110,110,185,200,211,211,223,223,223,223,223],"floor_reached":10,"playtime":397,"items_purged":[],"score":116,"play_id":"b2b6412c-16bf-4ea2-8fd1-932bf576b585","local_time":"20210112124000","is_ascension_mode":true,"campfire_choices":[{"data":"Footwork","floor":6,"key":"SMITH"},{"floor":8,"key":"REST"}],"circlet_count":0,"master_deck":["AscendersBane","Strike_G","Strike_G","Strike_G","Strike_G","Strike_G","Defend_G","Defend_G","Defend_G","Defend_G","Defend_G","Survivor","Neutralize","Sucker Punch","Footwork+1","Quick Slash"],"relics":["Ring of the Snake","Blood Vial"],"acts_visited":["Exordium"],"potions_floor_usage":[7,10],"damage_taken":[{"damage":8,"enemies":"Jaw Worm","floor":1,"turns":8},{"damage":0,"enemies":"2 Louse","floor":4,"turns":3},{"damage":1,"enemies":"Cultist","floor":5,"turns":4},{"damage":22,"enemies":"Exordium Thugs","floor":7,"turns":7},{"damage":52,"enemies":"Lagavulin","floor":10,"turns":12}],"seed_played":"8854629774649612564","potions_obtained":[{"floor":4,"key":"PowerPotion"},{"floor":7,"key":"Dexterity Potion"}],"is_trial":false,"path_per_floor":["M","?","?","M","M","R","M","R","T","E"],"character_chosen":"THE_SILENT","items_purchased":[],"campfire_rested":1,"item_purchase_floors":[],"current_hp_per_floor":[57,57,46,46,45,45,23,44,44,0,0],"gold":223,"neow_bonus":"TEN_PERCENT_HP_BONUS","is_daily":false,"chose_seed":false,"campfire_upgraded":1,"win_rate":0.0,"timestamp":1610451600,"path_taken":["M","?","?","M","M","R","M","R","T","E"],"items_purchased_type":[],"build_version":"2020-12-22","purchased_purges":0,"victory":false,"max_hp_per_floor":[72,72,72,72,72,72,72,72,72,72,72],"relic_stats":{"Blood Vial":2,"counters":[5,34],"obtain_stats":[{"Blood Vial":9,"Ring of the Snake":0},{"Blood Vial":4,"Ring of the Snake":0},{"Blood Vial":22,"Ring of the Snake":0}],"Ring of the Snake":[10]},"card_choices":[{"not_picked":["Underhanded Strike","Catalyst"],"picked":"Sucker Punch","floor":1},{"not_picked":["Cloak And Dagger","Heel Hook","Setup"],"picked":"SKIP","floor":4},{"not_picked":["Deadly Poison","Bane"],"picked":"Footwork","floor":5},{"not_picked":["Tactician","Distraction"],"picked":"Quick Slash","floor":7}],"player_experience":1754058,"relics_obtained":[{"floor":9,"key":"Blood Vial"}],"event_choices":[{"damage_healed":0,"gold_gain":0,"player_choice":"Ignored","damage_taken":0,"max_hp_gain":0,"max_hp_loss":0,"event_name":"Liars Game","floor":2,"gold_loss":0},{"damage_healed":0,"gold_gain":75,"player_choice":"Gather Gold","damage_taken":11,"max_hp_gain":0,"max_hp_loss":0,"event_name":"World of Goop","floor":3,"gold_loss":0}],"is_beta":false,"boss_relics":[],"items_purged_floors":[],"is_endless":false,"potions_floor_spawned":[4,7],"killed_by":"Lagavulin","ascension_level":20}}