{"host":"pq8o62wp0h1hflf3","time":1610468461,"event":{"mods":["BaseMod","Minty Spire (QoL Compilation)","Relic Stats","ojb\u0027s Info Mod"],"gold_per_floor":[113,133,58,58,71,103,103,130,204,224,39,59,85,102,102,179,179,195,71,71,71,71,71,104,104,104,204,204,232,308,308,308,385,385,397,397,411,411,66,66,66,100,100,134,134,166,166,202,202,202,202,202,202,46,85,85,85],"floor_reached":56,"playtime":8551,"items_purged":["Shame","Escape Plan"],"score":2201,"play_id":"36102782-1c7a-4982-964d-64e9c192babb","local_time":"20210112112101","is_ascension_mode":true,"campfire_choices":[{"floor":7.0,"key":"REST"},{"data":"Noxious Fumes","floor":15.0,"key":"SMITH"},{"data":"Wraith Form v2","floor":23.0,"key":"SMITH"},{"data":"Footwork","floor":25.0,"key":"SMITH"},{"data":"Footwork","floor":28.0,"key":"SMITH"},{"data":"Well Laid Plans","floor":32.0,"key":"SMITH"},{"floor":40.0,"key":"RECALL"},{"data":"Acrobatics","floor":45.0,"key":"SMITH"},{"data":"Neutralize","floor":49,"key":"SMITH"},{"data":"Bouncing Flask","floor":53,"key":"SMITH"}],"circlet_count":0,"master_deck":["AscendersBane","Defend_G","Defend_G","Defend_G","Defend_G","Defend_G","Survivor","Neutralize+1","Noxious Fumes+1","Poisoned Stab","Bouncing Flask+1","Leg Sweep+1","Backflip","Footwork+1","Backflip","Tools of the Trade","Wraith Form v2+1","Underhanded Strike","Necronomicurse","Bite","Bite","Bite","Bite","Bite","Well Laid Plans+1","Acrobatics+1","Footwork+1","Corpse Explosion","Dodge and Roll+1","Dodge and Roll+1","Underhanded Strike+1","Blur","Dodge and Roll+1"],"relics":["Cursed Key","TungstenRod","Juzu Bracelet","Meat on the Bone","Snecko Eye","Necronomicon","Eternal Feather","Lizard Tail","Sundial","Toy Ornithopter","Bottled Tornado","Empty Cage","Torii","Boot","CeramicFish","Blue Candle","Mercury Hourglass","Centennial Puzzle"],"acts_visited":["Exordium","TheCity","TheBeyond","TheEnding"],"potions_floor_usage":[50,55],"damage_taken":[{"damage":0.0,"enemies":"2 Louse","floor":1.0,"turns":4.0},{"damage":3.0,"enemies":"Cultist","floor":2.0,"turns":5.0},{"damage":7.0,"enemies":"Small Slimes","floor":5.0,"turns":4.0},{"damage":21.0,"enemies":"Gremlin Nob","floor":6.0,"turns":4.0},{"damage":14.0,"enemies":"3 Sentries","floor":8.0,"turns":8.0},{"damage":3.0,"enemies":"Blue Slaver","floor":10.0,"turns":3.0},{"damage":3.0,"enemies":"Looter","floor":12.0,"turns":3.0},{"damage":0.0,"enemies":"Lagavulin","floor":13.0,"turns":8.0},{"damage":0.0,"enemies":"Red Slaver","floor":14.0,"turns":4.0},{"damage":0.0,"enemies":"Slime Boss","floor":16.0,"turns":10.0},{"damage":4.0,"enemies":"Spheric Guardian","floor":18.0,"turns":4.0},{"damage":31.0,"enemies":"Slavers","floor":24.0,"turns":6.0},{"damage":12.0,"enemies":"Colosseum Slavers","floor":27.0,"turns":4.0},{"damage":15.0,"enemies":"Colosseum Nobs","floor":27.0,"turns":5.0},{"damage":5.0,"enemies":"Gremlin Leader","floor":29.0,"turns":7.0},{"damage":41.0,"enemies":"Collector","floor":33.0,"turns":10.0},{"damage":2.0,"enemies":"3 Shapes","floor":35.0,"turns":3.0},{"damage":1.0,"enemies":"3 Darklings","floor":37.0,"turns":3.0},{"damage":26.0,"enemies":"Reptomancer","floor":42.0,"turns":10.0},{"damage":6.0,"enemies":"Nemesis","floor":44.0,"turns":11.0},{"damage":11.0,"enemies":"Reptomancer","floor":46.0,"turns":7.0},{"damage":27,"enemies":"Nemesis","floor":48,"turns":9},{"damage":40,"enemies":"Time Eater","floor":50,"turns":19},{"damage":41,"enemies":"Awakened One","floor":51,"turns":25},{"damage":23,"enemies":"Shield and Spear","floor":55,"turns":8},{"damage":93,"enemies":"The Heart","floor":56,"turns":8}],"seed_played":"-1276480682964539266","potions_obtained":[{"floor":1.0,"key":"Fire Potion"},{"floor":2.0,"key":"GamblersBrew"},{"floor":10.0,"key":"Explosive Potion"},{"floor":14.0,"key":"Regen Potion"},{"floor":27.0,"key":"GamblersBrew"},{"floor":33.0,"key":"Explosive Potion"},{"floor":35.0,"key":"DistilledChaos"},{"floor":37.0,"key":"ColorlessPotion"},{"floor":46.0,"key":"SkillPotion"},{"floor":48,"key":"FairyPotion"}],"is_trial":false,"path_per_floor":["M","M","?","?","M","E","R","E","T","M","$","M","E","M","R","B",null,"M","$","?","?","?","R","E","R","T","?","R","E","T","?","R","B",null,"M","?","M","?","$","R","?","E","T","E","R","E","?","E","R","B","B",null,"R","$","E","B"],"character_chosen":"THE_SILENT","items_purchased":["Backflip","Footwork","Underhanded Strike","Torii","Blur","LiquidMemories"],"campfire_rested":1,"item_purchase_floors":[11,11,19,39,54,54],"current_hp_per_floor":[59,56,56,56,49,28,47,33,33,30,30,27,27,39,39,39,59,55,55,38,38,38,38,42,46,46,39,46,46,46,46,46,42,45,44,44,44,44,44,44,44,42,42,44,44,44,44,43,44,40,44,44,44,44,43,0,0],"gold":85,"neow_bonus":"BOSS_RELIC","is_daily":false,"chose_seed":false,"campfire_upgraded":8,"win_rate":0.0,"timestamp":1610468461,"path_taken":["M","M","?","?","M","E","R","E","T","M","$","M","E","M","R","BOSS","M","$","?","?","?","R","E","R","T","?","R","E","?","?","R","BOSS","M","?","M","?","$","R","?","E","T","E","R","E","?","E","R","BOSS","BOSS","R","$","E","BOSS"],"items_purchased_type":["Card","Card","Card","Relic","Card","Potion"],"build_version":"2020-12-22","purchased_purges":2,"victory":false,"max_hp_per_floor":[66,66,66,66,66,66,66,66,66,66,66,66,66,66,66,66,66,66,66,66,46,46,46,46,46,46,46,46,46,46,46,46,46,46,46,44,44,44,44,44,44,44,44,44,44,44,44,44,44,44,44,44,44,44,44,44,44],"relic_stats":{"Torii":100,"counters":[26,192],"CeramicFish":27,"Blue Candle":[1],"Eternal Feather":12,"Juzu Bracelet":2,"Cursed Key":2,"Boot":[112],"Mercury Hourglass":[186],"Lizard Tail":22,"Centennial Puzzle":[3],"Sundial":[22],"Snecko Eye":[265,252,265,288],"Necronomicon":[72],"obtain_stats":[{"Torii":39,"CeramicFish":44,"Blue Candle":46,"Eternal Feather":24,"Juzu Bracelet":8,"Bottled Tornado":30,"Cursed Key":0,"Empty Cage":34,"Boot":42,"Mercury Hourglass":48,"Lizard Tail":27,"Centennial Puzzle":55,"Sundial":27,"Snecko Eye":17,"Necronomicon":20,"TungstenRod":6,"Toy Ornithopter":29,"Ring of the Snake":0,"Meat on the Bone":13},{"Torii":18,"CeramicFish":20,"Blue Candle":21,"Eternal Feather":12,"Juzu Bracelet":5,"Bottled Tornado":15,"Cursed Key":0,"Empty Cage":16,"Boot":19,"Mercury Hourglass":22,"Lizard Tail":14,"Centennial Puzzle":25,"Sundial":14,"Snecko Eye":10,"Necronomicon":11,"TungstenRod":4,"Toy Ornithopter":15,"Ring of the Snake":0,"Meat on the Bone":8},{"Torii":95,"CeramicFish":116,"Blue Candle":123,"Eternal Feather":63,"Juzu Bracelet":25,"Bottled Tornado":79,"Cursed Key":0,"Empty Cage":89,"Boot":105,"Mercury Hourglass":132,"Lizard Tail":72,"Centennial Puzzle":184,"Sundial":72,"Snecko Eye":53,"Necronomicon":57,"TungstenRod":17,"Toy Ornithopter":79,"Ring of the Snake":0,"Meat on the Bone":39}],"TungstenRod":139,"Toy Ornithopter":6,"Meat on the Bone":12},"card_choices":[{"not_picked":["Riddle With Holes","Deflect"],"picked":"Noxious Fumes","floor":1.0},{"not_picked":["Underhanded Strike","Caltrops"],"picked":"Poisoned Stab","floor":2.0},{"not_picked":["Deflect","Caltrops"],"picked":"Backstab","floor":5.0},{"not_picked":["Flying Knee","Choke"],"picked":"Bouncing Flask","floor":6.0},{"not_picked":["Flying Knee","Endless Agony"],"picked":"Bane","floor":8.0},{"not_picked":["Poisoned Stab","Deflect"],"picked":"Leg Sweep","floor":10.0},{"not_picked":["Poisoned Stab","Deflect"],"picked":"Backflip","floor":12.0},{"not_picked":["Bane","Dagger Spray"],"picked":"Tools of the Trade","floor":13.0},{"not_picked":["Deflect","Flying Knee"],"picked":"Escape Plan","floor":14.0},{"not_picked":["Doppelganger","Unload"],"picked":"Wraith Form v2","floor":16.0},{"not_picked":["Outmaneuver","Deadly Poison","Poisoned Stab"],"picked":"SKIP","floor":18.0},{"not_picked":["Dagger Throw","Slice+1"],"picked":"Acrobatics","floor":24.0},{"not_picked":["Bane+1","Flechettes"],"picked":"Footwork","floor":27.0},{"not_picked":["Reflex","Envenom","Heel Hook"],"picked":"SKIP","floor":29.0},{"not_picked":["Envenom","Glass Knife"],"picked":"Corpse Explosion","floor":33.0},{"not_picked":["Caltrops","Deflect"],"picked":"Dodge and Roll+1","floor":35.0},{"not_picked":["Sucker Punch+1","Backflip","Quick Slash"],"picked":"SKIP","floor":37.0},{"not_picked":["Dagger Spray","Accuracy+1"],"picked":"Dodge and Roll+1","floor":42.0},{"not_picked":["Quick Slash","Distraction","Riddle With Holes+1"],"picked":"SKIP","floor":44.0},{"not_picked":["Bane","Underhanded Strike","Flying Knee"],"picked":"SKIP","floor":46.0},{"not_picked":["Acrobatics","Glass Knife"],"picked":"Underhanded Strike+1","floor":48},{"not_picked":["Riddle With Holes+1","Dagger Throw+1"],"picked":"Dodge and Roll+1","floor":55}],"player_experience":1123365,"relics_obtained":[{"floor":6.0,"key":"TungstenRod"},{"floor":8.0,"key":"Juzu Bracelet"},{"floor":13.0,"key":"Meat on the Bone"},{"floor":20.0,"key":"Necronomicon"},{"floor":24.0,"key":"Eternal Feather"},{"floor":27.0,"key":"Lizard Tail"},{"floor":27.0,"key":"Sundial"},{"floor":29.0,"key":"Toy Ornithopter"},{"floor":30.0,"key":"Bottled Tornado"},{"floor":42.0,"key":"Boot"},{"floor":44.0,"key":"CeramicFish"},{"floor":46.0,"key":"Blue Candle"},{"floor":48,"key":"Mercury Hourglass"},{"floor":55,"key":"Centennial Puzzle"}],"event_choices":[{"cards_removed":["Strike_G"],"damage_healed":0.0,"max_hp_gain":0.0,"max_hp_loss":0.0,"gold_gain":0.0,"event_name":"The Cleric","player_choice":"Card Removal","floor":3.0,"gold_loss":75.0,"damage_taken":0.0},{"cards_removed":["Strike_G"],"damage_healed":0.0,"max_hp_gain":0.0,"max_hp_loss":0.0,"gold_gain":0.0,"event_name":"Bonfire Elementals","player_choice":"Offered Basic","floor":4.0,"gold_loss":0.0,"damage_taken":0.0},{"damage_healed":0.0,"max_hp_gain":0.0,"max_hp_loss":0.0,"gold_gain":0.0,"event_name":"Cursed Tome","player_choice":"Obtained Book","floor":20.0,"gold_loss":0.0,"damage_taken":21.0},{"damage_healed":0.0,"max_hp_gain":0.0,"max_hp_loss":20.0,"gold_gain":0.0,"event_name":"Vampires","player_choice":"Became a vampire","floor":21.0,"gold_loss":0.0,"damage_taken":0.0,"cards_obtained":["Bite","Bite","Bite","Bite","Bite"]},{"damage_healed":0.0,"max_hp_gain":0.0,"max_hp_loss":0.0,"gold_gain":0.0,"event_name":"The Library","player_choice":"Read","floor":22.0,"gold_loss":0.0,"damage_taken":0.0,"cards_obtained":["Well Laid Plans"]},{"damage_healed":0.0,"max_hp_gain":0.0,"max_hp_loss":0.0,"gold_gain":0.0,"event_name":"Colosseum","player_choice":"Fight","floor":27.0,"gold_loss":0.0,"damage_taken":0.0},{"damage_healed":0.0,"max_hp_gain":0.0,"max_hp_loss":0.0,"gold_gain":0.0,"event_name":"Colosseum","player_choice":"Fought Nobs","floor":27.0,"gold_loss":0.0,"damage_taken":0.0},{"damage_healed":0.0,"max_hp_gain":0.0,"max_hp_loss":0.0,"gold_gain":0.0,"event_name":"Match and Keep!","player_choice":"0 cards matched","floor":31.0,"gold_loss":0.0,"damage_taken":0.0,"cards_obtained":[]},{"damage_healed":0.0,"max_hp_gain":0.0,"max_hp_loss":2.0,"gold_gain":0.0,"event_name":"Winding Halls","player_choice":"Max HP","floor":36.0,"gold_loss":0.0,"damage_taken":0.0},{"damage_healed":0.0,"max_hp_gain":0.0,"max_hp_loss":0.0,"gold_gain":0.0,"event_name":"Tomb of Lord Red Mask","player_choice":"Ignored","floor":38.0,"gold_loss":0.0,"damage_taken":0.0},{"cards_removed":["Backstab"],"damage_healed":0.0,"max_hp_gain":0.0,"max_hp_loss":0.0,"gold_gain":0.0,"event_name":"Falling","player_choice":"Removed Attack","floor":41.0,"gold_loss":0.0,"damage_taken":0.0},{"damage_healed":0,"gold_gain":0,"player_choice":"Upgraded","damage_taken":0,"max_hp_gain":0,"max_hp_loss":0,"event_name":"Upgrade Shrine","floor":47,"gold_loss":0,"cards_upgraded":["Leg Sweep"]}],"is_beta":false,"boss_relics":[{"not_picked":["Tiny House","HoveringKite"],"picked":"Snecko Eye"},{"not_picked":["Busted Crown","WristBlade"],"picked":"Empty Cage"}],"items_purged_floors":[11,19],"is_endless":false,"potions_floor_spawned":[1,2,10,14,16,27,33,35,37,46,48],"killed_by":"The Heart","ascension_level":20}}