{"host":"i0s8vbixp24k5aul","time":1610493765,"event":{"mods":["2.2 Compatiblity","Act Like it!","Aspiration","BaseMod","Better Note","Better Third Choice","Better Vampires","BetterUpgradePreview","Colorless Booster Pack","Displayed Cursed Tome","Energized Spire","Fox Events","GifTheSpireLib","Halation","Hermit","Hubris","Jedi Mod","Minty Spire (QoL Compilation)","Optimize The Spire","Poor People Problems","Random Character Mod","Shade Mod","StSLib","Stuff the Spire","Swap Starting Deck Mod","The Bug Knight","The Construct","The Cursed","The Disciple","The Mystic","TheHero","TheWitcher","vexMod","??????REMEMod"],"gold_per_floor":[114,129,144,159,9,9,39,39,39,54,79,79,2,17,17,117,117,132,132,132,111,111,111,176,191,491,506,536,551,566,581,581,616,616,631,646,661,676,42,47,62,92,92,107,107,182,182,197,197,197],"floor_reached":51,"language":"RUS","playtime":2266,"items_purged":[],"score":1160,"play_id":"e7047acd-d019-495e-9cc6-47c211de363b","local_time":"20210113022245","daily_mods":["Cursed Run","Hoarder","DeadlyEvents"],"is_ascension_mode":false,"campfire_choices":[{"floor":6,"key":"REST"},{"floor":8,"key":"REST"},{"data":"Reprogram","floor":15,"key":"SMITH"},{"data":"Self Repair","floor":23,"key":"SMITH"},{"floor":32,"key":"REST"},{"floor":45,"key":"REST"},{"floor":47,"key":"REST"},{"data":"REME_AllRoundStrike","floor":49,"key":"SMITH"}],"circlet_count":0,"master_deck":["Defend_B","Defend_B","Defend_B","Defend_B","Zap","Dualcast","Corpse Explosion","Corpse Explosion","Corpse Explosion","Gash","Gash","Gash","Fusion","Fusion","Fusion","Reprogram+1","Reprogram","Reprogram","hubris:Compulsion","hubris:Compulsion","hubris:Compulsion","Injury","Injury","Injury","SnafuTest:CurseDisclosure","SnafuTest:CurseDisclosure","SnafuTest:CurseDisclosure","Self Repair+1","Self Repair","Self Repair","Writhe","Writhe","Writhe","REME_ForAll","REME_ForAll","REME_ForAll+1","Conserve Battery+1","Conserve Battery+1","Conserve Battery+1","Bite","Bite+1","Bite","Bite","Bite","Bite","Bite","Bite","Bite","Bite","Bite","Bite","White Noise","White Noise","White Noise","jedi:BattleThirst","jedi:BattleThirst","jedi:BattleThirst","Gash+1","Gash+1","Gash+1","SnafuTest:CurseSurrender","SnafuTest:CurseSurrender","SnafuTest:CurseSurrender","Hyperbeam","Hyperbeam","Hyperbeam","Reinforced Body","Reinforced Body","Reinforced Body","Aggregate","Aggregate","Aggregate","Fusion+1","Fusion+1","Fusion+1","REME_AllRoundStrike+1","REME_AllRoundStrike","REME_AllRoundStrike+1","Seek","Seek","Seek","Pain","Pain","Pain","Regret","Regret","Regret","SnafuTest:CurseBurningStake","SnafuTest:CurseBurningStake","SnafuTest:CurseBurningStake"],"relics":["Cursed Key","Darkstone Periapt","Du-Vu Doll","REME_ComplimentaryCards","vexMod:Spyglass","hubris:OldNail","aspiration:HiddenCompartment","REME_PuzzleBoxRelic","vexMod:BigBerry","SsserpentHead","Old Coin","halation:LettersToHer","aspiration:HiddenCompartment","energizedSpire:OldTV","vexMod:InvisibilityCloak","Mercury Hourglass","Prayer Wheel","Whetstone","StuffTheSpire:HeavyRock","vexMod:MemoryStick"],"acts_visited":["Exordium","TheCity","TheBeyond"],"potions_floor_usage":[16,18,28,37,50,50],"damage_taken":[{"damage":0,"enemies":"Cultist","floor":1,"turns":4},{"damage":0,"enemies":"2 Louse","floor":2,"turns":2},{"damage":20,"enemies":"Jaw Worm","floor":3,"turns":5},{"damage":10,"enemies":"Looter","floor":4,"turns":4},{"damage":34,"enemies":"Gremlin Nob","floor":7,"turns":4},{"damage":18,"enemies":"Large Slime","floor":10,"turns":5},{"damage":0,"enemies":"Red Slaver","floor":14,"turns":1},{"damage":45,"enemies":"The Guardian","floor":16,"turns":10},{"damage":20,"enemies":"2 Thieves","floor":18,"turns":2},{"damage":10,"enemies":"Spheric Guardian","floor":24,"turns":3},{"damage":25,"enemies":"Snake Plant","floor":25,"turns":3},{"damage":1,"enemies":"Centurion and Healer","floor":27,"turns":2},{"damage":66,"enemies":"Slavers","floor":28,"turns":4},{"damage":6,"enemies":"Cultist and Chosen","floor":29,"turns":4},{"damage":13,"enemies":"3 Cultists","floor":30,"turns":3},{"damage":0,"enemies":"Sentry and Sphere","floor":31,"turns":2},{"damage":104,"enemies":"Champ","floor":33,"turns":9},{"damage":23,"enemies":"Orb Walker","floor":35,"turns":3},{"damage":24,"enemies":"3 Darklings","floor":36,"turns":3},{"damage":39,"enemies":"Transient","floor":37,"turns":5},{"damage":31,"enemies":"Jaw Worm Horde","floor":38,"turns":4},{"damage":12,"enemies":"Giant Head","floor":40,"turns":2},{"damage":6,"enemies":"4 Shapes","floor":41,"turns":1},{"damage":0,"enemies":"HollowMod:StalkingDevout","floor":42,"turns":1},{"damage":0,"enemies":"3 Darklings","floor":44,"turns":1},{"damage":0,"enemies":"Sphere and 2 Shapes","floor":48,"turns":1},{"damage":0,"enemies":"hubris:GrandSnecko","floor":50,"turns":1}],"seed_played":"-5514344210177769252","potions_obtained":[{"floor":1,"key":"Ancient Potion"},{"floor":10,"key":"PowerPotion"},{"floor":16,"key":"SkillPotion"},{"floor":18,"key":"AttackPotion"},{"floor":27,"key":"Weak Potion"},{"floor":30,"key":"EssenceOfDarkness"},{"floor":31,"key":"jedi:holywater"},{"floor":37,"key":"DistilledChaos"}],"is_trial":false,"path_per_floor":["M","M","M","M","$","R","E","R","T","M","T","T","$","M","R","B",null,"M","?","?","$","$","R","M","M","T","M","E","M","M","M","R","B",null,"M","M","M","M","$","E","M","E","T","M","R","T","R","M","R","B",null],"character_chosen":"DEFECT","items_purchased":["vexMod:Spyglass","Self Repair","White Noise","REME_AllRoundStrike","vexMod:InvisibilityCloak","Mercury Hourglass"],"campfire_rested":5,"item_purchase_floors":[5,13,21,39,39,39],"current_hp_per_floor":[75,75,55,45,45,67,33,55,73,57,75,93,93,95,95,91,177,157,157,157,157,157,157,153,132,150,155,112,126,117,117,175,129,213,192,178,158,153,153,141,135,135,153,153,222,240,249,249,249,267],"gold":197,"neow_bonus":"","is_daily":true,"chose_seed":false,"campfire_upgraded":3,"win_rate":0.0,"timestamp":1610493765,"path_taken":["M","M","?","M","$","R","E","R","T","M","?","?","?","M","R","BOSS","M","?","?","?","$","R","?","M","T","M","E","M","M","M","R","BOSS","M","M","M","M","?","E","M","E","T","M","R","?","R","M","R","BOSS"],"items_purchased_type":["Relic","Card","Card","Card","Relic","Relic"],"build_version":"2020-12-22","purchased_purges":0,"victory":true,"max_hp_per_floor":[75,75,75,75,75,75,75,75,93,93,111,129,129,129,129,147,177,177,177,177,177,177,177,177,177,195,195,195,195,195,195,195,213,213,213,213,213,213,213,213,213,213,231,231,231,249,249,249,249,267],"card_choices":[{"not_picked":["Go for the Eyes","Skim"],"picked":"Gash","floor":1},{"not_picked":["Beam Cell","Stack"],"picked":"Fusion","floor":2},{"not_picked":["Blizzard","Ball Lightning","Coolheaded"],"picked":"SKIP","floor":3},{"not_picked":["jedi:blockon","StuffTheSpire:ShieldGenerator","Blizzard"],"picked":"SKIP","floor":4},{"not_picked":["Turbo","Stack"],"picked":"Reprogram","floor":7},{"not_picked":["Beam Cell","jedi:markofdeath","StuffTheSpire:SnapShoot"],"picked":"SKIP","floor":10},{"not_picked":["Rainbow","Hologram","Sweeping Beam"],"picked":"SKIP","floor":14},{"not_picked":["StuffTheSpire:ForEach","jedi:meditation"],"picked":"REME_ForAll","floor":16},{"not_picked":["Turbo","REME_DataAnalysis"],"picked":"Conserve Battery+1","floor":18},{"not_picked":["Rebound","Go for the Eyes","Skim"],"picked":"SKIP","floor":24},{"not_picked":["Coolheaded","Sweeping Beam","Genetic Algorithm"],"picked":"SKIP","floor":25},{"not_picked":["Redo","StuffTheSpire:LoadUp","Hologram+1"],"picked":"SKIP","floor":27},{"not_picked":["Go for the Eyes+1","Doom and Gloom","Stack"],"picked":"SKIP","floor":28},{"not_picked":["jedi:darknesscall","jedi:overflow","Force Field"],"picked":"SKIP","floor":29},{"not_picked":["Storm","StuffTheSpire:Coldhearted"],"picked":"Gash+1","floor":30},{"not_picked":["Turbo","jedi:reiji","Cold Snap"],"picked":"SKIP","floor":31},{"not_picked":["Machine Learning","jedi:darknesscall"],"picked":"Hyperbeam","floor":33},{"not_picked":["Chill","Leap"],"picked":"Reinforced Body","floor":35},{"not_picked":["Storm","Reinforced Body","StuffTheSpire:LoadUp+1"],"picked":"SKIP","floor":36},{"not_picked":["Cold Snap+1","Sweeping Beam","Compile Driver"],"picked":"Aggregate","floor":37},{"not_picked":["Streamline","hubris:Prefetch"],"picked":"Fusion+1","floor":38},{"not_picked":["Stack","Skim","Tempest+1"],"picked":"SKIP","floor":40},{"not_picked":["Barrage+1","Leap","Turbo+1"],"picked":"SKIP","floor":41},{"not_picked":["Rip and Tear","Conserve Battery+1","Barrage"],"picked":"SKIP","floor":41},{"not_picked":["StuffTheSpire:LoadUp+1","jedi:BurstLightning"],"picked":"Seek","floor":42},{"not_picked":["Skim+1","StuffTheSpire:Plugnplay+1","Loop"],"picked":"SKIP","floor":44},{"not_picked":["Force Field+1","Streamline","Redo+1"],"picked":"SKIP","floor":44},{"not_picked":["jedi:blockon","StuffTheSpire:Plugnplay+1","Coolheaded"],"picked":"SKIP","floor":48},{"not_picked":["Streamline+1","BootSequence+1","Cold Snap+1"],"picked":"SKIP","floor":48}],"player_experience":945675,"relics_obtained":[{"floor":7,"key":"hubris:OldNail"},{"floor":9,"key":"Blood Vial"},{"floor":11,"key":"aspiration:HiddenCompartment"},{"floor":12,"key":"REME_PuzzleBoxRelic"},{"floor":26,"key":"Old Coin"},{"floor":28,"key":"halation:LettersToHer"},{"floor":40,"key":"Prayer Wheel"},{"floor":42,"key":"Whetstone"},{"floor":43,"key":"halation:LettersToHer"},{"floor":43,"key":"StuffTheSpire:HeavyRock"},{"floor":46,"key":"halation:LettersToHer"},{"floor":46,"key":"vexMod:MemoryStick"}],"event_choices":[{"damage_healed":0,"gold_gain":0,"player_choice":"Became a vampire (Vial)","damage_taken":0,"max_hp_gain":0,"max_hp_loss":0,"event_name":"Vampires","floor":19,"relics_lost":["Blood Vial"],"gold_loss":0,"cards_obtained":["Bite","Bite","Bite","Bite"]},{"damage_healed":0,"gold_gain":0,"player_choice":"Trade","damage_taken":0,"relics_obtained":["SsserpentHead"],"max_hp_gain":0,"max_hp_loss":0,"event_name":"FaceTrader","floor":20,"gold_loss":0}],"is_beta":false,"boss_relics":[{"not_picked":["hubris:RunicObelisk","energizedSpire:HugeHouse"],"picked":"vexMod:BigBerry"},{"not_picked":["vexMod:RockOfEvil","energizedSpire:DeadBattery"],"picked":"energizedSpire:OldTV"}],"items_purged_floors":[],"is_endless":false,"potions_floor_spawned":[1,10,16,18,27,30,31,33,35,37,40,42,48],"ascension_level":0}}