{"host":"gf95gjygaqy6b70i","time":1610443742,"event":{"mods":["BaseMod","Colored Map","Colored Powertips","Minty Spire (QoL Compilation)"],"gold_per_floor":[113,132,132,1,14,14,49,67,145,245,265,278,278,292,292,387,387,406,4,4,15,27,53,53,68,68,84,16,16,32,42,42,141,191,208,228,228,228,244,244,270,288,288,308,308,321,64,114,114,114,114,114,37,37,37],"floor_reached":54,"playtime":2746,"items_purged":[],"score":695,"play_id":"c0aca22e-499e-4bb0-822c-c3ed807357d4","local_time":"20210112102902","is_ascension_mode":false,"campfire_choices":[{"floor":6.0,"key":"RECALL"},{"data":"Fire Breathing","floor":13.0,"key":"SMITH"},{"floor":15.0,"key":"REST"},{"floor":24.0,"key":"REST"},{"floor":32.0,"key":"REST"},{"floor":40.0,"key":"REST"},{"floor":49,"key":"REST"},{"data":"Limit Break","floor":52,"key":"SMITH"}],"circlet_count":0,"master_deck":["Strike_R","Strike_R","Strike_R","Strike_R","Defend_R","Defend_R+1","Defend_R","Defend_R","Bash","Disarm","Fire Breathing+1","Clothesline","Finesse","Inflame","Battle Trance","Shrug It Off","Reaper","Carnage","Flex+1","Limit Break+1","Iron Wave","Sword Boomerang+1","Shrug It Off+1","Iron Wave+1","Inflame","Shockwave","Evolve","Dropkick","Barricade","Thunderclap","Shrug It Off+1","Body Slam+1","Finesse","Fire Breathing+1","Impervious","Heavy Blade+1","Infernal Blade","Blood for Blood+1"],"relics":["Burning Blood","Charon\u0027s Ashes","Kunai","Mark of Pain","Bottled Tornado","Lantern","Regal Pillow","Tiny House","Ginger","Ornamental Fan","Self Forming Clay","Magic Flower"],"acts_visited":["Exordium","TheCity","TheBeyond","TheEnding"],"potions_floor_usage":[42,50,54],"damage_taken":[{"damage":13.0,"enemies":"Jaw Worm","floor":1.0,"turns":5.0},{"damage":0.0,"enemies":"Small Slimes","floor":2.0,"turns":4.0},{"damage":2.0,"enemies":"Cultist","floor":5.0,"turns":4.0},{"damage":1.0,"enemies":"Lagavulin","floor":7.0,"turns":8.0},{"damage":25.0,"enemies":"Gremlin Gang","floor":8.0,"turns":7.0},{"damage":11.0,"enemies":"Red Slaver","floor":11.0,"turns":5.0},{"damage":13.0,"enemies":"3 Louse","floor":12.0,"turns":4.0},{"damage":8.0,"enemies":"Gremlin Gang","floor":14.0,"turns":4.0},{"damage":55.0,"enemies":"The Guardian","floor":16.0,"turns":13.0},{"damage":21.0,"enemies":"2 Thieves","floor":18.0,"turns":4.0},{"damage":0.0,"enemies":"Spheric Guardian","floor":21.0,"turns":2.0},{"damage":32.0,"enemies":"Snake Plant","floor":22.0,"turns":4.0},{"damage":35.0,"enemies":"Book of Stabbing","floor":23.0,"turns":6.0},{"damage":24.0,"enemies":"3 Cultists","floor":25.0,"turns":5.0},{"damage":5.0,"enemies":"Chosen and Byrds","floor":27.0,"turns":5.0},{"damage":10.0,"enemies":"Shelled Parasite and Fungi","floor":30.0,"turns":6.0},{"damage":23.0,"enemies":"Snake Plant","floor":31.0,"turns":5.0},{"damage":31.0,"enemies":"Champ","floor":33.0,"turns":7.0},{"damage":7.0,"enemies":"3 Shapes","floor":35.0,"turns":3.0},{"damage":15.0,"enemies":"Orb Walker","floor":36.0,"turns":5.0},{"damage":36.0,"enemies":"Sphere and 2 Shapes","floor":39.0,"turns":5.0},{"damage":87,"enemies":"Giant Head","floor":41,"turns":10},{"damage":15,"enemies":"Maw","floor":42,"turns":8},{"damage":24,"enemies":"Jaw Worm Horde","floor":44,"turns":5},{"damage":17,"enemies":"4 Shapes","floor":46,"turns":4},{"damage":34,"enemies":"Mind Bloom Boss Battle","floor":48,"turns":7},{"damage":74,"enemies":"Awakened One","floor":50,"turns":16},{"damage":101,"enemies":"Shield and Spear","floor":54,"turns":5}],"seed_played":"3693094647033902872","potions_obtained":[{"floor":5.0,"key":"PowerPotion"},{"floor":7.0,"key":"Fire Potion"},{"floor":12.0,"key":"SteroidPotion"},{"floor":14.0,"key":"Fire Potion"},{"floor":21.0,"key":"ElixirPotion"},{"floor":25.0,"key":"ElixirPotion"},{"floor":27.0,"key":"CultistPotion"},{"floor":31.0,"key":"Fruit Juice"},{"floor":34.0,"key":"Dexterity Potion"},{"floor":36.0,"key":"BloodPotion"},{"floor":44,"key":"DistilledChaos"},{"floor":46,"key":"LiquidBronze"}],"is_trial":false,"path_per_floor":["M","M","?","$","M","R","E","M","T","?","M","M","R","M","R","B",null,"M","$","?","M","M","E","R","M","T","M","$","?","M","M","R","B",null,"M","M","?","?","M","R","E","M","T","M","?","M","$","?","R","B",null,"R","$","E"],"character_chosen":"IRONCLAD","items_purchased":["Metallicize","Finesse","Bottled Tornado","Lantern","Metallicize","Self Forming Clay","Regen Potion"],"campfire_rested":5,"item_purchase_floors":[4,4,19,19,28,47,53],"current_hp_per_floor":[73,79,72,72,76,76,80,61,61,61,56,61,61,59,80,31,80,65,65,65,71,51,31,70,52,52,53,53,80,76,64,85,60,90,89,80,80,80,50,90,9,33,33,15,79,68,68,40,78,19,79,79,79,0,0],"gold":37,"neow_bonus":"THREE_CARDS","is_daily":false,"chose_seed":false,"campfire_upgraded":2,"win_rate":0.0,"timestamp":1610443742,"path_taken":["M","M","?","$","M","R","E","M","T","?","M","M","R","M","R","BOSS","M","$","?","M","M","E","R","M","T","?","?","?","M","M","R","BOSS","M","?","?","?","M","R","E","?","T","M","?","M","?","?","R","BOSS","R","$","E"],"items_purchased_type":["Card","Card","Relic","Relic","Card","Relic","Potion"],"build_version":"2020-12-22","purchased_purges":0,"victory":false,"max_hp_per_floor":[80,80,80,80,80,80,80,80,80,80,80,80,80,80,80,80,80,80,80,80,80,80,80,80,80,80,80,80,80,80,85,85,85,90,90,90,90,90,90,90,90,90,90,90,79,79,79,79,79,79,79,79,79,79,79],"card_choices":[{"not_picked":["Perfected Strike","Sword Boomerang"],"picked":"Disarm","floor":0.0},{"not_picked":["Heavy Blade","Clothesline"],"picked":"Fire Breathing","floor":1.0},{"not_picked":["Intimidate","Evolve"],"picked":"Clothesline","floor":2.0},{"not_picked":["Flame Barrier","Perfected Strike"],"picked":"Inflame","floor":5.0},{"not_picked":["Intimidate","Dropkick"],"picked":"Battle Trance","floor":7.0},{"not_picked":["Iron Wave","Anger"],"picked":"Shrug It Off","floor":8.0},{"not_picked":["Fire Breathing","Thunderclap"],"picked":"Reaper","floor":11.0},{"not_picked":["Clothesline","True Grit"],"picked":"Carnage","floor":12.0},{"not_picked":["Blood for Blood","Perfected Strike"],"picked":"Flex","floor":14.0},{"not_picked":["Impervious","Corruption"],"picked":"Limit Break","floor":16.0},{"not_picked":["Armaments","Headbutt+1"],"picked":"Iron Wave","floor":18.0},{"not_picked":["Warcry+1","True Grit+1"],"picked":"Sword Boomerang+1","floor":21.0},{"not_picked":["Iron Wave","Armaments"],"picked":"Shrug It Off+1","floor":22.0},{"not_picked":["Dark Embrace","Clash"],"picked":"Iron Wave+1","floor":23.0},{"not_picked":["Battle Trance","Sword Boomerang"],"picked":"Inflame","floor":25.0},{"not_picked":["Headbutt","Clothesline+1"],"picked":"Shockwave","floor":27.0},{"not_picked":["Rage","Exhume"],"picked":"Evolve","floor":30.0},{"not_picked":["Havoc","Body Slam"],"picked":"Dropkick","floor":31.0},{"not_picked":["Corruption","Fiend Fire"],"picked":"Barricade","floor":33.0},{"not_picked":["Flex","Armaments"],"picked":"Thunderclap","floor":34.0},{"not_picked":["True Grit+1","Clothesline"],"picked":"Shrug It Off+1","floor":35.0},{"not_picked":["Iron Wave+1","Havoc+1"],"picked":"Body Slam+1","floor":36.0},{"not_picked":["Flex","Anger"],"picked":"Fire Breathing+1","floor":39.0},{"not_picked":["Iron Wave","Disarm"],"picked":"Impervious","floor":41},{"not_picked":["Carnage","Thunderclap","Searing Blow"],"picked":"SKIP","floor":42},{"not_picked":["Headbutt+1","Perfected Strike"],"picked":"Heavy Blade+1","floor":44},{"not_picked":["Reckless Charge+1","Inflame"],"picked":"Infernal Blade","floor":46},{"not_picked":["Sword Boomerang+1","Clothesline"],"picked":"Blood for Blood+1","floor":48}],"player_experience":44010,"relics_obtained":[{"floor":7.0,"key":"Charon\u0027s Ashes"},{"floor":9.0,"key":"Kunai"},{"floor":23.0,"key":"Regal Pillow"},{"floor":41,"key":"Ginger"},{"floor":43,"key":"Ornamental Fan"},{"floor":48,"key":"Magic Flower"}],"event_choices":[{"cards_removed":["Strike_R"],"damage_healed":0.0,"max_hp_gain":0.0,"max_hp_loss":0.0,"gold_gain":0.0,"event_name":"Golden Wing","player_choice":"Card Removal","floor":3.0,"gold_loss":0.0,"damage_taken":7.0},{"damage_healed":0.0,"max_hp_gain":0.0,"max_hp_loss":0.0,"gold_gain":100.0,"event_name":"Golden Shrine","player_choice":"Pray","floor":10.0,"gold_loss":0.0,"damage_taken":0.0},{"damage_healed":0.0,"max_hp_gain":0.0,"max_hp_loss":0.0,"gold_gain":0.0,"event_name":"Upgrade Shrine","player_choice":"Upgraded","floor":20.0,"gold_loss":0.0,"damage_taken":0.0,"cards_upgraded":["Flex"]},{"cards_removed":["Metallicize"],"damage_healed":27.0,"max_hp_gain":0.0,"max_hp_loss":0.0,"gold_gain":0.0,"event_name":"Bonfire Elementals","player_choice":"Offered Uncommon","floor":29.0,"gold_loss":0.0,"damage_taken":0.0},{"cards_removed":["Metallicize"],"damage_healed":0.0,"max_hp_gain":0.0,"max_hp_loss":0.0,"gold_gain":0.0,"event_name":"Falling","player_choice":"Removed Power","floor":37.0,"gold_loss":0.0,"damage_taken":0.0},{"damage_healed":0.0,"max_hp_gain":0.0,"max_hp_loss":0.0,"gold_gain":0.0,"event_name":"Duplicator","player_choice":"Copied","floor":38.0,"gold_loss":0.0,"damage_taken":0.0,"cards_obtained":["Finesse"]},{"damage_healed":79,"gold_gain":0,"player_choice":"Heal","damage_taken":0,"max_hp_gain":0,"max_hp_loss":11,"event_name":"The Moai Head","floor":45,"gold_loss":0},{"damage_healed":0,"gold_gain":0,"player_choice":"Fight","damage_taken":0,"max_hp_gain":0,"max_hp_loss":0,"event_name":"MindBloom","floor":48,"gold_loss":0}],"is_beta":false,"boss_relics":[{"not_picked":["Sozu","Fusion Hammer"],"picked":"Mark of Pain"},{"not_picked":["Pandora\u0027s Box","Coffee Dripper"],"picked":"Tiny House"}],"items_purged_floors":[],"is_endless":false,"potions_floor_spawned":[5,7,12,14,21,25,27,31,36,41,44,46],"killed_by":"Shield and Spear","ascension_level":0}}