{"host":"0nnch38g0slmkwok","time":1610474787,"event":{"mods":["BaseMod","Minty Spire (QoL Compilation)","Replay The Spire","StSLib"],"gold_per_floor":[115,128,148,148,148,148,181,181,181,193,224,224,224,236,236,236,236],"floor_reached":16,"playtime":793,"items_purged":[],"score":110,"play_id":"5f98f2ff-de4f-494e-a822-5dd259378f42","local_time":"20210113020627","is_ascension_mode":false,"campfire_choices":[{"data":"Dualcast","floor":6,"key":"SMITH"},{"data":"Zap","floor":8,"key":"SMITH"},{"data":"BasicCrystalCard","floor":12,"key":"SMITH"},{"floor":15,"key":"RECALL"}],"circlet_count":0,"master_deck":["Strike_B","Strike_B","Strike_B","Defend_B","Defend_B","Defend_B","Zap+1","Dualcast+1","Panic Button","Sweeping Beam","Capacitor","BasicCrystalCard+1"],"relics":["Cracked Core","Eternal Feather","Shuriken","Mummified Hand","Onion Ring"],"acts_visited":["Exordium"],"potions_floor_usage":[7],"damage_taken":[{"damage":1,"enemies":"Cultist","floor":1,"turns":3},{"damage":0,"enemies":"Small Slimes","floor":2,"turns":2},{"damage":1,"enemies":"Jaw Worm","floor":3,"turns":2},{"damage":12,"enemies":"Lagavulin","floor":7,"turns":7},{"damage":0,"enemies":"3 Louse","floor":10,"turns":3},{"damage":18,"enemies":"Replay:BlueRogue","floor":11,"turns":5},{"damage":2,"enemies":"Large Slime","floor":14,"turns":4},{"damage":39,"enemies":"The Guardian","floor":16,"turns":7}],"seed_played":"-3078673595511995874","potions_obtained":[{"floor":1,"key":"Dexterity Potion"}],"is_trial":false,"path_per_floor":["M","M","M","?","T","R","E","R","T","M","E","R","?","M","R","B"],"character_chosen":"DEFECT","items_purchased":[],"campfire_rested":0,"item_purchase_floors":[],"current_hp_per_floor":[74,74,73,78,78,80,68,74,74,74,56,62,55,53,59,20,20],"gold":236,"neow_bonus":"REMOVE_CARD","is_daily":false,"chose_seed":false,"campfire_upgraded":3,"win_rate":0.0,"timestamp":1610474787,"path_taken":["M","M","?","?","?","R","E","R","T","M","E","R","?","M","R","BOSS"],"items_purchased_type":[],"build_version":"2020-12-22","purchased_purges":0,"victory":false,"max_hp_per_floor":[75,75,75,80,80,80,80,80,80,80,80,80,80,80,80,80,80],"card_choices":[{"not_picked":["FIFO Queue","Barrage","Hologram"],"picked":"SKIP","floor":1},{"not_picked":["FIFO Queue","Barrage","Hologram"],"picked":"SKIP","floor":1},{"not_picked":["FTL","Streamline"],"picked":"Panic Button","floor":2},{"not_picked":["BootSequence","Redo","Steam"],"picked":"SKIP","floor":3},{"not_picked":["Genetic Algorithm","Buffer"],"picked":"Sweeping Beam","floor":7},{"not_picked":["Beam Cell","Panic Button"],"picked":"Capacitor","floor":10},{"not_picked":["White Noise","Streamline"],"picked":"BasicCrystalCard","floor":11},{"not_picked":["Rebound","Panic Button","Hologram"],"picked":"SKIP","floor":14}],"player_experience":70045,"relics_obtained":[{"floor":5,"key":"Eternal Feather"},{"floor":7,"key":"Shuriken"},{"floor":9,"key":"Mummified Hand"},{"floor":11,"key":"Onion Ring"}],"event_choices":[{"damage_healed":0,"gold_gain":0,"player_choice":"Donut","damage_taken":0,"max_hp_gain":5,"max_hp_loss":0,"event_name":"Big Fish","floor":4,"gold_loss":0},{"cards_removed":["Strike_B"],"damage_healed":0,"gold_gain":0,"player_choice":"Card Removal","damage_taken":7,"max_hp_gain":0,"max_hp_loss":0,"event_name":"Golden Wing","floor":13,"gold_loss":0}],"is_beta":false,"boss_relics":[],"items_purged_floors":[],"is_endless":false,"potions_floor_spawned":[1],"killed_by":"The Guardian","ascension_level":0}}