{"host":"7l2t4psy44vpcd9q","time":1610431818,"event":{"mods":["AchievementEnabler","BaseMod","DeckTracker","Minty Spire (QoL Compilation)","SuperFastMode"],"gold_per_floor":[113,113,113,113,132,132,146,146,146,159,184,184,242,260,260,335,335,345,345,355,36,61,61,61,61,112,112,12,32,82,82,82,82,82],"floor_reached":33,"playtime":1025,"items_purged":["Strike_R","Shame"],"score":522,"play_id":"5dfd5077-51c6-49a0-9fbf-05a83b34b53c","local_time":"20210112151018","is_ascension_mode":true,"campfire_choices":[{"data":"Fire Breathing","floor":6.0,"key":"SMITH"},{"data":"Second Wind","floor":8.0,"key":"SMITH"},{"data":"Juggernaut","floor":12.0,"key":"SMITH"},{"floor":15.0,"key":"REST"},{"data":"Feel No Pain","floor":23.0,"key":"SMITH"},{"data":"Offering","floor":25.0,"key":"SMITH"},{"data":"Feel No Pain","floor":27.0,"key":"SMITH"},{"data":"Body Slam","floor":32.0,"key":"SMITH"}],"circlet_count":0,"master_deck":["AscendersBane","Strike_R","Strike_R","Strike_R","Strike_R","Defend_R","Defend_R","Defend_R+1","Defend_R","Bash","Wild Strike+1","Decay","Fire Breathing+1","Second Wind+1","Juggernaut+1","Feel No Pain+1","Spot Weakness","Offering+1","Feel No Pain+1","Warcry","Feed","Body Slam+1"],"relics":["Burning Blood","Anchor","Shuriken","Art of War","Magic Flower","Cursed Key","Oddly Smooth Stone","Red Mask","Bag of Preparation"],"acts_visited":["Exordium","TheCity"],"potions_floor_usage":[33],"damage_taken":[{"damage":2.0,"enemies":"Jaw Worm","floor":1.0,"turns":3.0},{"damage":4.0,"enemies":"2 Louse","floor":5.0,"turns":3.0},{"damage":0.0,"enemies":"Cultist","floor":7.0,"turns":3.0},{"damage":1.0,"enemies":"2 Fungi Beasts","floor":10.0,"turns":4.0},{"damage":34.0,"enemies":"Gremlin Nob","floor":11.0,"turns":4.0},{"damage":58.0,"enemies":"Gremlin Nob","floor":13.0,"turns":5.0},{"damage":17.0,"enemies":"Exordium Wildlife","floor":14.0,"turns":4.0},{"damage":33.0,"enemies":"Slime Boss","floor":16.0,"turns":7.0},{"damage":7.0,"enemies":"Spheric Guardian","floor":18.0,"turns":3.0},{"damage":6.0,"enemies":"Chosen","floor":20.0,"turns":5.0},{"damage":48.0,"enemies":"Masked Bandits","floor":22.0,"turns":5.0},{"damage":0.0,"enemies":"Gremlin Leader","floor":24.0,"turns":2.0},{"damage":6.0,"enemies":"3 Cultists","floor":29.0,"turns":3.0},{"damage":93,"enemies":"Automaton","floor":33,"turns":6}],"seed_played":"-797081453147947360","potions_obtained":[{"floor":7.0,"key":"Strength Potion"},{"floor":10.0,"key":"FairyPotion"},{"floor":13.0,"key":"SmokeBomb"},{"floor":20.0,"key":"Regen Potion"},{"floor":29.0,"key":"Ancient Potion"}],"is_trial":false,"path_per_floor":["M","?","?","?","M","R","M","R","T","M","E","R","?","M","R","B",null,"M","?","M","$","?","R","E","R","T","R","$","M","?","$","R","B"],"character_chosen":"IRONCLAD","items_purchased":["Feed","Oddly Smooth Stone"],"campfire_rested":1,"item_purchase_floors":[21,21],"current_hp_per_floor":[72,49,49,49,51,51,57,57,57,62,34,34,42,34,56,32,64,66,66,69,69,48,48,57,57,57,57,57,60,60,60,60,0,0],"gold":82,"neow_bonus":"RANDOM_COMMON_RELIC","is_daily":false,"chose_seed":false,"campfire_upgraded":7,"win_rate":0.0,"timestamp":1610431818,"path_taken":["M","?","?","?","M","R","M","R","T","?","E","R","?","M","R","BOSS","M","?","M","$","?","R","E","R","T","R","$","?","?","?","R","BOSS"],"items_purchased_type":["Card","Relic"],"build_version":"2020-12-22","purchased_purges":2,"victory":false,"max_hp_per_floor":[75,75,75,75,75,75,75,75,75,75,75,75,75,75,75,75,75,75,75,75,75,75,75,75,75,75,75,75,75,75,75,75,75,75],"card_choices":[{"not_picked":["Second Wind","Heavy Blade"],"picked":"Wild Strike","floor":1.0},{"not_picked":["Flex","Perfected Strike"],"picked":"Fire Breathing","floor":5.0},{"not_picked":["Clash","Searing Blow"],"picked":"Second Wind","floor":7.0},{"not_picked":["Anger","Searing Blow","Sword Boomerang"],"picked":"SKIP","floor":10.0},{"not_picked":["Clothesline","Headbutt"],"picked":"Juggernaut","floor":11.0},{"not_picked":["Sword Boomerang","Clash"],"picked":"Feel No Pain","floor":13.0},{"not_picked":["Sword Boomerang","Blood for Blood"],"picked":"Spot Weakness","floor":14.0},{"not_picked":["Fiend Fire","Barricade"],"picked":"Offering","floor":16.0},{"not_picked":["Cleave","Heavy Blade"],"picked":"Feel No Pain","floor":18.0},{"not_picked":["Whirlwind+1","Clothesline+1"],"picked":"Warcry","floor":20.0},{"not_picked":["Whirlwind","Entrench"],"picked":"Body Slam","floor":29.0}],"player_experience":1207444,"relics_obtained":[{"floor":9.0,"key":"Shuriken"},{"floor":11.0,"key":"Art of War"},{"floor":22.0,"key":"Red Mask"},{"floor":26.0,"key":"Bag of Preparation"}],"event_choices":[{"damage_healed":0.0,"max_hp_gain":0.0,"max_hp_loss":0.0,"gold_gain":0.0,"event_name":"Shining Light","player_choice":"Entered Light","floor":2.0,"gold_loss":0.0,"damage_taken":23.0,"cards_upgraded":["Defend_R","Wild Strike"]},{"damage_healed":0.0,"max_hp_gain":0.0,"max_hp_loss":0.0,"gold_gain":0.0,"event_name":"Scrap Ooze","player_choice":"Fled","floor":3.0,"gold_loss":0.0,"damage_taken":0.0},{"damage_healed":0.0,"max_hp_gain":0.0,"max_hp_loss":0.0,"gold_gain":0.0,"event_name":"Wheel of Change","player_choice":"Cursed","floor":4.0,"gold_loss":0.0,"damage_taken":0.0,"cards_obtained":["Decay"]},{"damage_healed":0.0,"max_hp_gain":0.0,"max_hp_loss":0.0,"gold_gain":0.0,"event_name":"Dead Adventurer","player_choice":"Searched \u00272\u0027 times","floor":13.0,"gold_loss":0.0,"damage_taken":0.0,"relics_obtained":["Magic Flower"]},{"damage_healed":0.0,"max_hp_gain":0.0,"max_hp_loss":0.0,"gold_gain":0.0,"event_name":"Ghosts","player_choice":"Ignored","floor":19.0,"gold_loss":0.0,"damage_taken":0.0},{"damage_healed":0.0,"max_hp_gain":0.0,"max_hp_loss":0.0,"gold_gain":0.0,"event_name":"Masked Bandits","player_choice":"Fought Bandits","floor":22.0,"gold_loss":0.0,"damage_taken":0.0},{"damage_healed":0.0,"max_hp_gain":0.0,"max_hp_loss":0.0,"gold_gain":50.0,"event_name":"Golden Shrine","player_choice":"Pray","floor":30.0,"gold_loss":0.0,"damage_taken":0.0}],"is_beta":false,"boss_relics":[{"not_picked":["Calling Bell","Philosopher\u0027s Stone"],"picked":"Cursed Key"}],"items_purged_floors":[21,28],"is_endless":false,"potions_floor_spawned":[7,10,13,20,24,29],"killed_by":"Automaton","ascension_level":20}}