{"host":"foq4mrde4mssg7vt","time":1610466153,"event":{"mods":["AchievementEnabler","BaseMod","Colored Map","Colored Powertips","Highlight Path","Minty Spire (QoL Compilation)","Relic Stats","everything is the same but u backflip on backflip"],"gold_per_floor":[12,12,24,24,35,35,70,70,97,122,122,141,64,81,81,156,156,167,179,179,104,104,132,132,147,171,171,190,210,210,210],"floor_reached":30,"playtime":1324,"items_purged":["Decay"],"score":481,"play_id":"d0238a5f-1cde-4414-a8e9-90c1f42f3ec2","local_time":"20210112234233","is_ascension_mode":true,"campfire_choices":[{"data":"Barrage","floor":6.0,"key":"SMITH"},{"data":"Gash","floor":8.0,"key":"SMITH"},{"data":"Glacier","floor":11.0,"key":"SMITH"},{"data":"Hologram","floor":15.0,"key":"SMITH"},{"data":"Conserve Battery","floor":24.0,"key":"SMITH"},{"floor":27.0,"key":"REST"}],"circlet_count":0,"master_deck":["AscendersBane","Zap+1","Dualcast","Gash+1","Barrage+1","Leap","Glacier+1","Loop+1","Loop+1","Hologram+1","Core Surge","Doom and Gloom","Conserve Battery+1","Electrodynamics+1","Defragment+1","Redo","White Noise","Turbo","White Noise+1","Compile Driver","Capacitor+1","Cold Snap"],"relics":["Cracked Core","Pocketwatch","Strawberry","Bag of Marbles","Frozen Egg 2","Pandora\u0027s Box","Letter Opener","PreservedInsect"],"acts_visited":["Exordium","TheCity"],"potions_floor_usage":[30,30],"damage_taken":[{"damage":4.0,"enemies":"Small Slimes","floor":1.0,"turns":3.0},{"damage":2.0,"enemies":"Jaw Worm","floor":3.0,"turns":4.0},{"damage":0.0,"enemies":"Cultist","floor":5.0,"turns":3.0},{"damage":28.0,"enemies":"Gremlin Nob","floor":7.0,"turns":4.0},{"damage":6.0,"enemies":"Lagavulin","floor":10.0,"turns":7.0},{"damage":8.0,"enemies":"3 Louse","floor":12.0,"turns":3.0},{"damage":0.0,"enemies":"Blue Slaver","floor":14.0,"turns":2.0},{"damage":6.0,"enemies":"The Guardian","floor":16.0,"turns":14.0},{"damage":0.0,"enemies":"3 Byrds","floor":18.0,"turns":3.0},{"damage":24.0,"enemies":"Shell Parasite","floor":19.0,"turns":6.0},{"damage":10.0,"enemies":"Book of Stabbing","floor":23.0,"turns":7.0},{"damage":19.0,"enemies":"Sentry and Sphere","floor":25.0,"turns":6.0},{"damage":21.0,"enemies":"Centurion and Healer","floor":28.0,"turns":6.0},{"damage":0.0,"enemies":"3 Cultists","floor":29.0,"turns":2.0},{"damage":13,"enemies":"Snake Plant","floor":30,"turns":1}],"seed_played":"-2234353551976825615","potions_obtained":[{"floor":7.0,"key":"FocusPotion"},{"floor":18.0,"key":"PowerPotion"}],"is_trial":false,"path_per_floor":["M","?","M","?","M","R","E","R","T","E","R","M","$","M","R","B",null,"M","M","?","$","?","E","R","M","T","R","M","M","M"],"character_chosen":"DEFECT","items_purchased":["Weak Potion","Hologram"],"campfire_rested":1,"item_purchase_floors":[13,13],"current_hp_per_floor":[60,60,58,58,58,58,37,37,37,31,31,23,23,23,23,17,63,63,39,39,39,39,29,29,10,10,33,12,12,0,0],"gold":210,"neow_bonus":"ONE_RARE_RELIC","is_daily":false,"chose_seed":false,"campfire_upgraded":5,"win_rate":0.0,"timestamp":1610466153,"path_taken":["M","?","M","?","M","R","E","R","T","E","R","M","$","M","R","BOSS","M","?","?","$","?","E","R","M","T","R","M","M","?"],"items_purchased_type":["Potion","Card"],"build_version":"2020-12-22","purchased_purges":1,"victory":false,"max_hp_per_floor":[71,71,71,71,71,71,78,78,78,78,78,78,78,78,78,78,78,78,78,78,78,78,78,78,78,78,78,78,78,78,78],"relic_stats":{"counters":[15,69],"Pandora\u0027s Box":["Doom and Gloom","Conserve Battery","Electrodynamics","Defragment","Redo","White Noise","Turbo","White Noise"],"PreservedInsect":0,"Letter Opener":[5],"obtain_stats":[{"Strawberry":7,"Pandora\u0027s Box":17,"PreservedInsect":26,"Bag of Marbles":9,"Letter Opener":23,"Frozen Egg 2":10,"Cracked Core":0,"Pocketwatch":0},{"Strawberry":4,"Pandora\u0027s Box":8,"PreservedInsect":12,"Bag of Marbles":4,"Letter Opener":11,"Frozen Egg 2":5,"Cracked Core":0,"Pocketwatch":0},{"Strawberry":14,"Pandora\u0027s Box":40,"PreservedInsect":60,"Bag of Marbles":14,"Letter Opener":55,"Frozen Egg 2":21,"Cracked Core":0,"Pocketwatch":0}],"Pocketwatch":[144]},"card_choices":[{"not_picked":["Streamline","Heatsinks"],"picked":"Gash","floor":1.0},{"not_picked":["Go for the Eyes","Rebound"],"picked":"Barrage","floor":3.0},{"not_picked":["Conserve Battery","Go for the Eyes"],"picked":"Leap","floor":5.0},{"not_picked":["Electrodynamics","Steam Power"],"picked":"Glacier","floor":7.0},{"not_picked":["Ball Lightning","Stack"],"picked":"Loop+1","floor":10.0},{"not_picked":["Skim","Leap"],"picked":"Loop+1","floor":12.0},{"not_picked":["Steam","Recycle","FTL"],"picked":"SKIP","floor":14.0},{"not_picked":["Seek","Buffer+1"],"picked":"Core Surge","floor":16.0},{"not_picked":["Conserve Battery+1","Streamline","Rebound"],"picked":"SKIP","floor":18.0},{"not_picked":["Beam Cell","Leap","FTL"],"picked":"SKIP","floor":19.0},{"not_picked":["Meteor Strike","Gash"],"picked":"Compile Driver","floor":23.0},{"not_picked":["Genetic Algorithm+1","Static Discharge+1"],"picked":"Capacitor+1","floor":25.0},{"not_picked":["BootSequence","Tempest"],"picked":"Cold Snap","floor":28.0},{"not_picked":["Streamline","Static Discharge+1","Beam Cell"],"picked":"SKIP","floor":29.0}],"player_experience":446375,"relics_obtained":[{"floor":7.0,"key":"Strawberry"},{"floor":9.0,"key":"Bag of Marbles"},{"floor":10.0,"key":"Frozen Egg 2"},{"floor":23.0,"key":"Letter Opener"},{"floor":26.0,"key":"PreservedInsect"}],"event_choices":[{"damage_healed":0.0,"max_hp_gain":0.0,"max_hp_loss":0.0,"gold_gain":0.0,"event_name":"Living Wall","player_choice":"Grow","floor":2.0,"gold_loss":0.0,"damage_taken":0.0,"cards_upgraded":["Zap"]},{"damage_healed":0.0,"max_hp_gain":0.0,"max_hp_loss":0.0,"gold_gain":0.0,"event_name":"WeMeetAgain","player_choice":"Ignored","floor":4.0,"gold_loss":0.0,"damage_taken":0.0},{"damage_healed":0.0,"max_hp_gain":0.0,"max_hp_loss":0.0,"gold_gain":0.0,"event_name":"Forgotten Altar","player_choice":"Smashed Altar","floor":20.0,"gold_loss":0.0,"damage_taken":0.0,"cards_obtained":["Decay"]},{"damage_healed":0.0,"max_hp_gain":0.0,"max_hp_loss":0.0,"gold_gain":0.0,"event_name":"Accursed Blacksmith","player_choice":"Forge","floor":22.0,"gold_loss":0.0,"damage_taken":0.0,"cards_upgraded":["White Noise"]}],"is_beta":false,"boss_relics":[{"not_picked":["FrozenCore","Velvet Choker"],"picked":"Pandora\u0027s Box"}],"items_purged_floors":[21],"is_endless":false,"potions_floor_spawned":[7,14,16,18,19,23,29],"killed_by":"Snake Plant","ascension_level":17}}