{"host":"6es90lqcwaoc0kgm","time":1610471541,"event":{"mods":["Act Like it!","Bard","BaseMod","Hallownest","HololiveMod","Jorbs\u0027s Wanderer Trilogy","Marisa（F雨　魔理沙）","Minty Spire (QoL Compilation)","Quick Restart","StSLib","The Administrix","The Animator","The Bug Knight","The Cursed","The Runesmith","[地精首领爬塔]The Maniac"],"gold_per_floor":[119,119,119,37,80,133,133,176,229,229,296,357,393,432,432,618,618,673,720,58,58,127,127,254,254,254,300,100,187,266,298,298,458,458,537,629,112,0,0,0,78,98,98,157,191,191,237,315,315,335,335,335,89,168,168],"floor_reached":56,"playtime":3306,"items_purged":["Strike_MRS","UpSweep","Strike_MRS"],"score":1482,"play_id":"ebb480ac-566b-4aca-b407-b12e06570540","local_time":"20210113011221","is_ascension_mode":false,"campfire_choices":[{"data":"TreasureHunter","floor":7.0,"key":"SMITH"},{"data":"WitchOfGreed","floor":15.0,"key":"SMITH"},{"data":"1","floor":23.0,"key":"LIFT"},{"data":"2","floor":25.0,"key":"LIFT"},{"data":"3","floor":32.0,"key":"LIFT"},{"floor":46.0,"key":"RECALL"},{"data":"Strike_MRS","floor":49.0,"key":"PURGE"},{"data":"Strike_MRS","floor":52,"key":"PURGE"}],"circlet_count":0,"master_deck":["Defend_MRS","Defend_MRS","Defend_MRS","Defend_MRS","MasterSpark","TreasureHunter+1","MysteriousBeam","WitchOfGreed+1","PropBag","RefractionSpark","Parasite","Parasite","MysteriousBeam","Robbery","BinaryStars","OrrerysSun","MagicAbsorber","FinalSpark","SporeBomb+1","TreasureHunter+1","MaximisePower","RefractionSpark","MachineGunSpark","SporeBomb+1","MillisecondPulsars","UltimateShortwave","MachineGunSpark","Madness","Madness","MachineGunSpark+1","UltimateShortwave","PropBag+1","CollectingQuirk+1","Apotheosis","PropBag","UltimateShortwave"],"relics":["MiniHakkero","Golden Idol","Mango","ShroomBag","Blood Vial","White Beast Statue","Bird Faced Urn","Fusion Hammer","Hololive_LightStick","DollysMirror","Girya","Bag of Preparation","Nloth\u0027s Gift","Regal Pillow","Question Card","Potion Belt","Akabeko","Kunai","Peace Pipe","Coffee Dripper","Runesmith:Nanobots","Toolbox","Red Mask","Eternal Feather","Gambling Chip","Molten Egg 2","CeramicFish","Mercury Hourglass","Sundial"],"acts_visited":["Exordium","TheCity","TheBeyond","TheEnding"],"potions_floor_usage":[50,50,54,55,55],"damage_taken":[{"damage":7.0,"enemies":"2 Louse","floor":1.0,"turns":2.0},{"damage":6.0,"enemies":"Jaw Worm","floor":5.0,"turns":2.0},{"damage":47.0,"enemies":"Gremlin Nob","floor":6.0,"turns":6.0},{"damage":0.0,"enemies":"Cultist","floor":8.0,"turns":3.0},{"damage":4.0,"enemies":"3 Sentries","floor":11.0,"turns":4.0},{"damage":0.0,"enemies":"Large Slime","floor":12.0,"turns":3.0},{"damage":0.0,"enemies":"Lots of Slimes","floor":13.0,"turns":3.0},{"damage":1.0,"enemies":"Exordium Thugs","floor":14.0,"turns":3.0},{"damage":34.0,"enemies":"Slime Boss","floor":16.0,"turns":11.0},{"damage":16.0,"enemies":"Shell Parasite","floor":18.0,"turns":3.0},{"damage":0.0,"enemies":"Chosen","floor":22.0,"turns":4.0},{"damage":0.0,"enemies":"Slavers","floor":24.0,"turns":1.0},{"damage":0.0,"enemies":"Snake Plant","floor":27.0,"turns":2.0},{"damage":0.0,"enemies":"Book of Stabbing","floor":29.0,"turns":5.0},{"damage":0.0,"enemies":"Snecko","floor":30.0,"turns":3.0},{"damage":0.0,"enemies":"Shelled Parasite and Fungi","floor":31.0,"turns":2.0},{"damage":17.0,"enemies":"Collector","floor":33.0,"turns":3.0},{"damage":3.0,"enemies":"Orb Walker","floor":35.0,"turns":2.0},{"damage":4.0,"enemies":"3 Darklings","floor":36.0,"turns":3.0},{"damage":0.0,"enemies":"Transient","floor":41.0,"turns":5.0},{"damage":0.0,"enemies":"Spire Growth","floor":42.0,"turns":2.0},{"damage":0.0,"enemies":"2 Orb Walkers","floor":44.0,"turns":1.0},{"damage":0.0,"enemies":"Nemesis","floor":45.0,"turns":1.0},{"damage":0.0,"enemies":"Sphere and 2 Shapes","floor":47.0,"turns":2.0},{"damage":0.0,"enemies":"Giant Head","floor":48.0,"turns":3.0},{"damage":50,"enemies":"Time Eater","floor":50,"turns":8},{"damage":0,"enemies":"Shield and Spear","floor":54,"turns":3},{"damage":104,"enemies":"The Heart","floor":55,"turns":6}],"seed_played":"3222839616991649011","potions_obtained":[{"floor":5.0,"key":"DuplicationPotion"},{"floor":5.0,"key":"LiquidMemories"},{"floor":6.0,"key":"Explosive Potion"},{"floor":8.0,"key":"LiquidMemories"},{"floor":11.0,"key":"Ancient Potion"},{"floor":11.0,"key":"FearPotion"},{"floor":12.0,"key":"BottledSpark"},{"floor":12.0,"key":"Regen Potion"},{"floor":13.0,"key":"SkillPotion"},{"floor":13.0,"key":"Dexterity Potion"},{"floor":14.0,"key":"Regen Potion"},{"floor":14.0,"key":"Regen Potion"},{"floor":16.0,"key":"SteroidPotion"},{"floor":16.0,"key":"LiquidBronze"},{"floor":18.0,"key":"SteroidPotion"},{"floor":18.0,"key":"SneckoOil"},{"floor":22.0,"key":"SkillPotion"},{"floor":22.0,"key":"DistilledChaos"},{"floor":24.0,"key":"PowerPotion"},{"floor":24.0,"key":"AttackPotion"},{"floor":27.0,"key":"Explosive Potion"},{"floor":27.0,"key":"BottledSpark"},{"floor":29.0,"key":"Dexterity Potion"},{"floor":29.0,"key":"DuplicationPotion"},{"floor":30.0,"key":"DuplicationPotion"},{"floor":30.0,"key":"BlessingOfTheForge"},{"floor":31.0,"key":"FearPotion"},{"floor":33.0,"key":"BlessingOfTheForge"},{"floor":35.0,"key":"FairyPotion"},{"floor":35.0,"key":"Dexterity Potion"},{"floor":35.0,"key":"Energy Potion"},{"floor":36.0,"key":"Strength Potion"},{"floor":36.0,"key":"SteroidPotion"},{"floor":41.0,"key":"PowerPotion"},{"floor":42.0,"key":"FearPotion"},{"floor":45.0,"key":"EntropicBrew"},{"floor":47.0,"key":"Explosive Potion"},{"floor":47.0,"key":"LiquidBronze"},{"floor":48.0,"key":"SteroidPotion"},{"floor":48.0,"key":"Energy Potion"},{"floor":54,"key":"BottledSpark"},{"floor":54,"key":"Strength Potion"}],"is_trial":false,"path_per_floor":["M","?","T","$","M","E","R","M","T","?","E","M","M","M","R","B",null,"M","T","$","?","M","R","E","R","T","M","$","E","M","M","R","B",null,"M","M","$","?","?","?","M","M","T","?","E","R","M","E","R","B",null,"R","$","E","B",null],"character_chosen":"MARISA","items_purchased":["WitchOfGreed","PropBag","DollysMirror","Girya","Bag of Preparation","Fruit Juice","Runesmith:Nanobots","Toolbox","Apotheosis","PropBag"],"campfire_rested":0,"item_purchase_floors":[4,4,20,20,20,28,37,37,53,53],"current_hp_per_floor":[61,44,58,58,52,5,5,11,11,11,20,24,39,44,44,61,89,73,73,73,73,81,81,89,89,89,89,94,94,94,94,94,77,94,93,92,92,92,80,71,79,83,83,85,93,94,94,94,94,48,94,94,94,94,27],"gold":168,"neow_bonus":"THREE_RARE_CARDS","is_daily":false,"chose_seed":false,"campfire_upgraded":2,"win_rate":0.0,"timestamp":1610471541,"path_taken":["M","?","?","?","M","E","R","M","T","?","E","M","M","M","R","BOSS","M","?","$","?","?","R","E","R","T","M","$","E","M","M","R","BOSS","M","M","$","?","?","?","M","?","T","?","E","R","M","E","R","BOSS","R","$","E","BOSS"],"items_purchased_type":["Card","Card","Relic","Relic","Relic","Potion","Relic","Relic","Card","Card"],"build_version":"2020-12-22","purchased_purges":3,"victory":true,"max_hp_per_floor":[68,68,82,82,82,82,82,82,82,82,89,89,89,89,89,89,89,89,89,89,89,89,89,89,89,89,89,94,94,94,94,94,94,94,94,94,94,94,94,94,94,94,94,94,94,94,94,94,94,94,94,94,94,94,94],"card_choices":[{"not_picked":["CasketOfStar","MillisecondPulsars"],"picked":"TreasureHunter","floor":0.0},{"not_picked":["ShootingEcho","6A"],"picked":"MysteriousBeam","floor":1.0},{"not_picked":["DragonMeteor","Acceleration"],"picked":"RefractionSpark","floor":5.0},{"not_picked":["GravityBeat","UnstableBomb"],"picked":"MysteriousBeam","floor":6.0},{"not_picked":["ChargeUpSpray","OrrerysSun"],"picked":"Robbery","floor":8.0},{"not_picked":["UnstableBomb","GrandCross"],"picked":"BinaryStars","floor":11.0},{"not_picked":["WitchLeyline","LuminesStrike"],"picked":"OrrerysSun","floor":12.0},{"not_picked":["DC","GrandCross","NonDirectionalLaser"],"picked":"SKIP","floor":13.0},{"not_picked":["GasGiant","DC"],"picked":"MagicAbsorber","floor":14.0},{"not_picked":["SuperNova","StarDustReverie"],"picked":"FinalSpark","floor":16.0},{"not_picked":["StarBarrage+1","GrandCross"],"picked":"SporeBomb+1","floor":18.0},{"not_picked":["Acceleration","UnstableBomb+1","GrandCross"],"picked":"SKIP","floor":22.0},{"not_picked":["Acceleration+1","DC"],"picked":"MaximisePower","floor":24.0},{"not_picked":["EarthLightRay","DC","DeepEcoloBomb"],"picked":"RefractionSpark","floor":27.0},{"not_picked":["6A","AsteroidBelt+1","IllusionStar","GalacticHalo+1"],"picked":"SKIP","floor":29.0},{"not_picked":["OortCloud","6A","DoubleSpark"],"picked":"MachineGunSpark","floor":30.0},{"not_picked":["WitchLeyline","MilkyWay+1","ShootingEcho"],"picked":"SporeBomb+1","floor":31.0},{"not_picked":["UltimateShortwave","BinaryStars","BlazingStar"],"picked":"MillisecondPulsars","floor":33.0},{"not_picked":["GravityBeat+1","MysteriousBeam+1","DoubleSpark"],"picked":"UltimateShortwave","floor":35.0},{"not_picked":["DoubleSpark","GravityBeat","PulseMagic"],"picked":"MachineGunSpark","floor":36.0},{"not_picked":["UnstableBomb","ShootingEcho","AsteroidBelt+1"],"picked":"MachineGunSpark+1","floor":41.0},{"not_picked":["SporeBomb","DarkMatter","OrrerysSun","GravityBeat+1"],"picked":"SKIP","floor":42.0},{"not_picked":["DarkSpark+1","MysteriousBeam+1","CasketOfStar"],"picked":"UltimateShortwave","floor":45.0},{"not_picked":["Robbery+1","UnstableBomb+1","DoubleSpark+1"],"picked":"PropBag+1","floor":47.0},{"not_picked":["EscapeVelocity","PropBag+1","BigCrunch"],"picked":"CollectingQuirk+1","floor":48.0},{"not_picked":["ChargeUpSpray+1","PulseMagic","UnstableBomb+1"],"picked":"UltimateShortwave","floor":54}],"player_experience":664028,"relics_obtained":[{"floor":3.0,"key":"Mango"},{"floor":6.0,"key":"ShroomBag"},{"floor":6.0,"key":"Blood Vial"},{"floor":11.0,"key":"White Beast Statue"},{"floor":11.0,"key":"Strawberry"},{"floor":16.0,"key":"Bird Faced Urn"},{"floor":19.0,"key":"Hololive_LightStick"},{"floor":24.0,"key":"Regal Pillow"},{"floor":24.0,"key":"Question Card"},{"floor":24.0,"key":"Potion Belt"},{"floor":26.0,"key":"Akabeko"},{"floor":29.0,"key":"Kunai"},{"floor":33.0,"key":"Peace Pipe"},{"floor":43.0,"key":"Eternal Feather"},{"floor":44.0,"key":"Gambling Chip"},{"floor":45.0,"key":"Molten Egg 2"},{"floor":48.0,"key":"CeramicFish"},{"floor":54,"key":"Mercury Hourglass"},{"floor":54,"key":"Sundial"}],"event_choices":[{"damage_healed":0.0,"max_hp_gain":0.0,"max_hp_loss":0.0,"gold_gain":0.0,"event_name":"Golden Idol","player_choice":"Take Damage","floor":2.0,"gold_loss":0.0,"damage_taken":17.0,"relics_obtained":["Golden Idol"]},{"damage_healed":0.0,"max_hp_gain":0.0,"max_hp_loss":0.0,"gold_gain":0.0,"event_name":"NoteForYourself","player_choice":"Ignored","floor":10.0,"gold_loss":0.0,"damage_taken":0.0},{"damage_healed":0.0,"max_hp_gain":0.0,"max_hp_loss":0.0,"gold_gain":0.0,"event_name":"N\u0027loth","player_choice":"Traded Relic","floor":21.0,"relics_lost":["Strawberry"],"gold_loss":0.0,"damage_taken":0.0,"relics_obtained":["Nloth\u0027s Gift"]},{"damage_healed":0.0,"max_hp_gain":0.0,"max_hp_loss":0.0,"gold_gain":0.0,"event_name":"Tomb of Lord Red Mask","player_choice":"Paid","floor":38.0,"gold_loss":112.0,"damage_taken":0.0,"relics_obtained":["Red Mask"]},{"damage_healed":0.0,"max_hp_gain":0.0,"max_hp_loss":0.0,"gold_gain":0.0,"event_name":"Winding Halls","player_choice":"Embrace Madness","floor":39.0,"gold_loss":0.0,"damage_taken":12.0,"cards_obtained":["Madness","Madness"]},{"damage_healed":0.0,"max_hp_gain":0.0,"max_hp_loss":0.0,"gold_gain":0.0,"event_name":"Wheel of Change","player_choice":"Damaged","floor":40.0,"gold_loss":0.0,"damage_taken":9.0},{"damage_healed":0.0,"max_hp_gain":0.0,"max_hp_loss":0.0,"gold_gain":0.0,"event_name":"Mysterious Sphere","player_choice":"Fight","floor":44.0,"gold_loss":0.0,"damage_taken":0.0}],"is_beta":false,"boss_relics":[{"not_picked":["Velvet Choker","Snecko Eye"],"picked":"Fusion Hammer"},{"not_picked":["Hololive_Finger","Hololive_TopUpMoneyS"],"picked":"Coffee Dripper"}],"items_purged_floors":[20,28,37],"is_endless":false,"potions_floor_spawned":[5,11,12,13,14,16,18,22,24,27,29,30,31,33,35,36,41,42,44,45,47,48,54],"ascension_level":0}}