{"host":"ik4vuhm0hrxhj99n","time":1610467613,"event":{"mods":["100% Spire Juice","ATMod(°¢èªMod)","Arknights The Spire","BaseMod","Colored Powertips","Friendly Minions","Highlight Path","Minty Spire (QoL Compilation)","Quick Restart","StSLib","UnlockEverythingMod","¡¾ÒÅÎï¿¨ÅÆ¡¿REMEMod"],"gold_per_floor":[19,34,34,55,80,80,119,143,143,157,157,157,180,198,198,326,326,345,389,404,404,404,404,404,174,174,174,199,232,182,223,223,343,343,363,378,141,141,141,141,174,193,193,0,16,31,95,45,45,45,45,45,45,84,84,84],"floor_reached":55,"playtime":4402,"items_purged":["ats:Strike V","ats:Defend","ats:Strike G","ats:Strike S","ats:Armor Crushing Shot"],"score":910,"play_id":"58a60386-c672-448a-bff1-e756a5390a47","local_time":"20210113000653","is_ascension_mode":false,"campfire_choices":[{"floor":6.0,"key":"RECALL"},{"floor":12.0,"key":"REST"},{"floor":15.0,"key":"REST"},{"data":"ats:Burning Ground","floor":23.0,"key":"SMITH"},{"floor":27.0,"key":"REST"},{"floor":32.0,"key":"REST"},{"data":"Sadistic Nature","floor":40.0,"key":"SMITH"},{"floor":49.0,"key":"REST"},{"data":"ats:Ignite","floor":52.0,"key":"SMITH"}],"circlet_count":0,"master_deck":["ats:Strike C","ats:Defend","ats:Emotion Absorption","ats:Very Hot Blade","ats:Shell Defense","ats:Ignite","ats:Burning Ground+1","ats:Calcification","ats:Hook Shot","ats:Hammer On","ats:Song Of Battle","ats:Sunburst","ats:Very Hot Blade","ats:Apocalypse+1","ats:Healing Drone+1","ats:Calcification","Sadistic Nature+1","ats:Guardian Obelisk","REME_FirmDetermination","ats:Ignite+1","ats:Soul Absorption+1","ats:Flame Of Heaven+1","ats:Automatic Cover+1","ats:Shadow Assault"],"relics":["ats:Sanity","AT_ATBox","REME_ComplimentaryCards","Golden Idol","ats:Originium","Smiling Mask","Happy Flower","ats:Omniscience","Red Mask","Vajra","AT_ForceNature","Omamori","Runic Pyramid","Bronze Scales","InkBottle","Pocketwatch","ats:Military Tradition"],"acts_visited":["Exordium","TheCity","TheBeyond","TheEnding"],"potions_floor_usage":[],"damage_taken":[{"damage":6.0,"enemies":"2 Louse","floor":1.0,"turns":4.0},{"damage":6.0,"enemies":"Jaw Worm","floor":2.0,"turns":6.0},{"damage":4.0,"enemies":"Cultist","floor":4.0,"turns":5.0},{"damage":32.0,"enemies":"3 Sentries","floor":7.0,"turns":11.0},{"damage":3.0,"enemies":"2 Fungi Beasts","floor":8.0,"turns":6.0},{"damage":5.0,"enemies":"Exordium Thugs","floor":10.0,"turns":5.0},{"damage":3.0,"enemies":"Looter","floor":13.0,"turns":2.0},{"damage":7.0,"enemies":"3 Louse","floor":14.0,"turns":2.0},{"damage":65.0,"enemies":"Slime Boss","floor":16.0,"turns":15.0},{"damage":6.0,"enemies":"Spheric Guardian","floor":18.0,"turns":5.0},{"damage":55.0,"enemies":"Masked Bandits","floor":19.0,"turns":8.0},{"damage":0.0,"enemies":"Chosen","floor":20.0,"turns":6.0},{"damage":10.0,"enemies":"Centurion and Healer","floor":28.0,"turns":5.0},{"damage":15.0,"enemies":"Gremlin Leader","floor":29.0,"turns":8.0},{"damage":63.0,"enemies":"Slavers","floor":31.0,"turns":9.0},{"damage":103.0,"enemies":"Collector","floor":33.0,"turns":13.0},{"damage":33.0,"enemies":"3 Darklings","floor":35.0,"turns":4.0},{"damage":17.0,"enemies":"Orb Walker","floor":36.0,"turns":4.0},{"damage":16.0,"enemies":"Nemesis","floor":41.0,"turns":7.0},{"damage":11.0,"enemies":"Maw","floor":42.0,"turns":7.0},{"damage":0.0,"enemies":"4 Shapes","floor":45.0,"turns":4.0},{"damage":0.0,"enemies":"Transient","floor":46.0,"turns":5.0},{"damage":45.0,"enemies":"2 Orb Walkers","floor":47.0,"turns":5.0},{"damage":74.0,"enemies":"Time Eater","floor":50.0,"turns":11.0},{"damage":36.0,"enemies":"Shield and Spear","floor":54.0,"turns":5.0},{"damage":120,"enemies":"The Heart","floor":55,"turns":6}],"seed_played":"-9042228823584829371","potions_obtained":[{"floor":2.0,"key":"SpeedPotion"},{"floor":7.0,"key":"ats:Top Emergency Sanity Potion"},{"floor":13.0,"key":"Regen Potion"},{"floor":16.0,"key":"SkillPotion"},{"floor":19.0,"key":"LiquidMemories"},{"floor":20.0,"key":"SpeedPotion"},{"floor":28.0,"key":"REME_GoldPotion"},{"floor":33.0,"key":"Weak Potion"},{"floor":42.0,"key":"SneckoOil"},{"floor":45.0,"key":"CultistPotion"}],"is_trial":false,"path_per_floor":["M","M","?","M","T","R","E","M","T","M","?","R","M","M","R","B",null,"M","?","M","?","?","R","?","$","T","R","M","E","$","E","R","B",null,"M","M","$","?","?","R","E","M","T","$","M","M","?","$","R","B",null,"R","$","E","B"],"character_chosen":"DOCTOR_CLASS","items_purchased":["FairyPotion","ats:Very Hot Blade","Sadistic Nature","REME_FirmDetermination","ats:Ignite"],"campfire_rested":5,"item_purchase_floors":[25,25,37,44,44],"current_hp_per_floor":[80,74,53,51,51,51,25,30,30,28,28,53,50,43,68,49,86,80,30,35,35,35,35,35,35,35,60,52,56,56,29,54,4,86,64,58,58,58,58,58,67,78,78,78,86,86,52,52,77,27,86,86,86,58,0,0],"gold":84,"neow_bonus":"TWENTY_PERCENT_HP_BONUS","is_daily":false,"chose_seed":false,"campfire_upgraded":3,"win_rate":0.0,"timestamp":1610467613,"path_taken":["M","M","?","M","?","R","E","?","T","M","?","R","M","?","R","BOSS","M","?","M","?","?","R","?","$","T","R","?","E","$","E","R","BOSS","M","M","$","?","?","R","E","M","T","$","?","M","?","?","R","BOSS","R","$","E","BOSS"],"items_purchased_type":["Potion","Card","Card","Card","Card"],"build_version":"2020-12-22","purchased_purges":5,"victory":false,"max_hp_per_floor":[86,86,86,86,86,86,86,86,86,86,86,86,86,86,86,86,86,86,86,86,86,86,86,86,86,86,86,86,86,86,86,86,86,86,86,86,86,86,86,86,86,86,86,86,86,86,86,86,86,86,86,86,86,86,86,86],"card_choices":[{"not_picked":["ats:Curse Doll","ats:Shell Defense"],"picked":"ats:Very Hot Blade","floor":1.0},{"not_picked":["ats:Assault Order","ats:Shadow Raid"],"picked":"ats:Shell Defense","floor":2.0},{"not_picked":["ats:Poison Spread","ats:Chain Hook"],"picked":"ats:Ignite","floor":4.0},{"not_picked":["ats:Assault Order","ats:Cat Scratch","ats:Poison Spread"],"picked":"SKIP","floor":7.0},{"not_picked":["ats:Closed Bolt Burst Fire","ats:Thermite Blade","ats:Demon Strength"],"picked":"SKIP","floor":8.0},{"not_picked":["ats:Poison Spread","ats:Hammer On"],"picked":"ats:Burning Ground","floor":10.0},{"not_picked":["ats:Revitalization","ats:Part Time Job"],"picked":"ats:Song Of Battle","floor":13.0},{"not_picked":["ats:Beaten Up","ats:Curse Doll","ats:Childhood Dance"],"picked":"SKIP","floor":14.0},{"not_picked":["ats:Powerful Strike","ats:Curse Doll","ats:Shell Defense"],"picked":"SKIP","floor":18.0},{"not_picked":["ats:Flame Of Heaven+1","ats:Revitalization+1"],"picked":"ats:Sunburst","floor":20.0},{"not_picked":["ats:Explosion Area Strengthen","ats:Red Shift+1"],"picked":"ats:Apocalypse+1","floor":28.0},{"not_picked":["ats:Poison Spread+1","ats:Overload"],"picked":"ats:Healing Drone+1","floor":29.0},{"not_picked":["ats:Poison Spread","ats:Hammer On","ats:Revitalization+1"],"picked":"SKIP","floor":31.0},{"not_picked":["ats:Roar Of Ursus","ats:Soul Rend"],"picked":"ats:Calcification","floor":33.0},{"not_picked":["ats:Cat Scratch","ats:Explosion Area Strengthen","ats:Apocalypse+1"],"picked":"SKIP","floor":35.0},{"not_picked":["ats:Hook Shot+1","ats:Powerful Strike","ats:Assault Order"],"picked":"SKIP","floor":36.0},{"not_picked":["ats:Hammer On+1","ats:Spore Proliferation+1"],"picked":"ats:Guardian Obelisk","floor":41.0},{"not_picked":["ats:Apocalypse","ats:Neurotoxin","ats:Beaten Up+1"],"picked":"SKIP","floor":42.0},{"not_picked":["ats:Assault Order","ats:Poison Spread+1"],"picked":"ats:Soul Absorption+1","floor":45.0},{"not_picked":["ats:Hammer On+1","ats:Cat Scratch+1"],"picked":"ats:Flame Of Heaven+1","floor":46.0},{"not_picked":["ats:Rat Pack","ats:Curse Doll+1"],"picked":"ats:Automatic Cover+1","floor":47.0},{"not_picked":["ats:Poison Spread","ats:Hammer On"],"picked":"ats:Shadow Assault","floor":54.0}],"player_experience":64458,"relics_obtained":[{"floor":7.0,"key":"ats:Originium"},{"floor":7.0,"key":"Smiling Mask"},{"floor":9.0,"key":"Happy Flower"},{"floor":19.0,"key":"Red Mask"},{"floor":26.0,"key":"Vajra"},{"floor":29.0,"key":"ats:Originium"},{"floor":29.0,"key":"AT_ForceNature"},{"floor":31.0,"key":"Omamori"},{"floor":31.0,"key":"ats:Originium"},{"floor":41.0,"key":"Bronze Scales"},{"floor":43.0,"key":"InkBottle"},{"floor":47.0,"key":"Pocketwatch"},{"floor":54.0,"key":"ats:Military Tradition"}],"event_choices":[{"damage_healed":0.0,"max_hp_gain":0.0,"max_hp_loss":0.0,"gold_gain":0.0,"event_name":"Golden Idol","player_choice":"Take Damage","floor":3.0,"gold_loss":0.0,"damage_taken":21.0,"relics_obtained":["Golden Idol"]},{"damage_healed":0.0,"max_hp_gain":0.0,"max_hp_loss":0.0,"gold_gain":0.0,"event_name":"Match and Keep!","player_choice":"3 cards matched","floor":11.0,"gold_loss":0.0,"damage_taken":0.0,"cards_obtained":["ats:Calcification","ats:Hook Shot","ats:Hammer On"]},{"damage_healed":0.0,"max_hp_gain":0.0,"max_hp_loss":0.0,"gold_gain":0.0,"event_name":"Masked Bandits","player_choice":"Fought Bandits","floor":19.0,"gold_loss":0.0,"damage_taken":0.0},{"damage_healed":0.0,"max_hp_gain":0.0,"max_hp_loss":0.0,"gold_gain":0.0,"event_name":"Vampires","player_choice":"Ignored","floor":21.0,"gold_loss":0.0,"damage_taken":0.0},{"cards_removed":["ats:Defend"],"damage_healed":0.0,"max_hp_gain":0.0,"max_hp_loss":0.0,"gold_gain":0.0,"event_name":"Back to Basics","player_choice":"Elegance","floor":22.0,"gold_loss":0.0,"damage_taken":0.0},{"damage_healed":0.0,"max_hp_gain":0.0,"max_hp_loss":0.0,"gold_gain":0.0,"event_name":"Ghosts","player_choice":"Ignored","floor":24.0,"gold_loss":0.0,"damage_taken":0.0},{"damage_healed":0.0,"max_hp_gain":0.0,"max_hp_loss":0.0,"gold_gain":0.0,"event_name":"SensoryStone","player_choice":"Memory 1","floor":38.0,"gold_loss":0.0,"damage_taken":0.0},{"cards_removed":["ats:Defend"],"damage_healed":0.0,"max_hp_gain":0.0,"max_hp_loss":0.0,"gold_gain":0.0,"event_name":"Purifier","player_choice":"Purged","floor":39.0,"gold_loss":0.0,"damage_taken":0.0},{"damage_healed":0.0,"max_hp_gain":0.0,"max_hp_loss":0.0,"gold_gain":0.0,"event_name":"Mysterious Sphere","player_choice":"Fight","floor":47.0,"gold_loss":0.0,"damage_taken":0.0}],"is_beta":false,"boss_relics":[{"not_picked":["Cursed Key","ats:Tactical Delivery"],"picked":"ats:Omniscience"},{"not_picked":["REME_DemonsWealth","Tiny House"],"picked":"Runic Pyramid"}],"items_purged_floors":[25,30,37,44,48],"is_endless":false,"potions_floor_spawned":[2,7,13,16,19,20,28,33,42,45,46,47],"killed_by":"The Heart","ascension_level":0}}