{"host":"w9yruvs4bqht6bhw","time":1610414822,"event":{"mods":["BaseMod","Colored Powertips","Minty Spire (QoL Compilation)"],"gold_per_floor":[114,114,131,143,158,186,186,211,211,211,225,225,225,237,237,334,334,349,4,24,24,43,43,0,32,58,58,11,23,23,23],"floor_reached":30,"playtime":1294,"items_purged":[],"score":434,"play_id":"7bf5e259-f523-4226-83a2-64dd1a064c2d","local_time":"20210111202702","is_ascension_mode":true,"campfire_choices":[{"floor":7,"key":"REST"},{"floor":12,"key":"REST"},{"data":"Uppercut","floor":15,"key":"SMITH"},{"floor":23,"key":"REST"}],"circlet_count":0,"master_deck":["Strike_R","Strike_R","Strike_R","Strike_R","Strike_R","Defend_R","Defend_R","Defend_R","Bash","Armaments+1","Uppercut+1","Rampage","Reaper","Inflame","Headbutt","Feed","Shrug It Off","Iron Wave","Feel No Pain+1","True Grit"],"relics":["Burning Blood","Bag of Preparation","Bag of Marbles","Mummified Hand","Snecko Eye","Question Card","Dead Branch","Smiling Mask","MutagenicStrength"],"acts_visited":["Exordium","TheCity"],"potions_floor_usage":[3,3,8,16,16,25,25],"damage_taken":[{"damage":14,"enemies":"Jaw Worm","floor":1,"turns":3},{"damage":0,"enemies":"Small Slimes","floor":3,"turns":2},{"damage":2,"enemies":"Cultist","floor":4,"turns":4},{"damage":4,"enemies":"Blue Slaver","floor":5,"turns":5},{"damage":45,"enemies":"3 Sentries","floor":6,"turns":10},{"damage":39,"enemies":"Lagavulin","floor":8,"turns":6},{"damage":3,"enemies":"Looter","floor":11,"turns":3},{"damage":18,"enemies":"Gremlin Gang","floor":14,"turns":4},{"damage":0,"enemies":"Slime Boss","floor":16,"turns":6},{"damage":19,"enemies":"2 Thieves","floor":18,"turns":4},{"damage":28,"enemies":"Shell Parasite","floor":20,"turns":6},{"damage":31,"enemies":"Shelled Parasite and Fungi","floor":22,"turns":6},{"damage":14,"enemies":"Book of Stabbing","floor":25,"turns":4},{"damage":21,"enemies":"Chosen and Byrds","floor":29,"turns":6},{"damage":45,"enemies":"Sentry and Sphere","floor":30,"turns":5}],"seed_played":"-412376170848087458","potions_obtained":[{"floor":0,"key":"SteroidPotion"},{"floor":0,"key":"SneckoOil"},{"floor":0,"key":"DuplicationPotion"},{"floor":6,"key":"Regen Potion"},{"floor":14,"key":"Fire Potion"},{"floor":20,"key":"Strength Potion"},{"floor":22,"key":"HeartOfIron"}],"is_trial":false,"path_per_floor":["M","?","M","M","M","E","R","E","T","?","M","R","?","M","R","B",null,"M","$","M","?","M","R","?","E","T","?","$","M","M"],"character_chosen":"IRONCLAD","items_purchased":["Question Card","Shrug It Off","SpeedPotion","True Grit"],"campfire_rested":3,"item_purchase_floors":[19,19,19,28],"current_hp_per_floor":[64,64,70,74,76,37,61,43,43,48,51,76,76,74,74,80,84,71,71,49,49,36,62,62,54,54,54,54,45,0,0],"gold":23,"neow_bonus":"THREE_SMALL_POTIONS","is_daily":false,"chose_seed":false,"campfire_upgraded":1,"win_rate":0.0,"timestamp":1610414822,"path_taken":["M","?","M","M","M","E","R","E","T","?","M","R","?","M","R","BOSS","M","$","M","?","?","R","?","E","T","?","?","?","M"],"items_purchased_type":["Relic","Card","Potion","Card"],"build_version":"2020-12-22","purchased_purges":0,"victory":false,"max_hp_per_floor":[80,80,80,80,80,80,80,80,80,85,85,85,85,85,85,85,85,85,85,85,85,88,88,88,88,88,88,88,88,88,88],"card_choices":[{"not_picked":["Cleave","Sword Boomerang"],"picked":"Armaments","floor":1},{"not_picked":["Havoc","Dropkick"],"picked":"Uppercut","floor":3},{"not_picked":["Twin Strike","Cleave"],"picked":"Rampage","floor":4},{"not_picked":["Clothesline","Wild Strike","Infernal Blade"],"picked":"SKIP","floor":5},{"not_picked":["Armaments","Disarm"],"picked":"Reaper","floor":6},{"not_picked":["Sword Boomerang","Rupture","Heavy Blade"],"picked":"SKIP","floor":8},{"not_picked":["Burning Pact","Pommel Strike"],"picked":"Inflame","floor":11},{"not_picked":["Power Through","Flex"],"picked":"Headbutt","floor":14},{"not_picked":["Double Tap","Impervious"],"picked":"Feed","floor":16},{"not_picked":["Sentinel","Dropkick","Perfected Strike"],"picked":"SKIP","floor":18},{"not_picked":["Pummel","Havoc","Body Slam+1"],"picked":"Iron Wave","floor":20},{"not_picked":["Pommel Strike","Evolve","Clash","Burning Pact"],"picked":"SKIP","floor":22},{"not_picked":["Twin Strike","Flex+1","Warcry"],"picked":"Feel No Pain+1","floor":25},{"not_picked":["Warcry","Searing Blow","Iron Wave","Twin Strike"],"picked":"SKIP","floor":29}],"player_experience":372013,"relics_obtained":[{"floor":6,"key":"Bag of Preparation"},{"floor":8,"key":"Bag of Marbles"},{"floor":9,"key":"Mummified Hand"},{"floor":25,"key":"Dead Branch"},{"floor":26,"key":"Smiling Mask"}],"event_choices":[{"damage_healed":0,"gold_gain":0,"player_choice":"Grow","damage_taken":0,"max_hp_gain":0,"max_hp_loss":0,"event_name":"Living Wall","floor":2,"gold_loss":0,"cards_upgraded":["Armaments"]},{"damage_healed":0,"gold_gain":0,"player_choice":"Donut","damage_taken":0,"max_hp_gain":5,"max_hp_loss":0,"event_name":"Big Fish","floor":10,"gold_loss":0},{"damage_healed":0,"gold_gain":0,"player_choice":"Ignored","damage_taken":0,"max_hp_gain":0,"max_hp_loss":0,"event_name":"Shining Light","floor":13,"gold_loss":0},{"cards_removed":["Defend_R"],"damage_healed":0,"gold_gain":0,"player_choice":"Offered Basic","damage_taken":0,"max_hp_gain":0,"max_hp_loss":0,"event_name":"Bonfire Elementals","floor":21,"gold_loss":0},{"damage_healed":0,"gold_gain":0,"player_choice":"Paid Fearfully","damage_taken":0,"max_hp_gain":0,"max_hp_loss":0,"event_name":"Masked Bandits","floor":24,"gold_loss":43},{"damage_healed":0,"gold_gain":0,"player_choice":"Inject Mutagens","damage_taken":0,"relics_obtained":["MutagenicStrength"],"max_hp_gain":0,"max_hp_loss":0,"event_name":"Drug Dealer","floor":27,"gold_loss":0}],"is_beta":false,"boss_relics":[{"not_picked":["Tiny House","Sozu"],"picked":"Snecko Eye"}],"items_purged_floors":[],"is_endless":false,"potions_floor_spawned":[1,6,14,20,22],"killed_by":"Sentry and Sphere","ascension_level":8}}