{"host":"kqe6w2igxc79vo14","time":1610455629,"event":{"mods":["AchievementEnabler","BaseMod","Downfall","Minty Spire (QoL Compilation)","Quick Restart","StSLib"],"gold_per_floor":[119,136,211,211,136,136,168,168,192,227,241,251,251,266,266,362,362,377,377,277,287,307,307,321,321,321],"floor_reached":25,"playtime":1063,"items_purged":["Regret","Decay"],"score":320,"play_id":"0140417c-9a95-4026-9c5d-78abfc462715","local_time":"20210112144709","is_ascension_mode":true,"campfire_choices":[{"data":"expansioncontent:QuickStudy","floor":6,"key":"SMITH"},{"floor":8,"key":"REST"},{"floor":13,"key":"REST"},{"data":"BattleHymn","floor":15,"key":"SMITH"},{"data":"Eruption","floor":23,"key":"SMITH"}],"circlet_count":0,"master_deck":["AscendersBane","Strike_P","Defend_P","Defend_P","Defend_P","Defend_P","Eruption+1","Vigilance","expansioncontent:QuickStudy+1","ForeignInfluence+1","BattleHymn+1","Vault+1","FollowUp+1","FlyingSleeves+1","SignatureMove+1"],"relics":["PureWater","Lizard Tail","Toxic Egg 2","Art of War","Lantern","Astrolabe","GremlinMask"],"acts_visited":["Exordium","TheCity"],"potions_floor_usage":[25],"damage_taken":[{"damage":2,"enemies":"Small Slimes","floor":1,"turns":3},{"damage":12,"enemies":"2 Louse","floor":2,"turns":3},{"damage":18,"enemies":"3 Sentries","floor":7,"turns":16},{"damage":17,"enemies":"Lagavulin","floor":10,"turns":6},{"damage":0,"enemies":"Cultist","floor":11,"turns":2},{"damage":14,"enemies":"Exordium Wildlife","floor":12,"turns":3},{"damage":6,"enemies":"Looter","floor":14,"turns":1},{"damage":2,"enemies":"Slime Boss","floor":16,"turns":5},{"damage":2,"enemies":"Shell Parasite","floor":18,"turns":4},{"damage":5,"enemies":"Spheric Guardian","floor":21,"turns":3},{"damage":0,"enemies":"Cultist and Chosen","floor":22,"turns":3},{"damage":81,"enemies":"Snecko","floor":24,"turns":5},{"damage":38,"enemies":"Slavers","floor":25,"turns":4}],"seed_played":"6874680440909731852","potions_obtained":[{"floor":7,"key":"sneckomod:MuddlingPotion"},{"floor":10,"key":"Fire Potion"},{"floor":16,"key":"Strength Potion"},{"floor":21,"key":"champ:CounterPotion"}],"is_trial":false,"path_per_floor":["M","M","?","?","$","R","E","R","T","E","M","M","R","M","R","B",null,"M","?","$","M","M","R","M","E"],"character_chosen":"WATCHER","items_purchased":[],"campfire_rested":2,"item_purchase_floors":[],"current_hp_per_floor":[63,51,40,40,40,40,22,43,43,26,26,12,33,27,27,25,60,58,58,58,53,53,53,36,0,0],"gold":321,"neow_bonus":"RANDOM_COLORLESS_2","is_daily":false,"chose_seed":false,"campfire_upgraded":3,"win_rate":0.0,"timestamp":1610455629,"path_taken":["M","M","?","?","$","R","E","R","T","E","M","M","R","M","R","BOSS","M","?","$","M","M","R","?","E"],"items_purchased_type":[],"build_version":"2020-12-22","purchased_purges":2,"victory":false,"max_hp_per_floor":[72,72,72,72,72,72,72,72,72,72,72,72,72,72,72,72,72,72,72,72,72,72,72,72,72,72],"card_choices":[{"not_picked":["Violence","Transmutation"],"picked":"expansioncontent:QuickStudy","floor":0},{"not_picked":["Adaptation","Halt","ReachHeaven"],"picked":"SKIP","floor":1},{"not_picked":["Collect","MentalFortress","WheelKick"],"picked":"SKIP","floor":2},{"not_picked":["Prostrate+1","CrushJoints","Pray+1"],"picked":"SKIP","floor":7},{"not_picked":["EmptyBody+1","BowlingBash","Nirvana"],"picked":"SKIP","floor":10},{"not_picked":["JustLucky","CutThroughFate"],"picked":"ForeignInfluence+1","floor":11},{"not_picked":["ClearTheMind+1","BowlingBash"],"picked":"BattleHymn","floor":12},{"not_picked":["Study","CrushJoints","Consecrate"],"picked":"SKIP","floor":14},{"not_picked":["Ragnarok","Wish+1"],"picked":"Vault+1","floor":16},{"not_picked":["WaveOfTheHand+1","SandsOfTime","Halt+1"],"picked":"SKIP","floor":18},{"not_picked":["FollowUp","WindmillStrike","MentalFortress"],"picked":"SKIP","floor":21},{"not_picked":["ForeignInfluence+1","EmptyMind+1","SignatureMove"],"picked":"SKIP","floor":22},{"not_picked":["CutThroughFate","Crescendo+1","ReachHeaven"],"picked":"SKIP","floor":24}],"player_experience":882530,"relics_obtained":[{"floor":7,"key":"Toxic Egg 2"},{"floor":9,"key":"Art of War"},{"floor":10,"key":"Lantern"}],"event_choices":[{"damage_healed":0,"gold_gain":75,"player_choice":"Gather Gold","damage_taken":11,"max_hp_gain":0,"max_hp_loss":0,"event_name":"World of Goop","floor":3,"gold_loss":0},{"damage_healed":0,"gold_gain":0,"player_choice":"Box","damage_taken":0,"relics_obtained":["Lizard Tail"],"max_hp_gain":0,"max_hp_loss":0,"event_name":"Big Fish","floor":4,"gold_loss":0,"cards_obtained":["Regret"]},{"damage_healed":0,"gold_gain":0,"player_choice":"Trade","damage_taken":0,"relics_obtained":["GremlinMask"],"max_hp_gain":0,"max_hp_loss":0,"event_name":"FaceTrader","floor":19,"gold_loss":0}],"is_beta":false,"boss_relics":[{"not_picked":["Tiny House","Fusion Hammer"],"picked":"Astrolabe"}],"items_purged_floors":[5,20],"is_endless":false,"potions_floor_spawned":[7,10,16,21,22],"killed_by":"Slavers","ascension_level":10}}