{"host":"ayh4nqhr0ddw4ozv","time":1610427770,"event":{"mods":["BaseMod","Minty Spire (QoL Compilation)","Relic Stats","Replay The Spire","Robot Space Explorer","StSLib"],"gold_per_floor":[110,128,141,161,161,186,186,186,237,237,247,247,281,295,295,394,394,410,410,153,53,72,100,15,15,15,31,51,51,51,83,83,179,179,196,196,210,7,18,18,53,53,76,86,86,86,86,98,98,98,98,98,98,123,123,123],"floor_reached":55,"playtime":3653,"items_purged":["Strike_B","Zap"],"score":1219,"play_id":"ed6b1e0f-8ed7-4137-8060-254b2a6ae0a0","local_time":"20210111210250","is_ascension_mode":true,"campfire_choices":[{"floor":7,"key":"REST"},{"floor":10,"key":"REST"},{"floor":12,"key":"REST"},{"floor":25,"key":"REST"},{"floor":29,"key":"REST"},{"floor":32,"key":"DIG"},{"floor":40,"key":"RECALL"},{"floor":42,"key":"REST"},{"floor":46,"key":"REST"},{"floor":49,"key":"REST"},{"floor":52,"key":"REST"}],"circlet_count":0,"master_deck":["AscendersBane","Defend_B+1","Defend_B+1","Defend_B+1","Defend_B+1","Dualcast+1","Sweeping Beam+1","Doom and Gloom+1","Time Bomb+1","Redo+1","Echo Form+1","Consume+1","Electrodynamics+1","Cold Snap+1","Blizzard+1","Fission+1","Hologram+1","Loop+1","BasicCrystalCard+1","Buffer+1","Undo+1","Auto Shields+1","Meteor Strike+1","Seek+1","Conserve Battery+1","BootSequence+1","BasicCrystalCard+1","Hologram+1","Recycle+1","Tempest+1","Crystallizer+1","Biased Cognition+1","Capacitor+1","Defragment+1","Go for the Eyes+1","FIFO Queue+1"],"relics":["Fusion Hammer","Onion Ring","Orichalcum","Bronze Scales","Astrolabe","Medical Kit","Prayer Wheel","War Paint","Durian","BranchBurnRelic","Ornamental Fan","Runic Pyramid","Bag of Preparation","Cables","Mark of the Bloom","Juzu Bracelet","Replay:Ringing Soul"],"acts_visited":["Exordium","TheCity","TheBeyond","TheEnding"],"potions_floor_usage":[6,27,55,55],"damage_taken":[{"damage":0,"enemies":"Cultist","floor":1,"turns":3},{"damage":4,"enemies":"Jaw Worm","floor":2,"turns":4},{"damage":0,"enemies":"2 Louse","floor":3,"turns":2},{"damage":27,"enemies":"Exordium Thugs","floor":4,"turns":5},{"damage":26,"enemies":"3 Sentries","floor":6,"turns":5},{"damage":7,"enemies":"Looter","floor":11,"turns":3},{"damage":15,"enemies":"Lagavulin","floor":13,"turns":5},{"damage":7,"enemies":"Exordium Wildlife","floor":14,"turns":3},{"damage":36,"enemies":"Hexaghost","floor":16,"turns":8},{"damage":11,"enemies":"Spheric Guardian","floor":18,"turns":4},{"damage":8,"enemies":"Shell Parasite","floor":22,"turns":4},{"damage":37,"enemies":"Replay:Snechameleon","floor":23,"turns":6},{"damage":17,"enemies":"Centurion and Healer","floor":27,"turns":2},{"damage":13,"enemies":"Shelled Parasite and Fungi","floor":28,"turns":6},{"damage":24,"enemies":"Gremlin Leader","floor":31,"turns":7},{"damage":0,"enemies":"Automaton","floor":33,"turns":12},{"damage":0,"enemies":"3 Darklings","floor":35,"turns":4},{"damage":0,"enemies":"Orb Walker","floor":37,"turns":6},{"damage":0,"enemies":"Maw","floor":39,"turns":7},{"damage":63,"enemies":"Reptomancer","floor":41,"turns":5},{"damage":11,"enemies":"Writhing Mass","floor":44,"turns":5},{"damage":0,"enemies":"4 Shapes","floor":48,"turns":2},{"damage":1,"enemies":"Donu and Deca","floor":50,"turns":6},{"damage":24,"enemies":"Shield and Spear","floor":54,"turns":6},{"damage":52,"enemies":"The Heart","floor":55,"turns":6}],"seed_played":"6052232137795504761","potions_obtained":[{"floor":4,"key":"ColorlessPotion"},{"floor":6,"key":"EssenceOfDarkness"},{"floor":14,"key":"DuplicationPotion"},{"floor":16,"key":"FocusPotion"},{"floor":28,"key":"PotionOfCapacity"}],"is_trial":false,"path_per_floor":["M","M","M","M","?","E","R","?","T","R","M","R","E","M","R","B",null,"M","?","$","$","M","E","?","R","T","M","M","R","?","E","R","B",null,"M","?","M","$","M","R","E","R","T","M","?","R","T","M","R","B",null,"R","$","E","B"],"character_chosen":"DEFECT","items_purchased":["Medical Kit","Loop","Bag of Preparation","Tempest+1"],"campfire_rested":9,"item_purchase_floors":[20,20,38,38],"current_hp_per_floor":[68,64,64,37,37,11,33,26,26,48,41,63,48,41,63,27,63,52,52,52,52,44,7,7,29,34,17,4,28,28,4,4,19,65,65,65,65,65,65,65,16,40,40,43,43,43,43,43,43,42,42,42,42,18,0,0],"gold":123,"neow_bonus":"BOSS_RELIC","is_daily":false,"chose_seed":false,"campfire_upgraded":0,"win_rate":0.0,"timestamp":1610427770,"path_taken":["M","M","M","?","?","E","R","?","T","R","M","R","E","?","R","BOSS","M","?","?","$","M","E","?","R","T","M","M","R","?","E","R","BOSS","M","?","M","?","M","R","E","R","T","M","?","R","?","M","R","BOSS","R","$","E","BOSS"],"items_purchased_type":["Relic","Card","Relic","Card"],"build_version":"2020-12-22","purchased_purges":2,"victory":false,"max_hp_per_floor":[75,75,75,75,75,75,75,75,75,75,75,75,75,75,75,75,75,75,75,75,75,75,75,75,75,80,80,80,80,80,80,80,80,80,80,80,80,80,80,80,80,80,80,80,80,80,80,80,80,80,80,80,80,83,83,83],"relic_stats":{"Mark of the Bloom":139,"counters":[25,125],"Astrolabe":["Cold Snap","Blizzard","Fission"],"Bag of Preparation":[14],"Juzu Bracelet":0,"Orichalcum":[150],"War Paint":["Dualcast","Defend_B"],"Medical Kit":[4],"Cables":[12,6,2,2,2],"Ornamental Fan":[32],"Bronze Scales":[423],"Prayer Wheel":7,"obtain_stats":[{"Mark of the Bloom":45,"Astrolabe":17,"Dead Branch":31,"Bag of Preparation":38,"Juzu Bracelet":47,"Orichalcum":9,"War Paint":24,"Medical Kit":20,"Cables":41,"BranchBurnRelic":32,"Replay:Ringing Soul":54,"Ornamental Fan":32,"Bronze Scales":13,"Onion Ring":6,"Prayer Wheel":23,"Fusion Hammer":0,"Durian":26,"Cracked Core":0,"Runic Pyramid":34},{"Mark of the Bloom":21,"Astrolabe":9,"Dead Branch":15,"Bag of Preparation":18,"Juzu Bracelet":21,"Orichalcum":5,"War Paint":12,"Medical Kit":10,"Cables":20,"BranchBurnRelic":15,"Replay:Ringing Soul":24,"Ornamental Fan":15,"Bronze Scales":7,"Onion Ring":5,"Prayer Wheel":12,"Fusion Hammer":0,"Durian":12,"Cracked Core":0,"Runic Pyramid":16},{"Mark of the Bloom":105,"Astrolabe":38,"Dead Branch":67,"Bag of Preparation":89,"Juzu Bracelet":105,"Orichalcum":19,"War Paint":52,"Medical Kit":42,"Cables":100,"BranchBurnRelic":67,"Replay:Ringing Soul":119,"Ornamental Fan":67,"Bronze Scales":27,"Onion Ring":19,"Prayer Wheel":52,"Fusion Hammer":0,"Durian":52,"Cracked Core":0,"Runic Pyramid":79}]},"card_choices":[{"not_picked":["Leap","Storm"],"picked":"Sweeping Beam","floor":1},{"not_picked":["Panic Button","Sweeping Beam"],"picked":"Doom and Gloom","floor":2},{"not_picked":["Conserve Battery","Coolheaded"],"picked":"Time Bomb","floor":3},{"not_picked":["Chill","Leap"],"picked":"Redo","floor":4},{"not_picked":["ReplaySolidLightProjector","Rebound"],"picked":"Echo Form","floor":6},{"not_picked":["Coolheaded","Ball Lightning","Sweeping Beam"],"picked":"SKIP","floor":11},{"not_picked":["ReplaySort","Amplify","Streamline"],"picked":"SKIP","floor":13},{"not_picked":["BasicCrystalCard","BootSequence"],"picked":"Consume","floor":14},{"not_picked":["All For One","Core Surge"],"picked":"Electrodynamics","floor":16},{"not_picked":["Skim+1","Steam"],"picked":"Hologram+1","floor":18},{"not_picked":["Conserve Battery","Turbo"],"picked":"BasicCrystalCard+1","floor":22},{"not_picked":["Compile Driver","Panic Button"],"picked":"Buffer","floor":23},{"not_picked":["Compile Driver","Leap"],"picked":"Undo","floor":27},{"not_picked":["Compile Driver","Redo","Loop"],"picked":"SKIP","floor":27},{"not_picked":["Hello World","Conserve Battery"],"picked":"Auto Shields","floor":28},{"not_picked":["Conserve Battery","Sweeping Beam+1"],"picked":"Meteor Strike","floor":28},{"not_picked":["Auto Shields","Barrage","Rip and Tear+1"],"picked":"SKIP","floor":31},{"not_picked":["Fission","ReplayTheSpireMod:Omega Cannon"],"picked":"Seek","floor":33},{"not_picked":["Panic Button+1","Coolheaded"],"picked":"Conserve Battery+1","floor":35},{"not_picked":["Leap","Stack+1"],"picked":"BootSequence","floor":35},{"not_picked":["Stack+1","Panic Button+1"],"picked":"Hologram+1","floor":37},{"not_picked":["Turbo","Rebound"],"picked":"Recycle","floor":37},{"not_picked":["Conserve Battery","Cold Snap+1"],"picked":"Crystallizer","floor":39},{"not_picked":["Stack","Melter+1"],"picked":"Biased Cognition","floor":39},{"not_picked":["Coolheaded","Beam Cell"],"picked":"Capacitor+1","floor":41},{"not_picked":["Darkness","Rebound"],"picked":"Defragment+1","floor":44},{"not_picked":["Undo+1","Stack"],"picked":"Go for the Eyes","floor":44},{"not_picked":["Stack+1","Turbo","Loop"],"picked":"SKIP","floor":48},{"not_picked":["Cold Snap","Barrage+1","Storm"],"picked":"SKIP","floor":48},{"not_picked":["Steam","Heatsinks+1"],"picked":"FIFO Queue+1","floor":54}],"player_experience":330116,"relics_obtained":[{"floor":6,"key":"Onion Ring"},{"floor":9,"key":"Orichalcum"},{"floor":13,"key":"Bronze Scales"},{"floor":23,"key":"Prayer Wheel"},{"floor":26,"key":"Durian"},{"floor":31,"key":"Dead Branch"},{"floor":32,"key":"Ornamental Fan"},{"floor":41,"key":"Cables"},{"floor":47,"key":"Juzu Bracelet"},{"floor":54,"key":"Replay:Ringing Soul"}],"event_choices":[{"damage_healed":0,"gold_gain":0,"player_choice":"Grow","damage_taken":0,"max_hp_gain":0,"max_hp_loss":0,"event_name":"Living Wall","floor":5,"gold_loss":0,"cards_upgraded":["Doom and Gloom"]},{"damage_healed":0,"gold_gain":0,"player_choice":"Damaged","damage_taken":7,"max_hp_gain":0,"max_hp_loss":0,"event_name":"Wheel of Change","floor":8,"gold_loss":0},{"damage_healed":0,"gold_gain":0,"player_choice":"Upgraded","damage_taken":0,"max_hp_gain":0,"max_hp_loss":0,"event_name":"Upgrade Shrine","floor":19,"gold_loss":0,"cards_upgraded":["Redo"]},{"damage_healed":0,"gold_gain":0,"player_choice":"Obtained Relic","damage_taken":0,"relics_obtained":["War Paint"],"max_hp_gain":0,"max_hp_loss":0,"event_name":"Addict","floor":24,"gold_loss":85},{"damage_healed":0,"gold_gain":0,"player_choice":"Ignored","damage_taken":0,"max_hp_gain":0,"max_hp_loss":0,"event_name":"The Mausoleum","floor":30,"gold_loss":0},{"damage_healed":0,"gold_gain":0,"player_choice":"1 cards matched","damage_taken":0,"max_hp_gain":0,"max_hp_loss":0,"event_name":"Match and Keep!","floor":36,"gold_loss":0,"cards_obtained":["BasicCrystalCard"]},{"damage_healed":0,"gold_gain":0,"player_choice":"Upgrade","damage_taken":0,"relics_obtained":["Mark of the Bloom"],"max_hp_gain":0,"max_hp_loss":0,"event_name":"MindBloom","floor":45,"gold_loss":0,"cards_upgraded":["Defend_B","Defend_B","Defend_B","Sweeping Beam","Time Bomb","Echo Form","Electrodynamics","Loop","Buffer","Undo","Auto Shields","Meteor Strike","Seek","BootSequence","BasicCrystalCard","Recycle","Crystallizer","Biased Cognition","Go for the Eyes"]}],"is_beta":false,"boss_relics":[{"not_picked":["Ring of Chaos","Runic Dome"],"picked":"Astrolabe"},{"not_picked":["Pandora\u0027s Box","Tiny House"],"picked":"Runic Pyramid"}],"items_purged_floors":[20,21],"is_endless":false,"potions_floor_spawned":[4,6,14,16,23,28,33,41,44],"killed_by":"The Heart","ascension_level":11}}