{"host":"dlyy4wv9zatha4f7","time":1610470173,"event":{"mods":["BaseMod","Better Third Choice","Colored Map","GifTheSpireLib","Minty Spire (QoL Compilation)","Small Relic Pack","Spicy Shops","StSLib","SuperFastMode","Unceasing Turn Reminder"],"gold_per_floor":[112,36,55,55,130,163,163,177,200,232,248,259,294,41,41,136,136,196,212,212,228,228,228,242,317,317,330,330,330],"floor_reached":28,"playtime":1454,"items_purged":[],"score":384,"play_id":"a4e06e5f-c94c-44f4-91c9-99a40be20015","local_time":"20210112184933","is_ascension_mode":true,"campfire_choices":[{"data":"Deadly Poison","floor":7,"key":"SMITH"},{"data":"Noxious Fumes","floor":15,"key":"SMITH"},{"data":"Neutralize","floor":23,"key":"SMITH"}],"circlet_count":0,"master_deck":["Strike_G","Strike_G","Strike_G","Strike_G","Strike_G","Defend_G","Defend_G","Defend_G+1","Defend_G","Defend_G","Survivor","Neutralize+1","Deadly Poison+1","Dash+1","Deflect+1","Flying Knee","Noxious Fumes+1","Deadly Poison","Dagger Spray","Adrenaline+1","Bane","Cloak And Dagger+1","Strike_B"],"relics":["Ring of the Snake","NeowsBlessing","Anchor","War Paint","Sundial","Kunai","Toxic Egg 2","relicPack:KazumaCape","Unceasing Top"],"acts_visited":["Exordium","TheCity"],"potions_floor_usage":[10,12,13,13,16,16,16,16,19,21,24,27,28],"damage_taken":[{"damage":0,"enemies":"Jaw Worm","floor":1,"turns":1},{"damage":0,"enemies":"2 Louse","floor":3,"turns":1},{"damage":0,"enemies":"Lagavulin","floor":6,"turns":1},{"damage":0,"enemies":"Cultist","floor":8,"turns":3},{"damage":9,"enemies":"3 Sentries","floor":10,"turns":10},{"damage":0,"enemies":"Large Slime","floor":11,"turns":6},{"damage":6,"enemies":"Lots of Slimes","floor":12,"turns":4},{"damage":15,"enemies":"Lagavulin","floor":13,"turns":5},{"damage":10,"enemies":"Slime Boss","floor":16,"turns":7},{"damage":0,"enemies":"3 Byrds","floor":18,"turns":5},{"damage":15,"enemies":"Chosen","floor":19,"turns":5},{"damage":0,"enemies":"Shelled Parasite and Fungi","floor":21,"turns":6},{"damage":3,"enemies":"Chosen and Byrds","floor":24,"turns":4},{"damage":21,"enemies":"Sentry and Sphere","floor":27,"turns":6},{"damage":14,"enemies":"Snecko","floor":28,"turns":3}],"seed_played":"5407727176566358241","potions_obtained":[{"floor":8,"key":"Swift Potion"},{"floor":10,"key":"DuplicationPotion"},{"floor":11,"key":"DistilledChaos"},{"floor":13,"key":"ColorlessPotion"},{"floor":19,"key":"SmokeBomb"},{"floor":24,"key":"Swift Potion"},{"floor":27,"key":"Strength Potion"}],"is_trial":false,"path_per_floor":["M","$","M","?","?","E","R","M","T","E","M","M","E","$","R","B",null,"M","M","?","M","?","R","M","?","T","M","M"],"character_chosen":"THE_SILENT","items_purchased":["Dash","Toxic Egg 2"],"campfire_rested":0,"item_purchase_floors":[2,14],"current_hp_per_floor":[63,63,63,63,52,52,52,52,52,43,43,37,22,22,22,12,56,56,56,43,43,43,43,40,33,33,12,0,0],"gold":330,"neow_bonus":"THREE_ENEMY_KILL","is_daily":false,"chose_seed":false,"campfire_upgraded":3,"win_rate":0.0,"timestamp":1610470173,"path_taken":["M","$","M","?","?","E","R","M","T","E","M","M","E","?","R","BOSS","M","?","?","M","?","R","?","?","T","?","M"],"items_purchased_type":["Card","Relic"],"build_version":"2020-12-22","purchased_purges":0,"victory":false,"max_hp_per_floor":[70,70,70,70,70,70,70,70,70,70,70,70,70,70,70,70,70,70,70,75,75,75,75,75,75,75,75,75,75],"card_choices":[{"not_picked":["Cloak And Dagger","Bane"],"picked":"Deadly Poison","floor":1},{"not_picked":["Quick Slash","Prepared"],"picked":"Deflect","floor":3},{"not_picked":["Backflip","Underhanded Strike"],"picked":"Flying Knee","floor":6},{"not_picked":["Eviscerate","All Out Attack"],"picked":"Venomology","floor":8},{"not_picked":["Outmaneuver","Masterful Stab"],"picked":"Noxious Fumes","floor":10},{"not_picked":["Heel Hook","Underhanded Strike"],"picked":"Deadly Poison","floor":11},{"not_picked":["Prepared","Dagger Spray","Poisoned Stab"],"picked":"SKIP","floor":12},{"not_picked":["Prepared","Poisoned Stab"],"picked":"Dagger Spray","floor":12},{"not_picked":["Cloak And Dagger","Night Terror","Riddle With Holes"],"picked":"SKIP","floor":13},{"not_picked":["Envenom","Burst+1"],"picked":"Adrenaline+1","floor":16},{"not_picked":["Calculated Gamble+1","Sucker Punch+1"],"picked":"Bane","floor":18},{"not_picked":["Quick Slash+1","Bane"],"picked":"Cloak And Dagger+1","floor":19},{"not_picked":["Sucker Punch","Flying Knee","Prepared+1"],"picked":"SKIP","floor":21},{"not_picked":["Sucker Punch","Flying Knee","Prepared+1"],"picked":"SKIP","floor":21},{"not_picked":["Bane","Slice+1","Eviscerate"],"picked":"SKIP","floor":24},{"not_picked":["Outmaneuver+1","Accuracy","Acrobatics+1"],"picked":"SKIP","floor":27}],"player_experience":2241716,"relics_obtained":[{"floor":6,"key":"Anchor"},{"floor":9,"key":"War Paint"},{"floor":10,"key":"Sundial"},{"floor":13,"key":"Kunai"},{"floor":26,"key":"Unceasing Top"}],"event_choices":[{"damage_healed":0,"gold_gain":0,"player_choice":"Grow","damage_taken":0,"max_hp_gain":0,"max_hp_loss":0,"event_name":"Living Wall","floor":4,"gold_loss":0,"cards_upgraded":["Dash"]},{"damage_healed":0,"gold_gain":75,"player_choice":"Gold","damage_taken":11,"max_hp_gain":0,"max_hp_loss":0,"event_name":"betterThird:BetterGoop","floor":5,"gold_loss":0},{"damage_healed":0,"gold_gain":0,"player_choice":"Shed Blood","damage_taken":18,"max_hp_gain":5,"max_hp_loss":0,"event_name":"Forgotten Altar","floor":20,"gold_loss":0},{"cards_removed":["Venomology"],"damage_healed":0,"gold_gain":0,"player_choice":"Took Card","damage_taken":0,"max_hp_gain":0,"max_hp_loss":0,"event_name":"NoteForYourself","floor":22,"gold_loss":0,"cards_obtained":["Strike_B"]},{"damage_healed":0,"gold_gain":75,"player_choice":"Touch","damage_taken":7,"max_hp_gain":0,"max_hp_loss":0,"event_name":"FaceTrader","floor":25,"gold_loss":0}],"is_beta":false,"boss_relics":[{"not_picked":["WristBlade","relicPack:StarArrow"],"picked":"relicPack:KazumaCape"}],"items_purged_floors":[],"is_endless":false,"potions_floor_spawned":[8,10,11,13,19,24,27],"killed_by":"Snecko","ascension_level":9}}