{"host":"ilhhjx796p2x2wmd","time":1610431585,"event":{"mods":["AchievementEnabler","BaseMod","BetterRewards","Colored Map","Colored Powertips","DeckTracker","Highlight Path","Minty Spire (QoL Compilation)","Permanent Neow","Rare Cards Sparkle","Shop Mod"],"gold_per_floor":[109,34,47,60,60,93,93,112,163,194,194,208,227,262,262,358,358,376,291,301,43,43,43,43,43],"floor_reached":24,"playtime":868,"items_purged":["Defend_R"],"score":306,"play_id":"4bbb5c77-1e9b-485c-80dc-1b2e35d3ce6a","local_time":"20210112150625","is_ascension_mode":true,"campfire_choices":[{"data":"Bash","floor":7,"key":"SMITH"},{"data":"Immolate","floor":11,"key":"SMITH"},{"floor":15,"key":"REST"},{"data":"True Grit","floor":23,"key":"SMITH"}],"circlet_count":0,"master_deck":["Strike_R","Strike_R","Strike_R","Strike_R","Strike_R","Defend_R","Defend_R","Bash+1","Immolate+1","Evolve","Cleave","Pummel","Pommel Strike","True Grit+1","Twin Strike","Perfected Strike","Heavy Blade","Limit Break+1","Armaments+1","Perfected Strike"],"relics":["Burning Blood","Letter Opener","Pen Nib","Regal Pillow","Vajra","Cursed Key","Art of War","Matryoshka"],"acts_visited":["Exordium","TheCity"],"potions_floor_usage":[10,16,16],"damage_taken":[{"damage":1,"enemies":"Cultist","floor":1,"turns":3},{"damage":0,"enemies":"2 Louse","floor":3,"turns":1},{"damage":0,"enemies":"Small Slimes","floor":4,"turns":2},{"damage":20,"enemies":"3 Sentries","floor":6,"turns":3},{"damage":0,"enemies":"2 Fungi Beasts","floor":8,"turns":2},{"damage":34,"enemies":"Lagavulin","floor":10,"turns":5},{"damage":9,"enemies":"Lots of Slimes","floor":12,"turns":2},{"damage":16,"enemies":"3 Louse","floor":13,"turns":2},{"damage":3,"enemies":"3 Sentries","floor":14,"turns":3},{"damage":0,"enemies":"Slime Boss","floor":16,"turns":4},{"damage":21,"enemies":"2 Thieves","floor":18,"turns":3},{"damage":12,"enemies":"Chosen","floor":20,"turns":3},{"damage":59,"enemies":"Book of Stabbing","floor":24,"turns":3}],"seed_played":"-725000463482924919","potions_obtained":[{"floor":1,"key":"Swift Potion"},{"floor":4,"key":"GamblersBrew"},{"floor":8,"key":"PowerPotion"},{"floor":12,"key":"PowerPotion"},{"floor":13,"key":"DuplicationPotion"},{"floor":18,"key":"EssenceOfSteel"}],"is_trial":false,"path_per_floor":["M","$","M","M","?","E","R","M","T","E","R","M","M","E","R","B",null,"M","?","M","$","?","R","E"],"character_chosen":"IRONCLAD","items_purchased":["Matryoshka"],"campfire_rested":1,"item_purchase_floors":[21],"current_hp_per_floor":[72,72,72,72,65,51,51,57,57,29,29,26,16,19,55,61,72,57,57,51,51,51,51,0,0],"gold":43,"neow_bonus":"THREE_RARE_CARDS","is_daily":false,"chose_seed":false,"campfire_upgraded":3,"win_rate":0.0,"timestamp":1610431585,"path_taken":["M","?","M","M","?","E","R","M","T","E","R","M","M","E","R","BOSS","M","?","M","$","?","R","E"],"items_purchased_type":["Relic"],"build_version":"2020-12-22","purchased_purges":1,"victory":false,"max_hp_per_floor":[72,72,72,72,72,72,72,72,72,72,72,72,72,72,72,72,72,72,72,72,72,72,72,72,72],"card_choices":[{"not_picked":["Fiend Fire","Reaper"],"picked":"Immolate","floor":0},{"not_picked":["Dual Wield","Havoc"],"picked":"Evolve","floor":1},{"not_picked":["Sword Boomerang","Wild Strike"],"picked":"Cleave","floor":3},{"not_picked":["Clothesline","Sentinel"],"picked":"Pummel","floor":4},{"not_picked":["Ghostly Armor","Sever Soul"],"picked":"Pommel Strike","floor":6},{"not_picked":["Cleave","Sever Soul"],"picked":"True Grit","floor":8},{"not_picked":["Burning Pact","Clash","Bloodletting"],"picked":"SKIP","floor":10},{"not_picked":["Whirlwind","Dropkick"],"picked":"Twin Strike","floor":12},{"not_picked":["Fire Breathing","Bludgeon"],"picked":"Perfected Strike","floor":13},{"not_picked":["Juggernaut","Reckless Charge"],"picked":"Heavy Blade","floor":14},{"not_picked":["Barricade","Offering"],"picked":"Limit Break","floor":16},{"not_picked":["Headbutt","Carnage"],"picked":"Armaments+1","floor":18},{"not_picked":["Metallicize","Cleave"],"picked":"Perfected Strike","floor":20}],"player_experience":283506,"relics_obtained":[{"floor":6,"key":"Letter Opener"},{"floor":9,"key":"Pen Nib"},{"floor":10,"key":"Regal Pillow"},{"floor":14,"key":"Vajra"}],"event_choices":[{"cards_removed":["Defend_R"],"damage_healed":0,"gold_gain":0,"player_choice":"Card Removal","damage_taken":7,"max_hp_gain":0,"max_hp_loss":0,"event_name":"Golden Wing","floor":5,"gold_loss":0},{"damage_healed":0,"gold_gain":0,"player_choice":"Obtained Relic","damage_taken":0,"relics_obtained":["Art of War"],"max_hp_gain":0,"max_hp_loss":0,"event_name":"Addict","floor":19,"gold_loss":85},{"damage_healed":0,"gold_gain":0,"player_choice":"Forge","damage_taken":0,"max_hp_gain":0,"max_hp_loss":0,"event_name":"Accursed Blacksmith","floor":22,"gold_loss":0,"cards_upgraded":["Limit Break"]}],"is_beta":false,"boss_relics":[{"not_picked":["Philosopher\u0027s Stone","Velvet Choker"],"picked":"Cursed Key"}],"items_purged_floors":[2],"is_endless":false,"potions_floor_spawned":[1,4,8,12,13,18],"killed_by":"Book of Stabbing","ascension_level":3}}