{"host":"g8a0qo0vjtg6u5wv","time":1610454790,"event":{"mods":["BaseMod","Colored Map","Custom Start","KOR Keyword Fix","Minty Spire (QoL Compilation)","StSLib","SuperFastMode"],"gold_per_floor":[118,20,30,30,44,44,71,71,120,150,170,182,182,198,198,295,295,306,306,306,316,148,173,173,191,191,224,99,99,122,140,140,239,239,252,299,299,313,54,54,54,54,81,81,81,98,130,0,0,0],"floor_reached":51,"playtime":1128,"items_purged":["Strike_P","Strike_P","Strike_P","WindmillStrike"],"score":1110,"play_id":"386e2d3f-5746-4fe4-85dd-1e15068c1ec5","local_time":"20210112213310","is_ascension_mode":true,"campfire_choices":[{"data":"Vault","floor":6,"key":"SMITH"},{"data":"Crescendo","floor":13,"key":"SMITH"},{"data":"Halt","floor":15,"key":"SMITH"},{"data":"Ghostly","floor":24,"key":"SMITH"},{"data":"Ragnarok","floor":29,"key":"SMITH"},{"data":"Ghostly","floor":32,"key":"SMITH"},{"data":"1","floor":40,"key":"LIFT"},{"data":"2","floor":42,"key":"LIFT"},{"data":"3","floor":44,"key":"LIFT"},{"floor":49,"key":"REST"}],"circlet_count":0,"master_deck":["Eruption+1","Vigilance+1","Vault+1","Evaluate+1","Protect+1","EmptyMind+1","FlurryOfBlows+1","DeusExMachina+1","Halt+1","Crescendo+1","EmptyFist+1","Ragnarok+1","Necronomicurse","Ghostly+1","Ghostly+1","Ghostly+1","Ghostly+1","Ghostly+1","MentalFortress+1","WheelKick+1","ForeignInfluence+1","Omniscience+1","ForeignInfluence+1","Collect+1","Adaptation+1","Perseverance+1","Scrawl+1","Indignation+1"],"relics":["PureWater","Blood Vial","Vajra","Darkstone Periapt","VioletLotus","Necronomicon","Gremlin Horn","Toy Ornithopter","Sundial","Pen Nib","Pandora\u0027s Box","Girya","Membership Card","Mark of the Bloom","Lantern","Du-Vu Doll","Red Mask"],"acts_visited":["Exordium","TheCity","TheBeyond"],"potions_floor_usage":[16,50],"damage_taken":[{"damage":15,"enemies":"Small Slimes","floor":1,"turns":4},{"damage":0,"enemies":"Cultist","floor":3,"turns":4},{"damage":0,"enemies":"Jaw Worm","floor":5,"turns":4},{"damage":35,"enemies":"Gremlin Nob","floor":7,"turns":5},{"damage":35,"enemies":"Lagavulin","floor":10,"turns":10},{"damage":8,"enemies":"Exordium Thugs","floor":11,"turns":5},{"damage":3,"enemies":"3 Louse","floor":12,"turns":4},{"damage":0,"enemies":"2 Fungi Beasts","floor":14,"turns":2},{"damage":9,"enemies":"Slime Boss","floor":16,"turns":8},{"damage":0,"enemies":"Chosen","floor":18,"turns":3},{"damage":2,"enemies":"2 Thieves","floor":21,"turns":5},{"damage":0,"enemies":"Gremlin Leader","floor":23,"turns":5},{"damage":0,"enemies":"Snake Plant","floor":25,"turns":7},{"damage":0,"enemies":"Book of Stabbing","floor":27,"turns":6},{"damage":1,"enemies":"Centurion and Healer","floor":31,"turns":5},{"damage":0,"enemies":"Collector","floor":33,"turns":6},{"damage":1,"enemies":"3 Darklings","floor":35,"turns":3},{"damage":4,"enemies":"2 Orb Walkers","floor":36,"turns":4},{"damage":1,"enemies":"Orb Walker","floor":38,"turns":2},{"damage":0,"enemies":"Writhing Mass","floor":46,"turns":4},{"damage":0,"enemies":"Reptomancer","floor":47,"turns":2},{"damage":4,"enemies":"Time Eater","floor":50,"turns":7}],"seed_played":"331750068434768338","potions_obtained":[{"floor":5,"key":"Energy Potion"},{"floor":11,"key":"Energy Potion"},{"floor":14,"key":"SkillPotion"},{"floor":16,"key":"Fire Potion"},{"floor":18,"key":"Ambrosia"}],"is_trial":false,"path_per_floor":["M","$","M","?","M","R","E","?","T","E","M","M","R","M","R","B",null,"M","?","?","M","$","E","R","M","T","E","$","R","T","M","R","B",null,"M","?","?","M","$","R","?","R","T","R","$","M","E","?","R","B",null],"character_chosen":"WATCHER","items_purchased":["Protect","MentalFortress","Membership Card","Scrawl"],"campfire_rested":1,"item_purchase_floors":[2,22,39,39],"current_hp_per_floor":[50,50,50,50,50,50,15,72,72,37,31,30,30,32,32,25,60,62,52,39,37,37,39,39,39,39,39,39,39,39,38,38,39,39,38,35,35,36,36,36,36,36,36,36,36,36,36,36,36,32],"gold":0,"neow_bonus":"TRANSFORM_CARD","is_daily":false,"chose_seed":false,"campfire_upgraded":6,"win_rate":0.0,"timestamp":1610454790,"path_taken":["M","$","M","?","?","R","E","?","T","E","M","M","R","?","R","BOSS","M","?","?","M","$","E","R","M","T","E","$","R","?","M","R","BOSS","M","?","?","M","$","R","?","R","T","R","?","M","E","?","R","BOSS"],"items_purchased_type":["Card","Card","Relic","Card"],"build_version":"2020-12-22","purchased_purges":4,"victory":true,"max_hp_per_floor":[72,72,72,72,72,72,72,72,72,72,72,72,72,72,72,72,72,72,78,39,39,39,39,39,39,39,39,39,39,39,39,39,39,39,39,39,39,39,39,39,39,39,39,39,39,39,39,39,39,39],"card_choices":[{"not_picked":["ClearTheMind","Crescendo"],"picked":"Evaluate","floor":1},{"not_picked":["ThirdEye","CrushJoints"],"picked":"EmptyMind","floor":3},{"not_picked":["Protect","FollowUp"],"picked":"FlurryOfBlows","floor":5},{"not_picked":["ThirdEye","ClearTheMind"],"picked":"LikeWater","floor":7},{"not_picked":["Consecrate","Evaluate"],"picked":"DeusExMachina","floor":10},{"not_picked":["ClearTheMind","FollowUp"],"picked":"Halt","floor":11},{"not_picked":["JustLucky","FlurryOfBlows"],"picked":"Crescendo","floor":12},{"not_picked":["FlurryOfBlows","Halt"],"picked":"EmptyFist","floor":14},{"not_picked":["DevaForm","Devotion"],"picked":"Ragnarok","floor":16},{"not_picked":["Protect+1","SashWhip","ClearTheMind"],"picked":"SKIP","floor":18},{"not_picked":["JustLucky","Pray","Halt+1"],"picked":"SKIP","floor":21},{"not_picked":["Crescendo","CarveReality"],"picked":"WheelKick","floor":23},{"not_picked":["Protect","CrushJoints","CutThroughFate+1"],"picked":"SKIP","floor":25},{"not_picked":["CutThroughFate","FlurryOfBlows+1","WaveOfTheHand"],"picked":"SKIP","floor":27},{"not_picked":["ClearTheMind","JustLucky"],"picked":"ForeignInfluence+1","floor":31},{"not_picked":["Brilliance","Devotion"],"picked":"Omniscience","floor":33},{"not_picked":["CrushJoints","Protect+1"],"picked":"Adaptation","floor":35},{"not_picked":["BattleHymn+1","Prostrate+1"],"picked":"Perseverance","floor":36},{"not_picked":["Collect+1","Indignation","EmptyFist+1"],"picked":"SKIP","floor":38},{"not_picked":["Indignation+1","MentalFortress","ReachHeaven+1"],"picked":"SKIP","floor":46},{"not_picked":["MentalFortress","ReachHeaven+1"],"picked":"Indignation+1","floor":46},{"not_picked":["Evaluate","EmptyFist","BattleHymn+1"],"picked":"SKIP","floor":47}],"player_experience":564529,"relics_obtained":[{"floor":7,"key":"Blood Vial"},{"floor":9,"key":"Vajra"},{"floor":10,"key":"Darkstone Periapt"},{"floor":19,"key":"Necronomicon"},{"floor":23,"key":"Gremlin Horn"},{"floor":26,"key":"Toy Ornithopter"},{"floor":27,"key":"Sundial"},{"floor":30,"key":"Pen Nib"},{"floor":36,"key":"Girya"},{"floor":43,"key":"Lantern"},{"floor":47,"key":"Du-Vu Doll"}],"event_choices":[{"damage_healed":0,"gold_gain":0,"player_choice":"Upgraded","damage_taken":0,"max_hp_gain":0,"max_hp_loss":0,"event_name":"Upgrade Shrine","floor":4,"gold_loss":0,"cards_upgraded":["Eruption"]},{"cards_removed":["LikeWater"],"damage_healed":57,"gold_gain":0,"player_choice":"Offered Uncommon","damage_taken":0,"max_hp_gain":0,"max_hp_loss":0,"event_name":"Bonfire Elementals","floor":8,"gold_loss":0},{"damage_healed":0,"gold_gain":0,"player_choice":"Obtained Book","damage_taken":16,"max_hp_gain":0,"max_hp_loss":0,"event_name":"Cursed Tome","floor":19,"gold_loss":0},{"damage_healed":0,"gold_gain":0,"player_choice":"Became a Ghost","damage_taken":0,"max_hp_gain":0,"max_hp_loss":39,"event_name":"Ghosts","floor":20,"gold_loss":0,"cards_obtained":["Ghostly","Ghostly","Ghostly","Ghostly","Ghostly"]},{"damage_healed":0,"gold_gain":0,"player_choice":"Fight","damage_taken":0,"max_hp_gain":0,"max_hp_loss":0,"event_name":"Mysterious Sphere","floor":36,"gold_loss":0},{"cards_removed":["SandsOfTime"],"damage_healed":0,"gold_gain":0,"player_choice":"Removed Attack","damage_taken":0,"max_hp_gain":0,"max_hp_loss":0,"event_name":"Falling","floor":37,"gold_loss":0},{"damage_healed":0,"gold_gain":0,"player_choice":"Upgrade","damage_taken":0,"relics_obtained":["Mark of the Bloom"],"max_hp_gain":0,"max_hp_loss":0,"event_name":"MindBloom","floor":41,"gold_loss":0,"cards_upgraded":["Vigilance","Evaluate","Protect","EmptyMind","FlurryOfBlows","DeusExMachina","EmptyFist","Ghostly","Ghostly","Ghostly","MentalFortress","WheelKick","Omniscience","ForeignInfluence","Collect","Adaptation","Perseverance","Scrawl"]},{"damage_healed":0,"gold_gain":0,"player_choice":"Paid","damage_taken":0,"relics_obtained":["Red Mask"],"max_hp_gain":0,"max_hp_loss":0,"event_name":"Tomb of Lord Red Mask","floor":48,"gold_loss":130}],"is_beta":false,"boss_relics":[{"not_picked":["Calling Bell","Black Star"],"picked":"VioletLotus"},{"not_picked":["Cursed Key","Tiny House"],"picked":"Pandora\u0027s Box"}],"items_purged_floors":[2,22,28,39],"is_endless":false,"potions_floor_spawned":[5,11,14,16,18,25,31,35,36,46,47],"ascension_level":6}}