{"host":"04hh9gplt9wkfmr1","time":1610451991,"event":{"mods":["AchievementEnabler","BaseMod","Colored Map","KOR Keyword Fix","Minty Spire (QoL Compilation)","Rare Cards Sparkle","SuperFastMode"],"gold_per_floor":[116,128,145,157,232,258,258,258,258,314,326,326,352,363,363,461,461,476,486,496,506,522,552,564,564,588,602,602,630,729,748,748,748,748],"floor_reached":33,"playtime":1004,"items_purged":[],"score":353,"play_id":"8a695593-486a-4e48-b819-72ed4801f5d3","local_time":"20210112204631","is_ascension_mode":false,"campfire_choices":[{"data":"Blind","floor":8,"key":"SMITH"},{"data":"Perfected Strike","floor":12,"key":"SMITH"},{"data":"Shockwave","floor":15,"key":"SMITH"},{"floor":25,"key":"REST"},{"floor":28,"key":"REST"},{"floor":32,"key":"REST"}],"circlet_count":0,"master_deck":["Strike_R","Strike_R","Strike_R","Strike_R","Strike_R","Defend_R","Defend_R","Defend_R","Defend_R","Bash","Blind+1","Pommel Strike","Shockwave+1","Twin Strike","Perfected Strike+1","Headbutt","Feel No Pain+1","Impervious","Armaments+1"],"relics":["Burning Blood","Red Skull","Gremlin Horn","Frozen Egg 2","Pantograph","SacredBark","Champion Belt","Toy Ornithopter","MealTicket"],"acts_visited":["Exordium","TheCity"],"potions_floor_usage":[6,16,18,21,23,29,31,31],"damage_taken":[{"damage":2,"enemies":"Jaw Worm","floor":1,"turns":5},{"damage":0,"enemies":"Small Slimes","floor":2,"turns":3},{"damage":6,"enemies":"2 Louse","floor":3,"turns":3},{"damage":12,"enemies":"2 Fungi Beasts","floor":4,"turns":5},{"damage":23,"enemies":"Gremlin Nob","floor":6,"turns":4},{"damage":18,"enemies":"Gremlin Nob","floor":10,"turns":4},{"damage":5,"enemies":"3 Louse","floor":11,"turns":3},{"damage":11,"enemies":"Lagavulin","floor":13,"turns":6},{"damage":4,"enemies":"Exordium Thugs","floor":14,"turns":2},{"damage":0,"enemies":"Slime Boss","floor":16,"turns":4},{"damage":4,"enemies":"2 Thieves","floor":18,"turns":4},{"damage":26,"enemies":"Spheric Guardian","floor":19,"turns":7},{"damage":12,"enemies":"Cultist and Chosen","floor":20,"turns":7},{"damage":12,"enemies":"Centurion and Healer","floor":21,"turns":6},{"damage":32,"enemies":"Shelled Parasite and Fungi","floor":22,"turns":6},{"damage":7,"enemies":"Gremlin Leader","floor":23,"turns":5},{"damage":12,"enemies":"Snecko","floor":24,"turns":5},{"damage":35,"enemies":"Sentry and Sphere","floor":27,"turns":8},{"damage":27,"enemies":"Book of Stabbing","floor":29,"turns":6},{"damage":23,"enemies":"Chosen and Byrds","floor":31,"turns":7},{"damage":68,"enemies":"Champ","floor":33,"turns":11}],"seed_played":"575385665811804811","potions_obtained":[{"floor":2,"key":"SkillPotion"},{"floor":4,"key":"DuplicationPotion"},{"floor":10,"key":"GamblersBrew"},{"floor":13,"key":"SpeedPotion"},{"floor":14,"key":"ColorlessPotion"},{"floor":16,"key":"Fire Potion"},{"floor":20,"key":"Fire Potion"},{"floor":21,"key":"Explosive Potion"},{"floor":23,"key":"Dexterity Potion"},{"floor":29,"key":"GamblersBrew"}],"is_trial":false,"path_per_floor":["M","M","M","M","?","E","?","R","T","?","M","R","E","M","R","B",null,"M","M","M","M","M","E","M","R","T","M","R","E","?","M","R","B"],"character_chosen":"IRONCLAD","items_purchased":[],"campfire_rested":3,"item_purchase_floors":[],"current_hp_per_floor":[80,80,80,74,63,46,51,51,51,39,40,40,35,37,37,68,85,85,65,59,53,27,26,20,45,45,16,41,25,25,18,43,0,0],"gold":748,"neow_bonus":"RANDOM_COLORLESS","is_daily":false,"chose_seed":false,"campfire_upgraded":3,"win_rate":0.0,"timestamp":1610451991,"path_taken":["M","M","M","M","?","E","?","R","T","?","M","R","E","M","R","BOSS","M","M","M","M","M","E","M","R","T","M","R","E","?","M","R","BOSS"],"items_purchased_type":[],"build_version":"2020-12-22","purchased_purges":0,"victory":false,"max_hp_per_floor":[80,80,80,80,80,80,85,85,85,85,85,85,85,85,85,85,85,85,85,85,85,85,85,85,85,85,85,85,85,85,85,85,85,85],"card_choices":[{"not_picked":["Panacea","Flash of Steel"],"picked":"Blind","floor":0},{"not_picked":["Hemokinesis","Clothesline"],"picked":"Pommel Strike","floor":1},{"not_picked":["Searing Blow","Burning Pact"],"picked":"Shockwave","floor":2},{"not_picked":["Rampage","Dark Embrace","Warcry"],"picked":"SKIP","floor":3},{"not_picked":["Rage","Warcry"],"picked":"Twin Strike","floor":4},{"not_picked":["Fiend Fire","Anger"],"picked":"Perfected Strike","floor":6},{"not_picked":["Cleave","Shockwave"],"picked":"Headbutt","floor":11},{"not_picked":["True Grit","Flame Barrier"],"picked":"Feel No Pain+1","floor":13},{"not_picked":["Hemokinesis","Body Slam","Warcry"],"picked":"SKIP","floor":14},{"not_picked":["Bludgeon","Fiend Fire"],"picked":"Impervious","floor":16},{"not_picked":["Shrug It Off","True Grit","Spot Weakness"],"picked":"SKIP","floor":18},{"not_picked":["Battle Trance","Heavy Blade"],"picked":"Armaments+1","floor":19},{"not_picked":["Thunderclap","Clothesline","Flame Barrier"],"picked":"SKIP","floor":20},{"not_picked":["Burning Pact","Armaments","Intimidate"],"picked":"SKIP","floor":21},{"not_picked":["Carnage","Fire Breathing+1","Anger"],"picked":"SKIP","floor":22},{"not_picked":["Brutality+1","Flex","Clothesline+1"],"picked":"SKIP","floor":23},{"not_picked":["Anger","Reckless Charge+1","Warcry+1"],"picked":"SKIP","floor":24},{"not_picked":["Reckless Charge+1","Body Slam+1","Blood for Blood"],"picked":"SKIP","floor":27},{"not_picked":["Dark Embrace+1","Clothesline","Power Through"],"picked":"SKIP","floor":29},{"not_picked":["Carnage","Clash+1","Body Slam"],"picked":"SKIP","floor":31}],"player_experience":12373,"relics_obtained":[{"floor":6,"key":"Red Skull"},{"floor":9,"key":"Gremlin Horn"},{"floor":10,"key":"Frozen Egg 2"},{"floor":13,"key":"Pantograph"},{"floor":23,"key":"Champion Belt"},{"floor":26,"key":"Toy Ornithopter"},{"floor":29,"key":"MealTicket"}],"event_choices":[{"damage_healed":0,"gold_gain":75,"player_choice":"Gather Gold","damage_taken":11,"max_hp_gain":0,"max_hp_loss":0,"event_name":"World of Goop","floor":5,"gold_loss":0},{"damage_healed":0,"gold_gain":0,"player_choice":"Donut","damage_taken":0,"max_hp_gain":5,"max_hp_loss":0,"event_name":"Big Fish","floor":7,"gold_loss":0},{"damage_healed":0,"gold_gain":30,"player_choice":"Searched \u00272\u0027 times","damage_taken":0,"max_hp_gain":0,"max_hp_loss":0,"event_name":"Dead Adventurer","floor":10,"gold_loss":0},{"damage_healed":0,"gold_gain":99,"player_choice":"Stole From Cult","damage_taken":0,"max_hp_gain":0,"max_hp_loss":0,"event_name":"Nest","floor":30,"gold_loss":0}],"is_beta":false,"boss_relics":[{"not_picked":["Runic Pyramid","Coffee Dripper"],"picked":"SacredBark"}],"items_purged_floors":[],"is_endless":false,"potions_floor_spawned":[2,4,10,13,14,16,20,21,23,24,29],"killed_by":"Champ","ascension_level":0}}