{"host":"7qf1todfnxspvw7w","time":1610412660,"event":{"mods":["AchievementEnabler","BaseMod","Block Reminder","Colored Powertips","Disable Question Mark Monsters","Displayed Cursed Tome","Googly Eyes","Minty Spire (QoL Compilation)","Poor People Problems","Rare Cards Sparkle","Relic Stats","Reorder Act Four","SacredBarkPlus","Shop Mod","StSLib","Uncapped"],"gold_per_floor":[110,35,35,35,35,35,67,81,81,81,81,100,112,169,169,269,269,283,302,57,57,57,57,57],"floor_reached":23,"playtime":729,"items_purged":["Strike_P","Defend_P"],"score":206,"play_id":"c21886f9-831b-48a4-9123-8bd3d090418d","local_time":"20210112035100","is_ascension_mode":true,"campfire_choices":[{"data":"Bandage Up","floor":6,"key":"SMITH"},{"floor":10,"key":"DIG"},{"floor":15,"key":"REST"}],"circlet_count":0,"master_deck":["Strike_P","Strike_P","Strike_P","Defend_P","Defend_P","Defend_P","Eruption+1","Vigilance","Bandage Up+1","EmptyBody","PathToVictory","Wallop","Ragnarok","SashWhip+1","PathToVictory","Bandage Up+1"],"relics":["PureWater","Tiny Chest","Shovel","Strawberry","Orichalcum","Kunai","Mummified Hand","Sozu","Blood Vial"],"acts_visited":["Exordium","TheCity"],"potions_floor_usage":[14,16,16],"damage_taken":[{"damage":4,"enemies":"2 Louse","floor":1,"turns":2},{"damage":24,"enemies":"Gremlin Nob","floor":7,"turns":4},{"damage":0,"enemies":"Cultist","floor":8,"turns":3},{"damage":0,"enemies":"Jaw Worm","floor":12,"turns":6},{"damage":9,"enemies":"Blue Slaver","floor":13,"turns":3},{"damage":31,"enemies":"3 Sentries","floor":14,"turns":11},{"damage":40,"enemies":"Slime Boss","floor":16,"turns":15},{"damage":28,"enemies":"3 Byrds","floor":18,"turns":7},{"damage":23,"enemies":"Spheric Guardian","floor":19,"turns":4},{"damage":51,"enemies":"Centurion and Healer","floor":23,"turns":7}],"seed_played":"2981974369642190328","potions_obtained":[{"floor":7,"key":"Weak Potion"},{"floor":12,"key":"PowerPotion"},{"floor":14,"key":"PowerPotion"}],"is_trial":false,"path_per_floor":["M","$","?","?","?","R","E","M","T","R","T","M","M","?","R","B",null,"M","M","$","?","$","M"],"character_chosen":"WATCHER","items_purchased":["Blood Vial"],"campfire_rested":1,"item_purchase_floors":[20],"current_hp_per_floor":[68,68,50,72,72,72,48,54,61,61,61,67,58,33,56,22,79,52,35,35,35,35,0,0],"gold":57,"neow_bonus":"RANDOM_COLORLESS","is_daily":false,"chose_seed":false,"campfire_upgraded":1,"win_rate":0.0,"timestamp":1610412660,"path_taken":["M","$","?","?","?","R","E","?","T","R","?","M","M","?","R","BOSS","M","M","$","?","$","M"],"items_purchased_type":["Relic"],"build_version":"2020-12-22","purchased_purges":2,"victory":false,"max_hp_per_floor":[72,72,72,72,72,72,72,72,79,79,79,79,79,79,79,79,79,79,79,79,79,79,79,79],"relic_stats":{"Sozu":1,"Blood Vial":2,"Shovel":1,"counters":[10,62],"Mummified Hand":[2],"Tiny Chest":1,"Kunai":[6],"Orichalcum":[60],"obtain_stats":[{"Sozu":17,"Blood Vial":20,"Shovel":7,"Mummified Hand":14,"Strawberry":9,"Tiny Chest":3,"Kunai":11,"PureWater":0,"Orichalcum":10},{"Sozu":7,"Blood Vial":9,"Shovel":2,"Mummified Hand":5,"Strawberry":3,"Tiny Chest":1,"Kunai":3,"PureWater":0,"Orichalcum":3},{"Sozu":44,"Blood Vial":55,"Shovel":6,"Mummified Hand":18,"Strawberry":9,"Tiny Chest":2,"Kunai":9,"PureWater":0,"Orichalcum":9}]},"card_choices":[{"not_picked":["Finesse","Blind"],"picked":"Bandage Up","floor":0},{"not_picked":["EmptyBody","Vengeance","Consecrate"],"picked":"SKIP","floor":1},{"not_picked":["Protect","FlurryOfBlows","Pray"],"picked":"SKIP","floor":7},{"not_picked":["JustLucky","Nirvana"],"picked":"EmptyBody","floor":8},{"not_picked":["EmptyBody","ThirdEye"],"picked":"PathToVictory","floor":12},{"not_picked":["ThirdEye","Tantrum"],"picked":"Wallop","floor":13},{"not_picked":["Blasphemy","Devotion"],"picked":"Ragnarok","floor":16},{"not_picked":["Protect","ClearTheMind"],"picked":"SashWhip+1","floor":18},{"not_picked":["Collect+1","Evaluate"],"picked":"PathToVictory","floor":19}],"player_experience":508389,"relics_obtained":[{"floor":7,"key":"Shovel"},{"floor":9,"key":"Strawberry"},{"floor":10,"key":"Orichalcum"},{"floor":11,"key":"Kunai"}],"event_choices":[{"damage_healed":0,"gold_gain":0,"player_choice":"Success","damage_taken":18,"relics_obtained":["Tiny Chest"],"max_hp_gain":0,"max_hp_loss":0,"event_name":"Scrap Ooze","floor":3,"gold_loss":0},{"damage_healed":24,"gold_gain":0,"player_choice":"Banana","damage_taken":0,"max_hp_gain":0,"max_hp_loss":0,"event_name":"Big Fish","floor":4,"gold_loss":0},{"damage_healed":0,"gold_gain":0,"player_choice":"Forge","damage_taken":0,"max_hp_gain":0,"max_hp_loss":0,"event_name":"Accursed Blacksmith","floor":5,"gold_loss":0,"cards_upgraded":["Eruption"]},{"damage_healed":0,"gold_gain":0,"player_choice":"Searched \u00273\u0027 times","damage_taken":0,"relics_obtained":["Mummified Hand"],"max_hp_gain":0,"max_hp_loss":0,"event_name":"Dead Adventurer","floor":14,"gold_loss":0},{"damage_healed":0,"gold_gain":0,"player_choice":"Copied","damage_taken":0,"max_hp_gain":0,"max_hp_loss":0,"event_name":"Duplicator","floor":21,"gold_loss":0,"cards_obtained":["Bandage Up"]}],"is_beta":false,"boss_relics":[{"not_picked":["Tiny House","VioletLotus"],"picked":"Sozu"}],"items_purged_floors":[2,20],"is_endless":false,"potions_floor_spawned":[7,12,14,18],"killed_by":"Centurion and Healer","ascension_level":2}}