{"host":"h5mpg8xef8fl8s1y","time":1610477906,"event":{"mods":["100% Spire Juice","AchievementEnabler","BaseMod","Bestiary","Block Reminder","Colored Map","Colored Powertips","Curses Come First","Dark Map","Displayed Cursed Tome","Googly Eyes","Hero for Fun","Marisa????????","Minty Spire (QoL Compilation)","Permanent Neow","Quick Restart","Random Character Button","Rare Cards Sparkle","Relic Stats","StSLib","Starting Relic: Pandora\u0027s Box","The Marked","The Senshi","The Servant 0.9.4","TheVelvet","Waifu the Spire","Yakumo Yukari mod","everything is the same but u backflip on backflip"],"gold_per_floor":[109,384,261,277,30,49,49,49,75,75,100,100,175,215,215,323,323,343,258,258,258,258,258,294,294,294,294,318,318,318,347,347,451,451,471,480,480,480],"floor_reached":37,"playtime":2226,"items_purged":["Regret"],"score":406,"play_id":"ce8300b1-568a-4ded-860b-1205d74aff40","local_time":"20210112135826","is_ascension_mode":false,"campfire_choices":[{"data":"theMarked:ComboAttacks","floor":7,"key":"SMITH"},{"data":"theMarked:SoldierOfQuellstein","floor":10,"key":"SMITH"},{"data":"theMarked:WardOff","floor":15,"key":"SMITH"},{"data":"theMarked:SummonStrength","floor":23,"key":"SMITH"},{"floor":25,"key":"REST"},{"data":"1","floor":29,"key":"LIFT"},{"data":"2","floor":32,"key":"LIFT"}],"circlet_count":0,"master_deck":["theMarked:SoldierOfQuellstein+1","theMarked:EmpowerWeapon","theMarked:ResourceFulStrike","theMarked:CreepingChasm+1","theMarked:DeterminationOfTheMarked","theMarked:ShockingTouch","theMarked:WardOff+1","theMarked:Improvise","theMarked:Static","theMarked:CreepingChasm","Flash of Steel","theMarked:ComboAttacks+1","theMarked:TwofoldDefense+1","theMarked:ChainLightning","theMarked:BanishingStrike","theMarked:Overcharge","theMarked:SummonStrength+1","theMarked:RogueSparks+1","theMarked:MagicAdept","theMarked:EnhanceMovement","theMarked:PowerFlow","theMarked:TakeOffHeels","theMarked:SwordAndMagic","Swift Strike"],"relics":["theMarked:ArtifactOfAir","Eternal Feather","CeramicFish","White Beast Statue","Sozu","Kunai","Pear","Mercury Hourglass","Girya","Happy Flower","theMarked:SpiritSword"],"acts_visited":["Exordium","TheCity","TheBeyond"],"potions_floor_usage":[],"damage_taken":[{"damage":11,"enemies":"Jaw Worm","floor":1,"turns":2},{"damage":0,"enemies":"Cultist","floor":4,"turns":3},{"damage":6,"enemies":"2 Louse","floor":6,"turns":3},{"damage":0,"enemies":"2 Fungi Beasts","floor":11,"turns":3},{"damage":2,"enemies":"3 Sentries","floor":14,"turns":6},{"damage":32,"enemies":"The Guardian","floor":16,"turns":7},{"damage":33,"enemies":"Spheric Guardian","floor":18,"turns":4},{"damage":47,"enemies":"Gremlin Leader","floor":24,"turns":5},{"damage":10,"enemies":"Chosen","floor":28,"turns":4},{"damage":40,"enemies":"3 Cultists","floor":31,"turns":4},{"damage":16,"enemies":"Champ","floor":33,"turns":6},{"damage":23,"enemies":"3 Darklings","floor":35,"turns":6},{"damage":69,"enemies":"Orin","floor":37,"turns":5}],"seed_played":"977209372780038885","potions_obtained":[{"floor":14,"key":"EssenceOfSteel"},{"floor":16,"key":"DuplicationPotion"}],"is_trial":false,"path_per_floor":["M","?","$","M","$","M","R","?","T","R","M","?","?","E","R","B",null,"M","?","?","$","T","R","E","R","T","?","M","R","?","M","R","B",null,"M","?","?"],"character_chosen":"THE_DEFAULT","items_purchased":["theMarked:TwofoldDefense","Eternal Feather"],"campfire_rested":1,"item_purchase_floors":[3,5],"current_hp_per_floor":[59,59,59,59,59,53,59,64,64,70,70,55,44,42,51,19,75,42,42,42,42,52,61,14,48,48,76,66,78,78,38,50,34,85,62,62,0,0],"gold":480,"neow_bonus":"RANDOM_COLORLESS","is_daily":false,"chose_seed":false,"campfire_upgraded":4,"win_rate":0.0,"timestamp":1610477906,"path_taken":["M","?","$","?","$","M","R","?","T","R","M","?","?","E","R","BOSS","M","?","?","$","?","R","E","R","T","?","M","R","?","?","R","BOSS","M","?","?"],"items_purchased_type":["Card","Relic"],"build_version":"2020-12-22","purchased_purges":1,"victory":false,"max_hp_per_floor":[70,70,70,70,70,70,70,75,75,75,75,75,75,75,75,75,75,75,75,75,75,85,85,85,85,85,85,85,85,85,85,85,85,85,85,85,85,85],"relic_stats":{"Sozu":6,"Happy Flower":[7],"counters":[13,58],"CeramicFish":90,"Eternal Feather":63,"Kunai":[10],"obtain_stats":[{"Sozu":17,"theMarked:ArtifactOfAir":0,"Girya":26,"Pear":22,"Happy Flower":30,"CeramicFish":9,"Eternal Feather":5,"theMarked:SpiritSword":34,"Kunai":19,"White Beast Statue":14,"Mercury Hourglass":24},{"Sozu":6,"theMarked:ArtifactOfAir":0,"Girya":8,"Pear":7,"Happy Flower":9,"CeramicFish":3,"Eternal Feather":2,"theMarked:SpiritSword":11,"Kunai":7,"White Beast Statue":5,"Mercury Hourglass":8},{"Sozu":24,"theMarked:ArtifactOfAir":0,"Girya":33,"Pear":28,"Happy Flower":37,"CeramicFish":8,"Eternal Feather":5,"theMarked:SpiritSword":47,"Kunai":28,"White Beast Statue":17,"Mercury Hourglass":33}],"Mercury Hourglass":[106]},"card_choices":[{"not_picked":["Swift Strike","Bandage Up"],"picked":"Flash of Steel","floor":0},{"not_picked":["theMarked:WardOff","theMarked:ResourceFulStrike"],"picked":"theMarked:ComboAttacks","floor":1},{"not_picked":["theMarked:MysticalArsenal","theMarked:WastefulDefense","theMarked:CreepingChasm"],"picked":"SKIP","floor":4},{"not_picked":["theMarked:HeightenedSenses","theMarked:EmpowerWeapon"],"picked":"theMarked:ChainLightning","floor":6},{"not_picked":["theMarked:Static","theMarked:WastefulAttack"],"picked":"theMarked:BanishingStrike","floor":11},{"not_picked":["theMarked:Convert","theMarked:EnhanceMovement"],"picked":"theMarked:Overcharge","floor":14},{"not_picked":["theMarked:Snap","theMarked:TakeOffHeels"],"picked":"theMarked:SummonStrength","floor":16},{"not_picked":["theMarked:ResourceFulStrike","theMarked:Aftermath"],"picked":"theMarked:RogueSparks+1","floor":18},{"not_picked":["theMarked:GodGivenPower","theMarked:ElectricStrings"],"picked":"theMarked:MagicAdept","floor":24},{"not_picked":["theMarked:Standoff","theMarked:PowerFlow"],"picked":"theMarked:EnhanceMovement","floor":28},{"not_picked":["theMarked:Frustration","theMarked:TwofoldDefense"],"picked":"theMarked:PowerFlow","floor":31},{"not_picked":["theMarked:Challenge","theMarked:MagicAdept"],"picked":"theMarked:TakeOffHeels","floor":33},{"not_picked":["theMarked:LightningStrikesTwice+1","theMarked:ElectricStrings+1"],"picked":"theMarked:SwordAndMagic","floor":35},{"not_picked":["Magnetism","PanicButton"],"picked":"Swift Strike","floor":36}],"player_experience":221927,"relics_obtained":[{"floor":9,"key":"CeramicFish"},{"floor":14,"key":"White Beast Statue"},{"floor":22,"key":"Pear"},{"floor":24,"key":"Mercury Hourglass"},{"floor":26,"key":"Girya"}],"event_choices":[{"damage_healed":0,"gold_gain":275,"player_choice":"Desecrate","damage_taken":0,"max_hp_gain":0,"max_hp_loss":0,"event_name":"Golden Shrine","floor":2,"gold_loss":0,"cards_obtained":["Regret"]},{"damage_healed":0,"gold_gain":0,"player_choice":"Donut","damage_taken":0,"max_hp_gain":5,"max_hp_loss":0,"event_name":"Big Fish","floor":8,"gold_loss":0},{"damage_healed":0,"gold_gain":0,"player_choice":"Entered Light","damage_taken":15,"max_hp_gain":0,"max_hp_loss":0,"event_name":"Shining Light","floor":12,"gold_loss":0,"cards_upgraded":["theMarked:TwofoldDefense","theMarked:CreepingChasm"]},{"damage_healed":0,"gold_gain":75,"player_choice":"Gather Gold","damage_taken":11,"max_hp_gain":0,"max_hp_loss":0,"event_name":"World of Goop","floor":13,"gold_loss":0},{"damage_healed":0,"gold_gain":0,"player_choice":"Obtained Relic","damage_taken":0,"relics_obtained":["Kunai"],"max_hp_gain":0,"max_hp_loss":0,"event_name":"Addict","floor":19,"gold_loss":85},{"damage_healed":0,"gold_gain":0,"player_choice":"Ignored","damage_taken":0,"max_hp_gain":0,"max_hp_loss":0,"event_name":"Beggar","floor":20,"gold_loss":0},{"damage_healed":28,"gold_gain":0,"player_choice":"Heal","damage_taken":0,"max_hp_gain":0,"max_hp_loss":0,"event_name":"The Library","floor":27,"gold_loss":0},{"damage_healed":0,"gold_gain":0,"player_choice":"Gave Potion","damage_taken":0,"relics_obtained":["Happy Flower"],"max_hp_gain":0,"max_hp_loss":0,"event_name":"WeMeetAgain","floor":30,"gold_loss":0},{"damage_healed":0,"gold_gain":0,"player_choice":"Memory 1","damage_taken":0,"max_hp_gain":0,"max_hp_loss":0,"event_name":"SensoryStone","floor":36,"gold_loss":0},{"damage_healed":0,"gold_gain":0,"player_choice":"Fight","damage_taken":0,"max_hp_gain":0,"max_hp_loss":0,"event_name":"OrinTheCat","floor":37,"gold_loss":0}],"is_beta":false,"boss_relics":[{"not_picked":["Astrolabe","Cursed Key"],"picked":"Sozu"},{"not_picked":["SacredBark","Runic Pyramid"],"picked":"theMarked:SpiritSword"}],"items_purged_floors":[3],"is_endless":false,"potions_floor_spawned":[14,16,18,24,28,31,33,35],"killed_by":"Orin","ascension_level":0}}