{"host":"uv231blk40vjdojr","time":1610464527,"event":{"mods":["AchievementEnabler","BaseMod","Bestiary","Minty Spire (QoL Compilation)","Relic Stats"],"gold_per_floor":[115,125,144,219,234,234,268,368,368,382,411,71,71,71,71,172,172,186,186,198,50,66,79,79,79],"floor_reached":24,"playtime":984,"items_purged":[],"score":208,"play_id":"faf19593-e620-4c17-9f1f-6e9b54bcd190","local_time":"20210112161527","is_ascension_mode":false,"campfire_choices":[{"data":"Eruption","floor":6,"key":"SMITH"},{"data":"CrushJoints","floor":15,"key":"SMITH"}],"circlet_count":0,"master_deck":["Strike_P","Strike_P","Strike_P","Strike_P","Defend_P","Defend_P","Defend_P","Defend_P","Eruption+1","Vigilance","CrushJoints+1","ReachHeaven","Study","Brilliance","Wallop","Ragnarok","LikeWater","Scrawl"],"relics":["PureWater","Lizard Tail","Orichalcum","TeardropLocket","Dead Branch","Damaru","Toolbox","Sundial","Snecko Eye","Regal Pillow","Medical Kit"],"acts_visited":["Exordium","TheCity"],"potions_floor_usage":[16,20],"damage_taken":[{"damage":4,"enemies":"2 Louse","floor":1,"turns":2},{"damage":0,"enemies":"Jaw Worm","floor":2,"turns":2},{"damage":1,"enemies":"Cultist","floor":3,"turns":3},{"damage":14,"enemies":"Exordium Wildlife","floor":5,"turns":3},{"damage":28,"enemies":"Gremlin Nob","floor":7,"turns":3},{"damage":0,"enemies":"2 Fungi Beasts","floor":10,"turns":2},{"damage":25,"enemies":"3 Sentries","floor":11,"turns":7},{"damage":6,"enemies":"Hexaghost","floor":16,"turns":5},{"damage":0,"enemies":"3 Byrds","floor":18,"turns":4},{"damage":2,"enemies":"2 Thieves","floor":20,"turns":3},{"damage":0,"enemies":"Snecko","floor":22,"turns":3},{"damage":10,"enemies":"Sentry and Sphere","floor":23,"turns":4},{"damage":60,"enemies":"Slavers","floor":24,"turns":3}],"seed_played":"7143875300263857754","potions_obtained":[{"floor":3,"key":"Ancient Potion"},{"floor":5,"key":"Ambrosia"},{"floor":7,"key":"FearPotion"},{"floor":16,"key":"Fire Potion"}],"is_trial":false,"path_per_floor":["M","M","M","?","M","R","E","?","T","M","E","$","?","$","R","B",null,"M","?","M","$","M","M","E"],"character_chosen":"WATCHER","items_purchased":["Damaru","Wallop","Toolbox","Medical Kit"],"campfire_rested":0,"item_purchase_floors":[12,12,12,21],"current_hp_per_floor":[61,61,60,49,35,35,7,7,7,7,16,16,13,13,13,7,65,65,65,63,63,63,53,0,0],"gold":79,"neow_bonus":"ONE_RARE_RELIC","is_daily":false,"chose_seed":false,"campfire_upgraded":2,"win_rate":0.0,"timestamp":1610464527,"path_taken":["M","M","M","?","M","R","E","?","T","?","E","$","?","$","R","BOSS","M","?","M","$","M","M","E"],"items_purchased_type":["Relic","Card","Relic","Relic"],"build_version":"2020-12-22","purchased_purges":0,"victory":false,"max_hp_per_floor":[65,65,65,65,65,65,65,65,65,65,65,65,65,65,65,65,65,65,65,65,65,65,65,65,65],"relic_stats":{"Lizard Tail":32,"Regal Pillow":0,"counters":[13,44],"Sundial":[4],"Dead Branch":[19],"Snecko Eye":[30,29,37,32],"Orichalcum":[36],"Medical Kit":[3],"obtain_stats":[{"Lizard Tail":0,"Regal Pillow":19,"Sundial":13,"Dead Branch":11,"Damaru":12,"Toolbox":12,"Snecko Eye":17,"TeardropLocket":9,"PureWater":0,"Orichalcum":7,"Medical Kit":21},{"Lizard Tail":0,"Regal Pillow":9,"Sundial":7,"Dead Branch":7,"Damaru":7,"Toolbox":7,"Snecko Eye":8,"TeardropLocket":5,"PureWater":0,"Orichalcum":5,"Medical Kit":10},{"Lizard Tail":0,"Regal Pillow":31,"Sundial":22,"Dead Branch":22,"Damaru":22,"Toolbox":22,"Snecko Eye":27,"TeardropLocket":13,"PureWater":0,"Orichalcum":13,"Medical Kit":34}]},"card_choices":[{"not_picked":["CutThroughFate","ClearTheMind"],"picked":"CrushJoints","floor":1},{"not_picked":["Halt","SashWhip"],"picked":"ReachHeaven","floor":2},{"not_picked":["Evaluate","ClearTheMind"],"picked":"Study","floor":3},{"not_picked":["CutThroughFate","Worship"],"picked":"Brilliance","floor":5},{"not_picked":["Crescendo","ReachHeaven","CrushJoints"],"picked":"SKIP","floor":7},{"not_picked":["EmptyFist","PathToVictory","Wireheading"],"picked":"SKIP","floor":10},{"not_picked":["EmptyFist","Indignation","EmptyBody"],"picked":"SKIP","floor":11},{"not_picked":["MasterReality","Blasphemy"],"picked":"Ragnarok","floor":16},{"not_picked":["Crescendo","FlyingSleeves+1"],"picked":"LikeWater","floor":18},{"not_picked":["WreathOfFlame","Evaluate","Weave+1"],"picked":"SKIP","floor":20},{"not_picked":["FlurryOfBlows","EmptyFist+1","JustLucky+1"],"picked":"SKIP","floor":22},{"not_picked":["FollowUp","BowlingBash+1"],"picked":"Scrawl","floor":23}],"player_experience":668008,"relics_obtained":[{"floor":7,"key":"Orichalcum"},{"floor":9,"key":"TeardropLocket"},{"floor":11,"key":"Dead Branch"}],"event_choices":[{"damage_healed":0,"gold_gain":75,"player_choice":"Gather Gold","damage_taken":11,"max_hp_gain":0,"max_hp_loss":0,"event_name":"World of Goop","floor":4,"gold_loss":0},{"damage_healed":0,"gold_gain":100,"player_choice":"Pray","damage_taken":0,"max_hp_gain":0,"max_hp_loss":0,"event_name":"Golden Shrine","floor":8,"gold_loss":0},{"damage_healed":0,"gold_gain":0,"player_choice":"Success","damage_taken":3,"relics_obtained":["Sundial"],"max_hp_gain":0,"max_hp_loss":0,"event_name":"Scrap Ooze","floor":13,"gold_loss":0},{"damage_healed":0,"gold_gain":0,"player_choice":"Opened","damage_taken":0,"relics_obtained":["Regal Pillow"],"max_hp_gain":0,"max_hp_loss":0,"event_name":"The Mausoleum","floor":19,"gold_loss":0}],"is_beta":false,"boss_relics":[{"not_picked":["Calling Bell","Sozu"],"picked":"Snecko Eye"}],"items_purged_floors":[],"is_endless":false,"potions_floor_spawned":[3,5,7,16],"killed_by":"Slavers","ascension_level":0}}