{"host":"qy0m86b6j0qgj9ra","time":1610448803,"event":{"mods":["Act Like it!","Aspiration","Astrologer","Bartender","BaseMod","CCEM","Clockwork Mod","Conspire","Downfall","Duelist Mod","Energized Spire","Friendly Minions","Gensokyo","GifTheSpireLib","Googly Eyes","GungeonMod","Halation","Hallownest","Hermit","Hubris","Infinite Spire","Ironclad Rager","Jorbs\u0027s Wanderer Trilogy","Koishi","KomeijiMod","Lobotomy","LobotomyExtend","Mad Scientist","Marisa????????","Minty Spire (QoL Compilation)","Pale of the Ancients","Quarter Circle Forward PUNCH!","RRrroohrrRGHHhhh!!","Random Character Button","Rare Cards Sparkle","Reimu??????","Replay The Spire","Retaliation","RumiaBox-????????","SCP261 Mod","Slumbering Mod","Spicy Shops","Spikes Relics","StSLib","Stuff the Spire","The Administrix","The Animator","The Bug Knight","The Construct","The Cursed","The Hierophant","The Jungle","The Sage","The Saiyan","The Vixen","TheBandit","TheFirefly","Trackpad","Wandering Minibosses","WarShipGirlsR/????R mod","Yuri Mod","vexMod"],"gold_per_floor":[99,114,114,132,139,173,196,271,283,295,295,1105,1125,1155,1165,1262,1262,1262,1281,1293,1203,1216,1216,1216,1232,1277,1277,1477,389,416,416,416,436,453,554,554,554,572,584,100,17,810,889,900,900,919,919,953,953,953,967,1065,1065,1081,1081,1081,1081],"floor_reached":55,"playtime":7614,"items_purged":["Slimebound:Strike_Slimebound","Slimebound:Strike_Slimebound","Slimebound:Strike_Slimebound","Slimebound:Defend_Slimebound","Slimebound:GoopSpray","Slimebound:Defend_Slimebound"],"score":851,"play_id":"8c7a36e2-5add-44a2-aa37-10f49880e3fa","local_time":"20210112115323","is_ascension_mode":false,"campfire_choices":[{"data":"Slimebound:Split","floor":1.0,"key":"SMITH"},{"data":"Slimebound:Darklings","floor":18.0,"key":"SMITH"},{"data":"Slimebound:DuplicatedForm","floor":27.0,"key":"SMITH"},{"floor":32.0,"key":"RECALL"},{"data":"Slimebound:MinionMaster","floor":37.0,"key":"SMITH"}],"circlet_count":0,"master_deck":["Slimebound:Tackle","Slimebound:Defend_Slimebound","Slimebound:Split+1","Slimebound:CorrosiveSpit","Slimebound:TagTeam","Slimebound:Nibble","Slimebound:SpikyOuterGoop","Slimebound:Nibble","Slimebound:ItLooksTasty","StuffTheSpire:Innocence","Slimebound:RejuvenatingLick","Slimebound:Darklings+1","Slimebound:Gluttony","Slimebound:DuplicatedForm+1","Slimebound:RainOfGoop","Slimebound:Teamwork","expansioncontent:DarkVoid","Slimebound:RainOfGoop","Slimebound:MassRepurpose","Slimebound:MinionMaster+1","Slimebound:SlimeBrawl+1","Slimebound:AcidTongue","ReplayUltimateDefense","Replay:Sssssssssshield","Slimebound:WasteNot","Slimebound:SplitMire","Slimebound:ServeAndProtect","infinitespire:Punishment","Slimebound:TagTeam"],"relics":["Slimebound:AbsorbEndCombatUpgraded","LetterFromLob","aspiration:HiddenCompartment","qcfpunch:Handcuffs","qcfpunch:Combat_Fatigues","wanderingMiniBosses:MasterThiefsPresence","infinitespire:Joker Card","StoneCalendar","Oddly Smooth Stone","trackpad:WritersBlock","halation:SmartPhone","RoseTintedShades","wanderingMiniBosses:MasterThiefsPresence","hubris:BottledRain","Eternal Feather","conspire:RoyalGoblet","halation:LostSnail","RedLine:ReiMu","paleoftheancients:Timepiece","paleoftheancients:KeyRelic","Spirit Poop","paleoftheancients:SoulOfTheCollector"],"acts_visited":["Exordium","TheCity","TheBeyond","TheBeyond"],"potions_floor_usage":[52,54,54,54],"damage_taken":[{"damage":11.0,"enemies":"Small Slimes","floor":2.0,"turns":3.0},{"damage":32.0,"enemies":"Jaw Worm","floor":3.0,"turns":6.0},{"damage":11.0,"enemies":"Cultist","floor":4.0,"turns":2.0},{"damage":16.0,"enemies":"Exordium Wildlife","floor":5.0,"turns":3.0},{"damage":41.0,"enemies":"Lagavulin","floor":6.0,"turns":5.0},{"damage":19.0,"enemies":"Large Slime","floor":9.0,"turns":5.0},{"damage":31.0,"enemies":"conspire:MimicChest","floor":10.0,"turns":7.0},{"damage":17.0,"enemies":"2 Fungi Beasts","floor":12.0,"turns":4.0},{"damage":8.0,"enemies":"Large Slime","floor":13.0,"turns":4.0},{"damage":9.0,"enemies":"3 Sentries","floor":14.0,"turns":4.0},{"damage":6.0,"enemies":"Lots of Slimes","floor":15.0,"turns":3.0},{"damage":33.0,"enemies":"downfall:Watcher","floor":16.0,"turns":8.0},{"damage":6.0,"enemies":"Spheric Guardian","floor":19.0,"turns":3.0},{"damage":31.0,"enemies":"Snecko","floor":20.0,"turns":3.0},{"damage":29.0,"enemies":"downfall:FleeingMerchant","floor":21.0,"turns":4.0},{"damage":19.0,"enemies":"Snake Plant","floor":22.0,"turns":2.0},{"damage":37.0,"enemies":"Dream Cultist and Chosen","floor":25.0,"turns":6.0},{"damage":28.0,"enemies":"downfall:FleeingMerchant","floor":29.0,"turns":4.0},{"damage":74.0,"enemies":"Nightmare","floor":30.0,"turns":7.0},{"damage":36.0,"enemies":"Centurion and Healer","floor":33.0,"turns":4.0},{"damage":27.0,"enemies":"Snake Plant","floor":34.0,"turns":2.0},{"damage":43.0,"enemies":"downfall:Defect","floor":35.0,"turns":6.0},{"damage":3.0,"enemies":"3 Shapes","floor":38.0,"turns":5.0},{"damage":35.0,"enemies":"Orb Walker","floor":39.0,"turns":3.0},{"damage":6.0,"enemies":"downfall:FleeingMerchant","floor":40.0,"turns":4.0},{"damage":43,"enemies":"4 Shapes","floor":42,"turns":8},{"damage":21,"enemies":"Maw","floor":44,"turns":5},{"damage":37,"enemies":"3 Darklings","floor":46,"turns":4},{"damage":57,"enemies":"Giant Head","floor":48,"turns":7},{"damage":39,"enemies":"Maw","floor":51,"turns":6},{"damage":68,"enemies":"downfall:Silent","floor":52,"turns":4},{"damage":79,"enemies":"downfall:Silent","floor":54,"turns":7},{"damage":229,"enemies":"paleoftheancients:N","floor":55,"turns":10}],"seed_played":"-7643633477925838024","potions_obtained":[{"floor":2.0,"key":"BlessingOfTheForge"},{"floor":5.0,"key":"SCP261:ThunderBarPotion"},{"floor":10.0,"key":"DemoMod:LeadSkinPotion"},{"floor":16.0,"key":"Swift Potion"},{"floor":34.0,"key":"LiquidBronze"},{"floor":44,"key":"Energy Potion"},{"floor":49,"key":"SCP261:BlastolaColaPotion"},{"floor":52,"key":"DistilledChaos"}],"is_trial":false,"path_per_floor":["R","M","M","M","M","E","T","?","M","?","?","M","M","E","M","B",null,"R","M","M","$","M","PTL","PTL","M","T","R","?","$","NM","M","R","M","M","B",null,"R","M","M","$","?","M","T","M","?","M","?","E","?","AVR","M","B",null,"M","B"],"character_chosen":"SLIMEBOUND","items_purchased":["expansioncontent:DarkVoid","StoneCalendar","Slimebound:RainOfGoop","Oddly Smooth Stone","Slimebound:AcidTongue","RoseTintedShades","ReplayUltimateDefense","Replay:Sssssssssshield"],"campfire_rested":0,"item_purchase_floors":[29,29,29,29,40,40,40,41],"current_hp_per_floor":[66,66,53,54,58,45,45,45,50,55,48,55,66,66,66,40,66,66,66,62,66,59,59,59,64,64,64,64,66,42,42,42,62,47,66,66,66,60,57,66,66,63,63,61,55,60,60,66,66,60,66,39,69,69,0,0,0],"gold":1081,"neow_bonus":"TEN_PERCENT_HP_BONUS","is_daily":false,"chose_seed":false,"campfire_upgraded":4,"win_rate":0.0,"timestamp":1610448803,"path_taken":["R","M","M","M","M","E","T","?","M","?","?","M","M","E","M","BOSS","R","M","M","$","M","PTL","PTL","M","T","R","?","$","NM","?","R","M","M","BOSS","R","M","M","$","?","M","T","M","?","?","?","E","?","AVR","M","BOSS","M","BOSS"],"items_purchased_type":["Card","Relic","Card","Relic","Card","Relic","Card","Card"],"build_version":"2020-12-22","purchased_purges":6,"victory":false,"max_hp_per_floor":[66,66,66,66,66,66,66,66,66,66,66,66,66,66,66,66,66,66,66,66,66,66,66,66,66,66,66,66,66,66,66,66,66,66,66,66,66,66,66,66,66,66,66,66,66,66,66,66,66,66,66,66,69,69,69,69,69],"card_choices":[{"not_picked":["Slimebound:SlimeSpikes","Slimebound:ComboTackle"],"picked":"Slimebound:TagTeam","floor":2.0},{"not_picked":["Slimebound:Schlurp","Slimebound:FormOfPuddle"],"picked":"Slimebound:Nibble","floor":3.0},{"not_picked":["Slimebound:SplitLeeching","Slimebound:ComboTackle"],"picked":"Slimebound:GoopSpray","floor":4.0},{"not_picked":["Slimebound:MegaLick","Slimebound:SplitMire"],"picked":"Slimebound:SpikyOuterGoop","floor":5.0},{"not_picked":["Slimebound:FormOfPuddle","Slimebound:RollThrough","Slimebound:ComboTackle"],"picked":"SKIP","floor":6.0},{"not_picked":["Slimebound:ComboTackle","Slimebound:BestDefense"],"picked":"Slimebound:Nibble","floor":9.0},{"not_picked":["Slimebound:MegaLick","Slimebound:RollThrough"],"picked":"Slimebound:ItLooksTasty","floor":10.0},{"not_picked":["Slimebound:LeechingTouch","Slimebound:ComboTackle","Slimebound:SamplingLick"],"picked":"SKIP","floor":12.0},{"not_picked":["Slimebound:GoopSpray","Slimebound:SplitMire"],"picked":"Slimebound:RejuvenatingLick","floor":13.0},{"not_picked":["Slimebound:Gluttony","Slimebound:GrowthPunch"],"picked":"Slimebound:Darklings","floor":14.0},{"not_picked":["Slimebound:Dissolve","Slimebound:SlimeBrawl"],"picked":"Slimebound:Gluttony","floor":15.0},{"not_picked":["Slimebound:OozeBath","Slimebound:CheckThePlaybook"],"picked":"Slimebound:DuplicatedForm","floor":16.0},{"not_picked":["Slimebound:ServeAndProtect","Slimebound:PressTheAttack","Slimebound:ForwardTackle+1"],"picked":"SKIP","floor":19.0},{"not_picked":["Slimebound:LeechingTouch","Slimebound:GoopTackle","Slimebound:FinishingTackle"],"picked":"SKIP","floor":20.0},{"not_picked":["Slimebound:PressTheAttack+1","Slimebound:SlimeSpikes","Slimebound:FinishingTackle+1"],"picked":"SKIP","floor":21.0},{"not_picked":["Slimebound:GrowthPunch","Slimebound:FlameTackle"],"picked":"Slimebound:RainOfGoop","floor":22.0},{"not_picked":["Slimebound:DisruptingSlam","Slimebound:ForwardTackle+1","Slimebound:LeechEnergy"],"picked":"SKIP","floor":25.0},{"not_picked":["Slimebound:GrowthPunch","Slimebound:RollThrough"],"picked":"Slimebound:Teamwork","floor":29.0},{"not_picked":["Slimebound:Schlurp+1","Slimebound:SplitMire+1"],"picked":"Slimebound:MassRepurpose","floor":30.0},{"not_picked":["Slimebound:ComboTackle","Slimebound:PressTheAttack","Slimebound:SplitAcid"],"picked":"SKIP","floor":33.0},{"not_picked":["Slimebound:DivideAndConquer","Slimebound:PressTheAttack","Slimebound:SplitBruiser+1"],"picked":"SKIP","floor":34.0},{"not_picked":["Slimebound:SlimeSlap","Slimebound:DouseInSlime"],"picked":"Slimebound:MinionMaster","floor":35.0},{"not_picked":["Slimebound:DisruptingSlam+1","Slimebound:SplitLeeching","Slimebound:GoopTackle+1"],"picked":"SKIP","floor":38.0},{"not_picked":["Slimebound:ViciousTackle+1","Slimebound:ServeAndProtect"],"picked":"Slimebound:SlimeBrawl+1","floor":39.0},{"not_picked":["Slimebound:SplitAcid","Slimebound:Schlurp+1"],"picked":"Slimebound:WasteNot","floor":42},{"not_picked":["Slimebound:FlameTackle","Slimebound:LeechingTouch+1","Slimebound:Dissolve"],"picked":"SKIP","floor":44},{"not_picked":["Slimebound:RollThrough","Slimebound:GoopSpray"],"picked":"Slimebound:ServeAndProtect","floor":46},{"not_picked":["Slimebound:LeechingTouch","Slimebound:SamplingLick","Slimebound:ViciousTackle+1"],"picked":"SKIP","floor":48},{"not_picked":["Slimebound:Schlurp+1","Slimebound:FinishingTackle","Slimebound:RollThrough+1"],"picked":"SKIP","floor":51},{"not_picked":["Slimebound:WasteNot","Slimebound:Darklings"],"picked":"Slimebound:TagTeam","floor":52},{"not_picked":["Slimebound:ComboTackle","Slimebound:GrowthPunch","Slimebound:SplitMire"],"picked":"SKIP","floor":54}],"player_experience":558473,"relics_obtained":[{"floor":2.0,"key":"LetterFromLob"},{"floor":6.0,"key":"aspiration:HiddenCompartment"},{"floor":7.0,"key":"DemoMod:WeirdEgg"},{"floor":10.0,"key":"qcfpunch:Combat_Fatigues"},{"floor":12.0,"key":"wanderingMiniBosses:MasterThiefsPresence"},{"floor":14.0,"key":"infinitespire:Joker Card"},{"floor":30.0,"key":"trackpad:WritersBlock"},{"floor":42,"key":"wanderingMiniBosses:MasterThiefsPresence"},{"floor":43,"key":"hubris:BottledRain"},{"floor":48,"key":"Eternal Feather"},{"floor":54,"key":"paleoftheancients:SoulOfTheCollector"}],"event_choices":[{"damage_healed":0,"gold_gain":0,"cards_transformed":["Slimebound:Defend_Slimebound"],"player_choice":"Transformed","damage_taken":0,"max_hp_gain":0,"max_hp_loss":0,"event_name":"Transmorgrifier","floor":45,"gold_loss":0,"cards_obtained":["Slimebound:SplitMire"]},{"damage_healed":0,"gold_gain":0,"player_choice":"Got Potions","damage_taken":0,"max_hp_gain":0,"max_hp_loss":0,"event_name":"Lab","floor":49,"gold_loss":0}],"is_beta":false,"boss_relics":[{"not_picked":["Black Star","ReplayTheSpireMod:SealedPack"],"picked":"Slimebound:AbsorbEndCombatUpgraded"},{"not_picked":["energizedSpire:OgreHead","Velvet Choker"],"picked":"halation:SmartPhone"},{"not_picked":["halation:Yufonium","hubris:RunicObelisk"],"picked":"RedLine:ReiMu"}],"items_purged_floors":[21,29,29,40,40,50],"is_endless":true,"potions_floor_spawned":[2,5,10,14,16,22,25,33,34,44,46,52],"killed_by":"paleoftheancients:N","ascension_level":0}}