{"host":"q8niu1x2pgv94o1d","time":1610469110,"event":{"mods":["AchievementEnabler","BaseMod","Colored Map","Colored Powertips","Minty Spire (QoL Compilation)","StSLib"],"gold_per_floor":[114,131,148,163,163,163,198,198,198,213,248,263,107,107,107,204,204,215,215,215,215,235,260,277,277,277,287,104,121,121,147,147,252,252,264,279,279,293,224,253,253,284,284,310,325,341,341,341],"floor_reached":47,"playtime":3662,"items_purged":["Defend_B"],"score":725,"play_id":"776a9604-3469-4277-a6a5-654f6a6b0e99","local_time":"20210112173150","is_ascension_mode":true,"campfire_choices":[{"data":"Lockon","floor":6.0,"key":"SMITH"},{"data":"Hologram","floor":8.0,"key":"SMITH"},{"data":"Genetic Algorithm","floor":15.0,"key":"SMITH"},{"floor":25.0,"key":"REST"},{"floor":32.0,"key":"REST"},{"floor":41.0,"key":"REST"}],"circlet_count":0,"master_deck":["Strike_B+1","Defend_B","Defend_B","Zap","Dualcast+1","Doom and Gloom","Rebound","Lockon+1","Conserve Battery","Hologram+1","Genetic Algorithm+1","Rainbow","Loop","Necronomicurse","Glacier","FTL","Hologram+1","Steam Power+1","Coolheaded","Reboot","Compile Driver+1","Seek","Loop+1"],"relics":["Cracked Core","Singing Bowl","FossilizedHelix","Emotion Chip","ClockworkSouvenir","Fusion Hammer","MutagenicStrength","Necronomicon","Oddly Smooth Stone","Meat on the Bone","Membership Card","Letter Opener","SacredBark","Omamori","Sundial","Unceasing Top","Gambling Chip"],"acts_visited":["Exordium","TheCity","TheBeyond"],"potions_floor_usage":[47,47],"damage_taken":[{"damage":2.0,"enemies":"2 Louse","floor":1.0,"turns":2.0},{"damage":1.0,"enemies":"Cultist","floor":2.0,"turns":3.0},{"damage":3.0,"enemies":"Jaw Worm","floor":3.0,"turns":3.0},{"damage":7.0,"enemies":"Blue Slaver","floor":4.0,"turns":4.0},{"damage":6.0,"enemies":"Lagavulin","floor":7.0,"turns":5.0},{"damage":0.0,"enemies":"Exordium Wildlife","floor":10.0,"turns":4.0},{"damage":10.0,"enemies":"Gremlin Nob","floor":11.0,"turns":4.0},{"damage":0.0,"enemies":"2 Fungi Beasts","floor":12.0,"turns":3.0},{"damage":1.0,"enemies":"Hexaghost","floor":16.0,"turns":7.0},{"damage":11.0,"enemies":"2 Thieves","floor":18.0,"turns":3.0},{"damage":4.0,"enemies":"3 Byrds","floor":22.0,"turns":2.0},{"damage":0.0,"enemies":"Gremlin Leader","floor":23.0,"turns":3.0},{"damage":0.0,"enemies":"Centurion and Healer","floor":24.0,"turns":2.0},{"damage":1.0,"enemies":"Snake Plant","floor":27.0,"turns":3.0},{"damage":0.0,"enemies":"3 Cultists","floor":29.0,"turns":3.0},{"damage":0.0,"enemies":"Book of Stabbing","floor":31.0,"turns":3.0},{"damage":16.0,"enemies":"Champ","floor":33.0,"turns":7.0},{"damage":0.0,"enemies":"3 Shapes","floor":35.0,"turns":3.0},{"damage":0.0,"enemies":"Orb Walker","floor":36.0,"turns":2.0},{"damage":0.0,"enemies":"Sphere and 2 Shapes","floor":38.0,"turns":3.0},{"damage":25.0,"enemies":"Giant Head","floor":40.0,"turns":7.0},{"damage":0.0,"enemies":"Reptomancer","floor":42.0,"turns":4.0},{"damage":0.0,"enemies":"Giant Head","floor":44.0,"turns":6.0},{"damage":0,"enemies":"4 Shapes","floor":45,"turns":3},{"damage":0,"enemies":"Jaw Worm Horde","floor":46,"turns":2},{"damage":0,"enemies":"Maw","floor":47,"turns":1}],"seed_played":"1140984995943868280","potions_obtained":[{"floor":2.0,"key":"Energy Potion"},{"floor":3.0,"key":"Block Potion"},{"floor":10.0,"key":"LiquidBronze"},{"floor":12.0,"key":"LiquidMemories"},{"floor":24.0,"key":"SpeedPotion"},{"floor":31.0,"key":"AttackPotion"}],"is_trial":false,"path_per_floor":["M","M","M","M","?","R","E","R","T","M","E","M","$","?","R","B",null,"M","?","?","?","M","E","M","R","T","M","$","M","$","E","R","B",null,"M","M","?","M","$","E","R","E","T","E","M","M","M"],"character_chosen":"DEFECT","items_purchased":["ClockworkSouvenir","Membership Card","Seek"],"campfire_rested":3,"item_purchase_floors":[13,28,39],"current_hp_per_floor":[66,65,62,55,55,55,51,51,51,51,43,45,45,30,30,29,74,63,63,47,47,43,45,45,67,67,68,68,68,68,68,78,62,78,80,82,82,82,82,57,81,83,83,85,87,89,89,89],"gold":341,"neow_bonus":"TRANSFORM_TWO_CARDS","is_daily":false,"chose_seed":false,"campfire_upgraded":3,"win_rate":0.0,"timestamp":1610469110,"path_taken":["M","M","M","M","?","R","E","R","T","M","E","?","$","?","R","BOSS","M","?","?","?","M","E","M","R","T","M","$","M","?","E","R","BOSS","M","M","?","M","$","E","R","E","T","E","M","M","M"],"items_purchased_type":["Relic","Relic","Card"],"build_version":"2020-12-22","purchased_purges":1,"victory":false,"max_hp_per_floor":[68,68,68,68,68,68,70,70,70,70,72,74,74,74,74,74,74,74,74,74,74,74,76,76,76,76,78,78,78,78,78,78,78,78,80,82,82,82,82,82,82,84,84,86,88,90,90,90],"card_choices":[{"not_picked":["Compile Driver","Barrage"],"picked":"Lockon","floor":1.0},{"not_picked":["Compile Driver","Turbo","Go for the Eyes"],"picked":"SKIP","floor":2.0},{"not_picked":["Loop","Sweeping Beam"],"picked":"Conserve Battery","floor":3.0},{"not_picked":["Hello World","Rebound"],"picked":"Hologram","floor":4.0},{"not_picked":["Sweeping Beam","Beam Cell","Blizzard"],"picked":"Singing Bowl","floor":7.0},{"not_picked":["Barrage","Self Repair"],"picked":"Genetic Algorithm","floor":10.0},{"not_picked":["Leap","Reprogram","Gash"],"picked":"Singing Bowl","floor":11.0},{"not_picked":["Turbo","Skim","Amplify"],"picked":"Singing Bowl","floor":12.0},{"not_picked":["Core Surge","All For One"],"picked":"Rainbow","floor":16.0},{"not_picked":["Go for the Eyes","Recycle"],"picked":"Loop","floor":18.0},{"not_picked":["Conserve Battery+1","Steam"],"picked":"FTL","floor":22.0},{"not_picked":["Double Energy+1","Turbo","Beam Cell"],"picked":"Singing Bowl","floor":23.0},{"not_picked":["Sunder","Gash"],"picked":"Hologram+1","floor":24.0},{"not_picked":["Streamline+1","Go for the Eyes","Ball Lightning"],"picked":"Singing Bowl","floor":27.0},{"not_picked":["Lockon","Recycle"],"picked":"Steam Power+1","floor":29.0},{"not_picked":["Turbo","Capacitor"],"picked":"Coolheaded","floor":31.0},{"not_picked":["Creative AI","Hyperbeam"],"picked":"Reboot","floor":33.0},{"not_picked":["Ball Lightning","Genetic Algorithm+1","Stack+1"],"picked":"Singing Bowl","floor":35.0},{"not_picked":["Go for the Eyes","Storm+1","Sweeping Beam"],"picked":"Singing Bowl","floor":36.0},{"not_picked":["Sweeping Beam","FTL+1"],"picked":"Compile Driver+1","floor":38.0},{"not_picked":["Cold Snap+1","Leap+1"],"picked":"Loop+1","floor":40.0},{"not_picked":["Rebound","Self Repair","Sweeping Beam+1"],"picked":"Singing Bowl","floor":42.0},{"not_picked":["Streamline+1","Reboot","Go for the Eyes+1"],"picked":"Singing Bowl","floor":44.0},{"not_picked":["Blizzard+1","Chill","Skim"],"picked":"Singing Bowl","floor":45},{"not_picked":["Self Repair+1","Streamline","Sweeping Beam+1"],"picked":"Singing Bowl","floor":46}],"player_experience":1796671,"relics_obtained":[{"floor":7.0,"key":"Singing Bowl"},{"floor":9.0,"key":"FossilizedHelix"},{"floor":11.0,"key":"Emotion Chip"},{"floor":20.0,"key":"Necronomicon"},{"floor":23.0,"key":"Oddly Smooth Stone"},{"floor":26.0,"key":"Meat on the Bone"},{"floor":31.0,"key":"Letter Opener"},{"floor":40.0,"key":"Omamori"},{"floor":42.0,"key":"Sundial"},{"floor":43.0,"key":"Unceasing Top"},{"floor":44.0,"key":"Gambling Chip"}],"event_choices":[{"cards_removed":["Strike_B"],"damage_healed":0.0,"max_hp_gain":0.0,"max_hp_loss":0.0,"gold_gain":0.0,"event_name":"Purifier","player_choice":"Purged","floor":5.0,"gold_loss":0.0,"damage_taken":0.0},{"damage_healed":0.0,"max_hp_gain":0.0,"max_hp_loss":0.0,"gold_gain":0.0,"event_name":"Shining Light","player_choice":"Entered Light","floor":14.0,"gold_loss":0.0,"damage_taken":15.0,"cards_upgraded":["Strike_B","Dualcast"]},{"damage_healed":0.0,"max_hp_gain":0.0,"max_hp_loss":0.0,"gold_gain":0.0,"event_name":"Drug Dealer","player_choice":"Inject Mutagens","floor":19.0,"gold_loss":0.0,"damage_taken":0.0,"relics_obtained":["MutagenicStrength"]},{"damage_healed":0.0,"max_hp_gain":0.0,"max_hp_loss":0.0,"gold_gain":0.0,"event_name":"Cursed Tome","player_choice":"Obtained Book","floor":20.0,"gold_loss":0.0,"damage_taken":16.0},{"damage_healed":0.0,"max_hp_gain":0.0,"max_hp_loss":0.0,"gold_gain":0.0,"event_name":"The Library","player_choice":"Read","floor":21.0,"gold_loss":0.0,"damage_taken":0.0,"cards_obtained":["Glacier"]},{"cards_removed":["Strike_B"],"damage_healed":0.0,"max_hp_gain":0.0,"max_hp_loss":0.0,"gold_gain":0.0,"event_name":"Bonfire Elementals","player_choice":"Offered Basic","floor":37.0,"gold_loss":0.0,"damage_taken":0.0}],"is_beta":false,"boss_relics":[{"not_picked":["FrozenCore","Empty Cage"],"picked":"Fusion Hammer"},{"not_picked":["SlaversCollar","Black Star"],"picked":"SacredBark"}],"items_purged_floors":[28],"is_endless":false,"potions_floor_spawned":[2,3,10,12,24,27,29,31,35,36,45,46],"killed_by":"Maw","ascension_level":1}}