{"host":"21h5e52imz35vo8g","time":1610456948,"event":{"mods":["AchievementEnabler","BaseMod","Colored Map","Colored Powertips","Googly Eyes","Minty Spire (QoL Compilation)","Quick Restart","Rare Cards Sparkle","Replay The Spire","StSLib"],"gold_per_floor":[111,111,386,405,422,422,451,451,476,495,495,509,509,524,524,524,524],"floor_reached":16,"playtime":597,"items_purged":[],"score":102,"play_id":"cc8c50b5-06cb-4e31-89b4-48cf7c42ad9a","local_time":"20210112210908","is_ascension_mode":false,"campfire_choices":[{"data":"Streamline","floor":6,"key":"SMITH"},{"floor":8,"key":"REST"},{"floor":11,"key":"REST"},{"floor":15,"key":"REST"}],"circlet_count":0,"master_deck":["Strike_B","Strike_B","Strike_B","Strike_B","Defend_B","Defend_B","Defend_B","Defend_B","Zap","Dualcast","Voices","Regret","Streamline+1","ReplayGash","Replay:Bootleg Shield Generator"],"relics":["Black Star","ReplayTheSpireMod:Ring of Exchange","ReplayTheSpireMod:TigerMarble","Snack Pack","Art of War"],"acts_visited":["Exordium"],"potions_floor_usage":[],"damage_taken":[{"damage":1,"enemies":"Jaw Worm","floor":1,"turns":4},{"damage":13,"enemies":"2 Louse","floor":4,"turns":5},{"damage":9,"enemies":"Cultist","floor":5,"turns":4},{"damage":45,"enemies":"Lagavulin","floor":7,"turns":8},{"damage":15,"enemies":"Large Slime","floor":10,"turns":6},{"damage":13,"enemies":"Red Slaver","floor":12,"turns":2},{"damage":21,"enemies":"Looter","floor":14,"turns":3},{"damage":0,"enemies":"The Guardian","floor":16,"turns":2}],"seed_played":"8359631061468730740","potions_obtained":[{"floor":1,"key":"Dexterity Potion"},{"floor":5,"key":"Energy Potion"},{"floor":14,"key":"Regen Potion"}],"is_trial":false,"path_per_floor":["M","?","?","M","M","R","E","R","T","M","R","M","?","M","R","B"],"character_chosen":"DEFECT","items_purchased":[],"campfire_rested":3,"item_purchase_floors":[],"current_hp_per_floor":[74,74,74,61,52,52,7,29,29,14,36,25,25,6,28,28,28],"gold":524,"neow_bonus":"BOSS_RELIC","is_daily":false,"chose_seed":false,"campfire_upgraded":1,"win_rate":0.0,"timestamp":1610456948,"path_taken":["M","?","?","?","M","R","E","R","T","M","R","M","?","M","R","BOSS"],"items_purchased_type":[],"build_version":"2020-12-22","purchased_purges":0,"victory":false,"max_hp_per_floor":[75,75,75,75,75,75,75,75,75,75,75,75,75,75,75,75,75],"card_choices":[{"not_picked":["ReplaySolidLightProjector","Steam","BootSequence"],"picked":"SKIP","floor":1},{"not_picked":["Defragment","Compile Driver","Steam"],"picked":"SKIP","floor":4},{"not_picked":["Consume","Hologram"],"picked":"Streamline","floor":5},{"not_picked":["Stack","Barrage","ReplayTheSpireMod:Omega Cannon"],"picked":"SKIP","floor":7},{"not_picked":["Tempest","Leap"],"picked":"ReplayGash","floor":10},{"not_picked":["Panic Button","Self Repair","Genetic Algorithm"],"picked":"SKIP","floor":12},{"not_picked":["Stack","Sweeping Beam","Turbo"],"picked":"SKIP","floor":14}],"player_experience":324437,"relics_obtained":[{"floor":2,"key":"ReplayTheSpireMod:Ring of Exchange"},{"floor":7,"key":"ReplayTheSpireMod:TigerMarble"},{"floor":7,"key":"Snack Pack"},{"floor":9,"key":"Art of War"}],"event_choices":[{"damage_healed":0,"gold_gain":275,"player_choice":"Desecrate","damage_taken":0,"max_hp_gain":0,"max_hp_loss":0,"event_name":"Golden Shrine","floor":3,"gold_loss":0,"cards_obtained":["Regret"]},{"damage_healed":0,"gold_gain":0,"player_choice":"1 cards matched","damage_taken":0,"max_hp_gain":0,"max_hp_loss":0,"event_name":"Match and Keep!","floor":13,"gold_loss":0,"cards_obtained":["Replay:Bootleg Shield Generator"]}],"is_beta":false,"boss_relics":[],"items_purged_floors":[],"is_endless":false,"potions_floor_spawned":[1,5,14],"killed_by":"The Guardian","ascension_level":0}}