{"host":"avjwtc49fhlk6kym","time":1610495932,"event":{"mods":["AchievementEnabler","BaseMod","Better Match","Better Note","Better Third Choice","Colored Map","Colored Powertips","Displayed Cursed Tome","Highlight Path","Minty Spire (QoL Compilation)","Permanent Neow","Quick Restart","StSLib"],"gold_per_floor":[119,119,134,60,25,25,69,119,154,166,201,213,241,59,59,189,189,209,228,228,246,246,246,260,21,46,70,95,116,116,116],"floor_reached":30,"language":"ENG","playtime":1037,"items_purged":["Defend_P"],"score":232,"play_id":"bba16603-4684-4ce1-aa30-5d5274243112","local_time":"20210112185852","is_ascension_mode":false,"campfire_choices":[{"data":"BattleHymn","floor":6.0,"key":"SMITH"},{"floor":10.0,"key":"REST"},{"data":"Ragnarok","floor":12.0,"key":"SMITH"},{"data":"CrushJoints","floor":15.0,"key":"SMITH"},{"data":"CrushJoints","floor":23.0,"key":"SMITH"}],"circlet_count":0,"master_deck":["Strike_P","Strike_P","Strike_P","Strike_P","Defend_P","Defend_P","Defend_P","Eruption","Vigilance","Ragnarok+1","CrushJoints","BowlingBash","BattleHymn+1","Judgement","WheelKick","Protect","LikeWater","CrushJoints+1","LessonLearned","CurseOfTheBell","FearNoEvil","CrushJoints+1","Ragnarok+1","Establishment","BowlingBash+1","DeusExMachina"],"relics":["PureWater","Golden Idol","MawBank","Odd Mushroom","MealTicket","Calling Bell","Anchor","Singing Bowl","FossilizedHelix","Shuriken","Omamori"],"acts_visited":["Exordium","TheCity"],"potions_floor_usage":[24,24,29,30],"damage_taken":[{"damage":6.0,"enemies":"Jaw Worm","floor":1.0,"turns":3.0},{"damage":1.0,"enemies":"2 Louse","floor":3.0,"turns":3.0},{"damage":23.0,"enemies":"3 Sentries","floor":7.0,"turns":6.0},{"damage":9.0,"enemies":"The Mushroom Lair","floor":8.0,"turns":3.0},{"damage":7.0,"enemies":"Small Slimes","floor":11.0,"turns":2.0},{"damage":2.0,"enemies":"Blue Slaver","floor":13.0,"turns":2.0},{"damage":34.0,"enemies":"The Guardian","floor":16.0,"turns":10.0},{"damage":14.0,"enemies":"3 Byrds","floor":18.0,"turns":6.0},{"damage":20.0,"enemies":"2 Thieves","floor":19.0,"turns":4.0},{"damage":0.0,"enemies":"Sentry and Sphere","floor":21.0,"turns":4.0},{"damage":0,"enemies":"Centurion and Healer","floor":24,"turns":1},{"damage":17,"enemies":"Snake Plant","floor":27,"turns":5},{"damage":0,"enemies":"Snecko","floor":28,"turns":3},{"damage":18,"enemies":"Sentry and Sphere","floor":29,"turns":5},{"damage":24,"enemies":"Book of Stabbing","floor":30,"turns":4}],"seed_played":"-2648288594339637954","potions_obtained":[{"floor":7.0,"key":"LiquidBronze"},{"floor":11.0,"key":"DuplicationPotion"},{"floor":13.0,"key":"Ancient Potion"},{"floor":19.0,"key":"DuplicationPotion"},{"floor":21.0,"key":"Energy Potion"},{"floor":24,"key":"Ancient Potion"},{"floor":29,"key":"ColorlessPotion"}],"is_trial":false,"path_per_floor":["M","?","M","$","?","R","E","?","T","R","M","R","M","$","R","B",null,"M","M","?","M","?","R","M","$","T","M","M","M","E"],"character_chosen":"WATCHER","items_purchased":["BattleHymn","LikeWater","CrushJoints","Shuriken"],"campfire_rested":1,"item_purchase_floors":[4,14,14,25],"current_hp_per_floor":[66,48,47,47,65,65,42,33,33,54,47,47,45,60,60,26,72,58,40,40,40,40,40,40,55,55,38,40,22,0,0],"gold":116,"neow_bonus":"ONE_RANDOM_RARE_CARD","is_daily":false,"chose_seed":false,"campfire_upgraded":4,"win_rate":0.0,"timestamp":1610495932,"path_taken":["M","?","M","$","?","R","E","?","T","R","M","R","M","?","R","BOSS","M","M","?","M","?","R","M","$","T","?","M","M","E"],"items_purchased_type":["Card","Card","Card","Relic"],"build_version":"2020-12-22","purchased_purges":1,"victory":false,"max_hp_per_floor":[72,72,72,72,72,72,72,72,72,72,72,72,72,72,72,72,72,72,74,74,74,74,74,74,74,74,74,76,76,76,76],"card_choices":[{"not_picked":["Halt","ReachHeaven"],"picked":"CrushJoints","floor":1.0},{"not_picked":["Protect","Evaluate"],"picked":"BowlingBash","floor":3.0},{"not_picked":["FollowUp","Crescendo"],"picked":"Judgement","floor":7.0},{"not_picked":["Pray","Prostrate"],"picked":"WheelKick","floor":8.0},{"not_picked":["Prostrate","Vengeance"],"picked":"Protect","floor":11.0},{"not_picked":["BattleHymn","Weave","Halt"],"picked":"SKIP","floor":13.0},{"not_picked":["Brilliance","Vault"],"picked":"LessonLearned","floor":16.0},{"not_picked":["Wireheading","CarveReality"],"picked":"FearNoEvil","floor":18.0},{"not_picked":["CutThroughFate","TalkToTheHand+1","Vengeance+1"],"picked":"Singing Bowl","floor":19.0},{"not_picked":["ThirdEye","Vengeance"],"picked":"CrushJoints","floor":21.0},{"not_picked":["EmptyFist","JustLucky+1"],"picked":"Establishment","floor":24},{"not_picked":["Perseverance","FollowUp"],"picked":"BowlingBash+1","floor":27},{"not_picked":["FlurryOfBlows","EmptyFist+1","Study"],"picked":"Singing Bowl","floor":28},{"not_picked":["FlurryOfBlows+1","EmptyFist+1"],"picked":"DeusExMachina","floor":29}],"player_experience":376537,"relics_obtained":[{"floor":7.0,"key":"MawBank"},{"floor":8.0,"key":"Odd Mushroom"},{"floor":9.0,"key":"MealTicket"},{"floor":17.0,"key":"Anchor"},{"floor":17.0,"key":"Singing Bowl"},{"floor":17.0,"key":"FossilizedHelix"},{"floor":26,"key":"Omamori"}],"event_choices":[{"damage_healed":0.0,"max_hp_gain":0.0,"max_hp_loss":0.0,"gold_gain":0.0,"event_name":"Golden Idol","player_choice":"Take Damage","floor":2.0,"gold_loss":0.0,"damage_taken":18.0,"relics_obtained":["Golden Idol"]},{"damage_healed":18.0,"max_hp_gain":0.0,"max_hp_loss":0.0,"gold_gain":0.0,"event_name":"The Cleric","player_choice":"Healed","floor":5.0,"gold_loss":35.0,"damage_taken":0.0},{"damage_healed":0.0,"max_hp_gain":0.0,"max_hp_loss":0.0,"gold_gain":0.0,"event_name":"Mushrooms","player_choice":"Fought Mushrooms","floor":8.0,"gold_loss":0.0,"damage_taken":0.0},{"cards_removed":["Strike_P"],"damage_healed":0.0,"max_hp_gain":0.0,"max_hp_loss":0.0,"gold_gain":0.0,"event_name":"betterNote:BetterNote","player_choice":"Give","floor":20.0,"gold_loss":0.0,"damage_taken":0.0,"cards_obtained":["Strike_P"]},{"damage_healed":0.0,"max_hp_gain":0.0,"max_hp_loss":0.0,"gold_gain":0.0,"event_name":"Duplicator","player_choice":"Copied","floor":22.0,"gold_loss":0.0,"damage_taken":0.0,"cards_obtained":["Ragnarok"]}],"is_beta":false,"boss_relics":[{"not_picked":["Runic Pyramid","Tiny House"],"picked":"Calling Bell"}],"items_purged_floors":[14],"is_endless":false,"potions_floor_spawned":[7,11,13,19,21,24,29],"killed_by":"Book of Stabbing","ascension_level":0}}