{"host":"9d9dhukr2jywmy0f","time":1610452712,"event":{"mods":["2.2 Compatiblity","Alarm Clock","BaseMod","Bestiary","Block Reminder","Colored Map","Colored Powertips","Curses Come First","DeckTracker","Highlight Path","Key Reminder","Marisa£®ÏF”Í°°ƒß¿Ì…≥£©","Minty Spire (QoL Compilation)","Quick Restart","Rare Cards Sparkle","Relic Sorter","Relic Stats","Spire Birthday Party","StSLib","SuperFastMode","Synergy Search","Unceasing Turn Reminder","Unknown Chances"],"gold_per_floor":[117,192,192,192,192,192,48,48,73,87,127,52,71,112,112,241,241,256,274,274,25,48,79,79,99,122,156,156,172,188,113,113,232,232,251,272,297,322,44,44,63,83,152,485,485,503,5,5,5,5],"floor_reached":51,"playtime":2766,"items_purged":["Strike_MRS","Strike_MRS","Strike_MRS+1"],"score":1183,"play_id":"5324f1db-ed25-4956-8723-1200b34543d8","local_time":"20210112195832","is_ascension_mode":true,"campfire_choices":[{"data":"PulseMagic","floor":6.0,"key":"SMITH"},{"data":"MasterSpark","floor":8.0,"key":"SMITH"},{"data":"MilkyWay","floor":15.0,"key":"SMITH"},{"floor":24.0,"key":"REST"},{"floor":28.0,"key":"REST"},{"floor":32.0,"key":"REST"},{"data":"PowerUp","floor":40.0,"key":"SMITH"},{"data":"MilkyWay","floor":45.0,"key":"SMITH"},{"floor":49,"key":"REST"}],"circlet_count":0,"master_deck":["AscendersBane","Defend_MRS","Defend_MRS","Defend_MRS+1","Defend_MRS+1","MasterSpark+1","UpSweep+1","PulseMagic+1","MilkyWay+1","SprinkleStarSeal","PropBag","6A","CurseOfTheBell","PowerUp+1","EnergyRecoil","GalacticHalo","GalacticHalo","Acceleration+1","6A","OneTimeOff+1","SporeBomb","MilkyWay+1"],"relics":["MiniHakkero","NeowsBlessing","Centennial Puzzle","War Paint","Bag of Marbles","Anchor","Calling Bell","Boot","Sundial","CaptainsWheel","Question Card","Happy Flower","Orichalcum","MealTicket","Omamori","Busted Crown","Nunchaku","Kunai","MagicBroom","Pen Nib"],"acts_visited":["Exordium","TheCity","TheBeyond"],"potions_floor_usage":[50],"damage_taken":[{"damage":0.0,"enemies":"2 Louse","floor":1.0,"turns":1.0},{"damage":0.0,"enemies":"Small Slimes","floor":10.0,"turns":1.0},{"damage":0.0,"enemies":"Gremlin Nob","floor":11.0,"turns":1.0},{"damage":1.0,"enemies":"Jaw Worm","floor":13.0,"turns":2.0},{"damage":0.0,"enemies":"Lagavulin","floor":14.0,"turns":7.0},{"damage":20.0,"enemies":"Hexaghost","floor":16.0,"turns":9.0},{"damage":10.0,"enemies":"3 Byrds","floor":18.0,"turns":8.0},{"damage":6.0,"enemies":"Chosen","floor":19.0,"turns":5.0},{"damage":7.0,"enemies":"Sentry and Sphere","floor":22.0,"turns":5.0},{"damage":31.0,"enemies":"Gremlin Leader","floor":23.0,"turns":9.0},{"damage":9.0,"enemies":"Cultist and Chosen","floor":25.0,"turns":7.0},{"damage":6.0,"enemies":"Book of Stabbing","floor":27.0,"turns":9.0},{"damage":14.0,"enemies":"Snecko","floor":29.0,"turns":7.0},{"damage":13.0,"enemies":"Centurion and Healer","floor":30.0,"turns":4.0},{"damage":32.0,"enemies":"Automaton","floor":33.0,"turns":13.0},{"damage":9.0,"enemies":"3 Darklings","floor":35.0,"turns":8.0},{"damage":0.0,"enemies":"3 Shapes","floor":36.0,"turns":6.0},{"damage":16.0,"enemies":"Spire Growth","floor":37.0,"turns":7.0},{"damage":31.0,"enemies":"Transient","floor":38.0,"turns":5.0},{"damage":16.0,"enemies":"Jaw Worm Horde","floor":41.0,"turns":7.0},{"damage":0.0,"enemies":"4 Shapes","floor":42.0,"turns":10.0},{"damage":17.0,"enemies":"Transient","floor":46.0,"turns":5.0},{"damage":31,"enemies":"Donu and Deca","floor":50,"turns":8}],"seed_played":"3555294270906473226","potions_obtained":[{"floor":10.0,"key":"Dexterity Potion"},{"floor":11.0,"key":"SteroidPotion"},{"floor":16.0,"key":"Weak Potion"},{"floor":23.0,"key":"DuplicationPotion"},{"floor":25.0,"key":"Dexterity Potion"},{"floor":30.0,"key":"Weak Potion"},{"floor":33.0,"key":"Ancient Potion"},{"floor":35.0,"key":"FairyPotion"},{"floor":37.0,"key":"ColorlessPotion"},{"floor":42.0,"key":"Ancient Potion"}],"is_trial":false,"path_per_floor":["M","?","?","?","?","R","?","R","T","M","E","$","M","E","R","B",null,"M","M","T","$","M","E","R","M","T","E","R","M","M","?","R","B",null,"M","M","M","M","$","R","M","M","T","?","R","M","$","?","R","B",null],"character_chosen":"MARISA","items_purchased":["Happy Flower","Nunchaku","MagicBroom","Pen Nib","Swift Potion"],"campfire_rested":4,"item_purchase_floors":[21,39,47,47,47],"current_hp_per_floor":[68,57,57,42,42,42,42,42,42,42,42,42,41,41,41,21,57,47,41,41,41,34,3,23,14,14,8,28,14,13,13,33,1,52,43,43,27,32,47,47,31,31,31,31,31,14,29,29,49,18],"gold":5,"neow_bonus":"THREE_ENEMY_KILL","is_daily":false,"chose_seed":false,"campfire_upgraded":5,"win_rate":0.0,"timestamp":1610452712,"path_taken":["M","?","?","?","?","R","?","R","T","M","E","$","?","E","R","BOSS","M","M","?","$","M","E","R","M","T","E","R","M","M","?","R","BOSS","BOSS","M","M","M","M","$","R","M","M","T","?","R","M","$","?","R","BOSS"],"items_purchased_type":["Relic","Relic","Relic","Relic","Potion"],"build_version":"2020-11-30","purchased_purges":3,"victory":true,"max_hp_per_floor":[75,75,75,75,69,69,69,69,69,69,69,69,69,69,69,69,69,69,69,69,69,69,69,69,69,69,69,69,69,69,69,69,69,69,69,69,69,69,69,69,69,69,69,69,69,69,69,69,69,69],"relic_stats":{"Happy Flower":[36],"counters":[23,144],"Pen Nib":[0],"War Paint":["Defend_MRS","Defend_MRS"],"Orichalcum":[6],"Boot":[20],"Question Card":15,"Centennial Puzzle":[51],"Nunchaku":[2],"Busted Crown":14,"Sundial":[28],"MealTicket":30,"Kunai":[5],"obtain_stats":[{"AmplifyWand":18,"Gremlin Horn":14,"Boot":17,"Centennial Puzzle":7,"Nunchaku":39,"Sundial":17,"Mummified Hand":29,"MealTicket":26,"Kunai":16,"MagicBroom":47,"NeowsBlessing":0,"Happy Flower":21,"Golden Idol":5,"Blue Candle":22,"Pen Nib":47,"Omamori":27,"Letter Opener":19,"War Paint":9,"Orichalcum":23,"Question Card":20,"Calling Bell":17,"Anchor":14,"CaptainsWheel":17,"Busted Crown":34,"Ornamental Fan":25,"Shuriken":35,"Bag of Marbles":11,"MiniHakkero":0,"Meat on the Bone":30},{"AmplifyWand":7,"Gremlin Horn":5,"Boot":6,"Centennial Puzzle":1,"Nunchaku":19,"Sundial":6,"Mummified Hand":13,"MealTicket":11,"Kunai":6,"MagicBroom":22,"NeowsBlessing":0,"Happy Flower":8,"Golden Idol":1,"Blue Candle":9,"Pen Nib":22,"Omamori":12,"Letter Opener":8,"War Paint":1,"Orichalcum":10,"Question Card":8,"Calling Bell":6,"Anchor":5,"CaptainsWheel":6,"Busted Crown":15,"Ornamental Fan":11,"Shuriken":16,"Bag of Marbles":3,"MiniHakkero":0,"Meat on the Bone":14},{"AmplifyWand":24,"Gremlin Horn":6,"Boot":21,"Centennial Puzzle":1,"Nunchaku":114,"Sundial":21,"Mummified Hand":69,"MealTicket":55,"Kunai":14,"MagicBroom":136,"NeowsBlessing":0,"Happy Flower":34,"Golden Idol":1,"Blue Candle":36,"Pen Nib":136,"Omamori":64,"Letter Opener":32,"War Paint":1,"Orichalcum":48,"Question Card":34,"Calling Bell":21,"Anchor":12,"CaptainsWheel":21,"Busted Crown":88,"Ornamental Fan":49,"Shuriken":90,"Bag of Marbles":3,"MiniHakkero":0,"Meat on the Bone":74}]},"card_choices":[{"not_picked":["ShootingEcho","DragonMeteor"],"picked":"PulseMagic","floor":1.0},{"not_picked":["StarBarrage","EarthLightRay"],"picked":"MilkyWay","floor":10.0},{"not_picked":["DoubleSpark","SuperPerseids"],"picked":"SprinkleStarSeal","floor":11.0},{"not_picked":["LuminesStrike","UnstableBomb"],"picked":"PropBag","floor":13.0},{"not_picked":["UnstableBomb","DeepEcoloBomb"],"picked":"6A","floor":14.0},{"not_picked":["DoubleSpark","DarkSpark","LuminesStrike+1"],"picked":"SKIP","floor":18.0},{"not_picked":["SporeBomb","OrrerysSun"],"picked":"PowerUp","floor":19.0},{"not_picked":["AsteroidBelt","BlazeAway","DragonMeteor","DeepEcoloBomb+1"],"picked":"SKIP","floor":22.0},{"not_picked":["UnstableBomb","WitchLeyline","FinalSpark"],"picked":"EnergyRecoil","floor":23.0},{"not_picked":["MachineGunSpark","UnstableBomb+1","StarlightTyphoon"],"picked":"GalacticHalo","floor":25.0},{"not_picked":["Orbital","NonDirectionalLaser","DragonMeteor+1"],"picked":"GalacticHalo","floor":27.0},{"not_picked":["NonDirectionalLaser","AlicesGift","WitchOfGreed","Occultation"],"picked":"SKIP","floor":29.0},{"not_picked":["MysteriousBeam","EventHorizon","GravityBeat+1"],"picked":"Acceleration+1","floor":30.0},{"not_picked":["GrandCross","NonDirectionalLaser"],"picked":"SKIP","floor":35.0},{"not_picked":["DoubleSpark"],"picked":"6A","floor":36.0},{"not_picked":["MagicAbsorber+1","GasGiant"],"picked":"SKIP","floor":37.0},{"not_picked":["MachineGunSpark+1"],"picked":"OneTimeOff+1","floor":38.0},{"not_picked":["WitchLeyline"],"picked":"SporeBomb","floor":41.0},{"not_picked":["OortCloud+1"],"picked":"MilkyWay","floor":42.0},{"not_picked":["WitchOfGreed+1","Robbery"],"picked":"SKIP","floor":46.0}],"player_experience":875501,"relics_obtained":[{"floor":9.0,"key":"War Paint"},{"floor":11.0,"key":"Bag of Marbles"},{"floor":14.0,"key":"Anchor"},{"floor":17.0,"key":"Boot"},{"floor":17.0,"key":"Sundial"},{"floor":17.0,"key":"CaptainsWheel"},{"floor":20.0,"key":"Question Card"},{"floor":23.0,"key":"Orichalcum"},{"floor":26.0,"key":"MealTicket"},{"floor":27.0,"key":"Omamori"},{"floor":43.0,"key":"Kunai"}],"event_choices":[{"damage_healed":0.0,"max_hp_gain":0.0,"max_hp_loss":0.0,"gold_gain":75.0,"event_name":"World of Goop","player_choice":"Gather Gold","floor":2.0,"gold_loss":0.0,"damage_taken":11.0},{"damage_healed":0.0,"max_hp_gain":0.0,"max_hp_loss":0.0,"gold_gain":0.0,"event_name":"Liars Game","player_choice":"Ignored","floor":3.0,"gold_loss":0.0,"damage_taken":0.0},{"damage_healed":0.0,"max_hp_gain":0.0,"max_hp_loss":0.0,"gold_gain":0.0,"event_name":"Shining Light","player_choice":"Entered Light","floor":4.0,"gold_loss":0.0,"damage_taken":15.0,"cards_upgraded":["UpSweep","Strike_MRS"]},{"damage_healed":0.0,"max_hp_gain":0.0,"max_hp_loss":6.0,"gold_gain":0.0,"event_name":"Golden Idol","player_choice":"Lose Max HP","floor":5.0,"gold_loss":0.0,"damage_taken":0.0,"relics_obtained":["Golden Idol"]},{"damage_healed":0.0,"max_hp_gain":0.0,"max_hp_loss":0.0,"gold_gain":0.0,"event_name":"WeMeetAgain","player_choice":"Paid Gold","floor":7.0,"gold_loss":144.0,"damage_taken":0.0,"relics_obtained":["Centennial Puzzle"]},{"cards_removed":["Strike_MRS"],"damage_healed":0.0,"max_hp_gain":0.0,"max_hp_loss":0.0,"gold_gain":0.0,"event_name":"Beggar","player_choice":"Gave Gold","floor":31.0,"gold_loss":75.0,"damage_taken":0.0},{"damage_healed":0.0,"max_hp_gain":0.0,"max_hp_loss":0.0,"gold_gain":333.0,"event_name":"The Moai Head","player_choice":"Gave Idol","floor":44.0,"relics_lost":["Golden Idol"],"gold_loss":0.0,"damage_taken":0.0},{"damage_healed":0,"gold_gain":0,"player_choice":"Ignored","damage_taken":0,"max_hp_gain":0,"max_hp_loss":0,"event_name":"OrinTheCat","floor":48,"gold_loss":0}],"is_beta":false,"boss_relics":[{"not_picked":["SlaversCollar","Tiny House"],"picked":"Calling Bell"},{"not_picked":["Pandora\u0027s Box","BewitchedHakkero"],"picked":"Busted Crown"}],"items_purged_floors":[12,21,39],"is_endless":false,"potions_floor_spawned":[10,11,16,23,25,30,33,35,37,42],"ascension_level":10}}