{"host":"h4lp0eeso8a0ssq0","time":1610471332,"event":{"mods":["2.2 Compatiblity","AchievementEnabler","BaseMod","CapriCore","Colored Map","Minty Spire (QoL Compilation)","StSLib","SuperFastMode"],"gold_per_floor":[118,118,128,128,148,148,159,159,159,32,32,63,79,92,92,195,195,215,59,73,91,106,106,106,106],"floor_reached":24,"playtime":1026,"items_purged":["Strike_G"],"score":375,"play_id":"e0d5845d-9abd-414e-afc1-1206d5565cd3","local_time":"20210113020852","is_ascension_mode":true,"campfire_choices":[{"data":"Poisoned Stab","floor":6.0,"key":"SMITH"},{"data":"Malaise","floor":8.0,"key":"SMITH"},{"data":"Deadly Poison","floor":15.0,"key":"SMITH"},{"floor":23,"key":"REST"}],"circlet_count":0,"master_deck":["AscendersBane","Strike_G","Strike_G","Strike_G","Defend_G","Defend_G","Defend_G","Defend_G","Defend_G","Survivor","Neutralize","Corpse Explosion","Poisoned Stab+1","Well Laid Plans+1","Malaise+1","Flying Knee","Footwork+1","Backflip","Accuracy+1","Deadly Poison+1","Masterful Stab","After Image+1","Endless Agony","Footwork+1","Backflip+1","Deadly Poison"],"relics":["Ring of the Snake","Frozen Egg 2","Singing Bowl","Tough Bandages","Black Star"],"acts_visited":["Exordium","TheCity"],"potions_floor_usage":[21],"damage_taken":[{"damage":4.0,"enemies":"Jaw Worm","floor":1.0,"turns":6.0},{"damage":0.0,"enemies":"Small Slimes","floor":3.0,"turns":2.0},{"damage":0.0,"enemies":"2 Louse","floor":5.0,"turns":4.0},{"damage":6.0,"enemies":"Red Slaver","floor":7.0,"turns":6.0},{"damage":25.0,"enemies":"Gremlin Nob","floor":12.0,"turns":5.0},{"damage":4.0,"enemies":"Looter","floor":13.0,"turns":4.0},{"damage":9.0,"enemies":"Large Slime","floor":14.0,"turns":7.0},{"damage":0.0,"enemies":"Hexaghost","floor":16.0,"turns":9.0},{"damage":2,"enemies":"Chosen","floor":18,"turns":7},{"damage":11,"enemies":"Spheric Guardian","floor":20,"turns":7},{"damage":21,"enemies":"Snake Plant","floor":21,"turns":5},{"damage":10,"enemies":"Snecko","floor":22,"turns":7},{"damage":43,"enemies":"Gremlin Leader","floor":24,"turns":3}],"seed_played":"4294451747114117540","potions_obtained":[{"floor":5.0,"key":"DistilledChaos"},{"floor":7.0,"key":"Regen Potion"},{"floor":20,"key":"PowerPotion"}],"is_trial":false,"path_per_floor":["M","?","M","?","M","R","M","R","T","$","?","E","M","M","R","B",null,"M","$","M","M","M","R","E"],"character_chosen":"THE_SILENT","items_purchased":["Footwork+1","Backflip","Footwork+1"],"campfire_rested":1,"item_purchase_floors":[10,10,19],"current_hp_per_floor":[59,41,41,41,41,41,35,35,35,35,35,25,23,14,14,14,58,56,56,47,26,16,38,0,0],"gold":106,"neow_bonus":"ONE_RANDOM_RARE_CARD","is_daily":false,"chose_seed":false,"campfire_upgraded":3,"win_rate":0.0,"timestamp":1610471332,"path_taken":["M","?","M","?","M","R","M","R","T","$","?","E","?","M","R","BOSS","M","$","M","M","M","R","E"],"items_purchased_type":["Card","Card","Card"],"build_version":"2020-12-22","purchased_purges":1,"victory":false,"max_hp_per_floor":[70,70,70,70,70,70,70,70,70,70,70,70,72,72,72,72,72,72,72,74,74,74,74,74,74],"card_choices":[{"not_picked":["Sucker Punch","Dodge and Roll"],"picked":"Poisoned Stab","floor":1.0},{"not_picked":["Choke","Prepared"],"picked":"Well Laid Plans+1","floor":3.0},{"not_picked":["Masterful Stab","Deadly Poison"],"picked":"Malaise","floor":5.0},{"not_picked":["Quick Slash","Slice"],"picked":"Flying Knee","floor":7.0},{"not_picked":["Glass Knife","Backstab"],"picked":"Deadly Poison","floor":12.0},{"not_picked":["Sucker Punch","Dagger Spray","Predator"],"picked":"Singing Bowl","floor":13.0},{"not_picked":["Eviscerate","Slice"],"picked":"Masterful Stab","floor":14.0},{"not_picked":["Die Die Die","Venomology"],"picked":"After Image+1","floor":16.0},{"not_picked":["Outmaneuver","Leg Sweep"],"picked":"Endless Agony","floor":18},{"not_picked":["PiercingWail+1","Prepared","Infinite Blades+1"],"picked":"Singing Bowl","floor":20},{"not_picked":["Dash","Cloak And Dagger+1"],"picked":"Backflip+1","floor":21},{"not_picked":["Blade Dance","Reflex"],"picked":"Deadly Poison","floor":22}],"player_experience":144363,"relics_obtained":[{"floor":9.0,"key":"Singing Bowl"},{"floor":12.0,"key":"Tough Bandages"}],"event_choices":[{"damage_healed":0.0,"max_hp_gain":0.0,"max_hp_loss":0.0,"gold_gain":0.0,"event_name":"Scrap Ooze","player_choice":"Success","floor":2.0,"gold_loss":0.0,"damage_taken":18.0,"relics_obtained":["Frozen Egg 2"]},{"damage_healed":0.0,"max_hp_gain":0.0,"max_hp_loss":0.0,"gold_gain":0.0,"event_name":"Liars Game","player_choice":"Ignored","floor":4.0,"gold_loss":0.0,"damage_taken":0.0},{"damage_healed":0.0,"max_hp_gain":0.0,"max_hp_loss":0.0,"gold_gain":0.0,"cards_transformed":["Strike_G"],"event_name":"Transmorgrifier","player_choice":"Transformed","floor":11.0,"gold_loss":0.0,"damage_taken":0.0,"cards_obtained":["Accuracy"]}],"is_beta":false,"boss_relics":[{"not_picked":["WristBlade","Pandora\u0027s Box"],"picked":"Black Star"}],"items_purged_floors":[19],"is_endless":false,"potions_floor_spawned":[5,7,20],"killed_by":"Gremlin Leader","ascension_level":10}}