{"host":"5icjlaq41ghjcr7h","time":1610450563,"event":{"mods":["AchievementEnabler","BaseMod","Colored Map","Minty Spire (QoL Compilation)","SuperFastMode","everything is the same but u backflip on backflip"],"gold_per_floor":[20,32,49,59,70,100,100,100,100],"floor_reached":8,"playtime":365,"items_purged":[],"score":66,"play_id":"320aa5c5-2bad-4e53-87d1-d27f432e02a2","local_time":"20210112202243","is_ascension_mode":true,"campfire_choices":[{"data":"Feed","floor":7,"key":"SMITH"}],"circlet_count":0,"master_deck":["Strike_R","Strike_R","Strike_R","Defend_R","Defend_R","Defend_R","Defend_R","Bash","Seeing Red","Rampage","Body Slam","Feed+1","Power Through","Sever Soul","Fire Breathing"],"relics":["Burning Blood","Boot"],"acts_visited":["Exordium"],"potions_floor_usage":[4,5,5],"damage_taken":[{"damage":1,"enemies":"Cultist","floor":1,"turns":3},{"damage":7,"enemies":"Jaw Worm","floor":2,"turns":2},{"damage":10,"enemies":"Small Slimes","floor":3,"turns":3},{"damage":8,"enemies":"3 Louse","floor":4,"turns":4},{"damage":0,"enemies":"Gremlin Gang","floor":5,"turns":3},{"damage":34,"enemies":"3 Sentries","floor":6,"turns":11},{"damage":66,"enemies":"Lagavulin","floor":8,"turns":8}],"seed_played":"-7985776098604456817","potions_obtained":[{"floor":2,"key":"AttackPotion"},{"floor":3,"key":"Fire Potion"},{"floor":4,"key":"Fruit Juice"},{"floor":6,"key":"SteroidPotion"}],"is_trial":false,"path_per_floor":["M","M","M","M","M","E","R","E"],"character_chosen":"IRONCLAD","items_purchased":[],"campfire_rested":0,"item_purchase_floors":[],"current_hp_per_floor":[80,79,75,81,90,65,65,0,0],"gold":100,"neow_bonus":"TRANSFORM_TWO_CARDS","is_daily":false,"chose_seed":false,"campfire_upgraded":1,"win_rate":0.0,"timestamp":1610450563,"path_taken":["M","?","?","M","M","E","R","E"],"items_purchased_type":[],"build_version":"2020-12-22","purchased_purges":0,"victory":false,"max_hp_per_floor":[80,80,80,88,91,94,94,94,94],"card_choices":[{"not_picked":["Iron Wave","Clash","Cleave"],"picked":"SKIP","floor":1},{"not_picked":["Seeing Red","Inflame"],"picked":"Body Slam","floor":2},{"not_picked":["Clash","Shrug It Off"],"picked":"Feed","floor":3},{"not_picked":["Infernal Blade","Carnage"],"picked":"Power Through","floor":4},{"not_picked":["Twin Strike","Rampage"],"picked":"Sever Soul","floor":5},{"not_picked":["Hemokinesis","Havoc"],"picked":"Fire Breathing","floor":6}],"player_experience":120671,"relics_obtained":[{"floor":6,"key":"Boot"}],"event_choices":[],"is_beta":false,"boss_relics":[],"items_purged_floors":[],"is_endless":false,"potions_floor_spawned":[2,3,4,6],"killed_by":"Lagavulin","ascension_level":2}}