{"host":"38maufg2dcy7va3m","time":1610440851,"event":{"mods":["Act Like it!","BaseMod","Downfall","Hermit","Hubris","Infinite Spire","Minty Spire (QoL Compilation)","Replay The Spire","StSLib"],"gold_per_floor":[113,113,130,104,123,136,136,136,162,182,182,195,43,54,54,151,151,163,176,176,176,190,190,197,197],"floor_reached":24,"playtime":1563,"items_purged":[],"score":190,"play_id":"28b9806f-22a0-4fd0-b69f-6e267b357f94","local_time":"20210112004051","is_ascension_mode":false,"campfire_choices":[{"data":"hermit:HighCaliber","floor":7,"key":"SMITH"},{"floor":15,"key":"REST"},{"floor":23,"key":"REST"}],"circlet_count":0,"master_deck":["hermit:Strike_Hermit","hermit:Strike_Hermit","hermit:Strike_Hermit","hermit:Strike_Hermit","hermit:Defend_Hermit","hermit:Defend_Hermit","hermit:Defend_Hermit","hermit:Defend_Hermit","hermit:Snapshot+1","hermit:Covet","hermit:Dive","hermit:PistolWhip+1","hermit:HighCaliber+1","hermit:Desperado","hermit:WideOpen","hermit:BodyArmor","Regret","hermit:Snipe","hermit:HighCaliber","hermit:Determination","hermit:Horror","hermit:Scavenge","hermit:Glare","hermit:Manifest","hermit:FinalCanter","hermit:Scavenge+1","hermit:Vantage","hermit:Dive+1"],"relics":["hermit:Momento","Tiny Chest","Pen Nib","Orrery","Black Star","The Courier"],"acts_visited":["Exordium","TheCity"],"potions_floor_usage":[3,12,16,18],"damage_taken":[{"damage":1,"enemies":"Cultist","floor":1,"turns":3},{"damage":0,"enemies":"2 Louse","floor":3,"turns":2},{"damage":6,"enemies":"infinitespire:Voidling","floor":5,"turns":4},{"damage":2,"enemies":"3 Louse","floor":6,"turns":5},{"damage":0,"enemies":"Blue Slaver","floor":10,"turns":2},{"damage":0,"enemies":"Exordium Wildlife","floor":12,"turns":2},{"damage":13,"enemies":"Large Slime","floor":14,"turns":2},{"damage":33,"enemies":"The Guardian","floor":16,"turns":15},{"damage":4,"enemies":"Chosen","floor":18,"turns":4},{"damage":14,"enemies":"Shell Parasite","floor":19,"turns":5},{"damage":16,"enemies":"Snake Plant","floor":22,"turns":4},{"damage":72,"enemies":"Book of Stabbing","floor":24,"turns":8}],"seed_played":"-7118967872265417878","potions_obtained":[{"floor":1,"key":"hexamod:EctoCoolerPotion"},{"floor":6,"key":"PowerPotion"},{"floor":10,"key":"hermit:Eclipse"},{"floor":16,"key":"champ:CounterPotion"}],"is_trial":false,"path_per_floor":["M","?","M","$","M","M","R","?","T","M","?","M","$","M","R","B",null,"M","M","AVR","?","M","R","E"],"character_chosen":"HERMIT","items_purchased":["hermit:HighCaliber","Orrery"],"campfire_rested":2,"item_purchase_floors":[4,13],"current_hp_per_floor":[81,81,81,81,75,73,73,73,73,73,73,73,73,60,82,49,82,78,64,64,64,48,72,0,0],"gold":197,"neow_bonus":"TEN_PERCENT_HP_BONUS","is_daily":false,"chose_seed":false,"campfire_upgraded":1,"win_rate":0.0,"timestamp":1610440851,"path_taken":["M","?","M","$","M","M","R","?","T","?","?","M","$","M","R","BOSS","M","M","AVR","?","M","R","E"],"items_purchased_type":["Card","Relic"],"build_version":"2020-12-22","purchased_purges":0,"victory":false,"max_hp_per_floor":[82,82,82,82,82,82,82,82,82,82,82,82,82,82,82,82,82,82,82,82,82,82,82,82,82],"card_choices":[{"not_picked":["hermit:Manifest","hermit:LoneWolf"],"picked":"hermit:Dive","floor":1},{"not_picked":["hermit:LoneWolf","hermit:TrackingShot"],"picked":"hermit:PistolWhip","floor":3},{"not_picked":["hermit:Ricochet","hermit:Deadeye"],"picked":"hermit:Desperado","floor":5},{"not_picked":["hermit:Enervate","hermit:ItchyTrigger"],"picked":"hermit:WideOpen","floor":6},{"not_picked":["hermit:TakeAim","hermit:ItchyTrigger"],"picked":"hermit:BodyArmor","floor":10},{"not_picked":["hermit:HoleUp","hermit:BodyArmor"],"picked":"hermit:Snipe","floor":12},{"not_picked":["hermit:DeadMansHand","hermit:Quickdraw"],"picked":"hermit:HighCaliber","floor":13},{"not_picked":["hermit:CursedWeapon","hermit:LoneWolf"],"picked":"hermit:Determination","floor":13},{"not_picked":["hermit:Showdown","hermit:FinalCanter"],"picked":"hermit:Horror","floor":13},{"not_picked":["hermit:GhostlyPresence","hermit:Dive"],"picked":"hermit:Scavenge","floor":13},{"not_picked":["hermit:TrackingShot","hermit:SprayPray"],"picked":"hermit:Glare","floor":13},{"not_picked":["hermit:Showdown","hermit:HighCaliber"],"picked":"hermit:Manifest","floor":14},{"not_picked":["hermit:DeadOrAlive","hermit:HeroicBravado"],"picked":"hermit:FinalCanter","floor":16},{"not_picked":["hermit:BigShot","hermit:Dive"],"picked":"hermit:Scavenge+1","floor":18},{"not_picked":["hermit:Roulette","hermit:NoHoldsBarred+1"],"picked":"hermit:Vantage","floor":19},{"not_picked":["hermit:Deadeye","hermit:FullyLoaded"],"picked":"hermit:Dive+1","floor":22}],"player_experience":233615,"relics_obtained":[{"floor":9,"key":"Tiny Chest"}],"event_choices":[{"damage_healed":0,"gold_gain":0,"player_choice":"Grow","damage_taken":0,"max_hp_gain":0,"max_hp_loss":0,"event_name":"Living Wall","floor":2,"gold_loss":0,"cards_upgraded":["hermit:Snapshot"]},{"damage_healed":0,"gold_gain":0,"player_choice":"Upgraded","damage_taken":0,"max_hp_gain":0,"max_hp_loss":0,"event_name":"Upgrade Shrine","floor":8,"gold_loss":0,"cards_upgraded":["hermit:PistolWhip"]},{"damage_healed":0,"gold_gain":0,"player_choice":"Box","damage_taken":0,"relics_obtained":["Pen Nib"],"max_hp_gain":0,"max_hp_loss":0,"event_name":"Big Fish","floor":11,"gold_loss":0,"cards_obtained":["Regret"]},{"damage_healed":0,"gold_gain":0,"player_choice":"Ignored","damage_taken":0,"max_hp_gain":0,"max_hp_loss":0,"event_name":"Vampires","floor":21,"gold_loss":0}],"is_beta":false,"boss_relics":[{"not_picked":["Empty Cage","hubris:HollowSoul"],"picked":"Black Star"}],"items_purged_floors":[],"is_endless":true,"potions_floor_spawned":[1,6,10,16],"killed_by":"Book of Stabbing","ascension_level":0}}