{"host":"egwexuw5uvnxf11j","time":1610431048,"event":{"mods":["2.2 Compatiblity","Aspiration","BaseMod","Better Altar","Better Note","Better Sensory Stone","Better Third Choice","Displayed Cursed Tome","Downfall","Hermit","Key Reminder","Koishi","Marisa????????","Minty Spire (QoL Compilation)","Quick Restart","Shade Mod","Spicy Shops","StSLib","The Construct","The Cursed","The Hierophant","The Runesmith","The Senshi","The Servant 0.9.4","Transform Curses"],"gold_per_floor":[117,40,58,58,26,26,18,53,53,53,68,88,98,98,98,203,203,221,221,221,231,6,34,49,49,76,94,94,54,74,104,104,206,206,221,69,80,80,80],"floor_reached":38,"playtime":3412,"items_purged":[],"score":612,"play_id":"2dbf8df0-c729-4f92-be72-12ae8e6ba591","local_time":"20210112005728","is_ascension_mode":true,"campfire_choices":[{"floor":6.0,"key":"REST"},{"floor":15.0,"key":"REST"},{"floor":25.0,"key":"REST"},{"floor":28.0,"key":"REST"},{"floor":32.0,"key":"REST"}],"circlet_count":0,"master_deck":["Strike_S","Strike_S","Strike_S","Strike_S","Defend_S","Defend_S","Defend_S","Defend_S","KidneyShot","Exchange","Defy","ReturningBlade","FastForward+1","MoonPhase","Duplication","Jack Of All Trades+1","Spin","Manipulate","InstantArmor","Unruled","LightFlow","SurpressingFire","ShatteredReality","BestPractice","Read","Replace+1","TimeTheft+1","Contraction+1","SurpressingFire","MurderousAura","Defy","Collapse","BottledTime","SoulSculpture","Spin","SilverBlades","Potential+1"],"relics":["Uniform","NeowsBlessing","Ice Cream","Smiling Mask","Bag of Preparation","keyreminder:keyreminder","Dream Catcher","construct:ClawGrip","Runesmith:AutoHammer","Omamori","Vajra","Akabeko","SacredBark","aspiration:AnachronicSnailShell"],"acts_visited":["Exordium","TheCity","TheBeyond"],"potions_floor_usage":[38],"damage_taken":[{"damage":0.0,"enemies":"Small Slimes","floor":1.0,"turns":1.0},{"damage":0.0,"enemies":"2 Louse","floor":3.0,"turns":1.0},{"damage":0.0,"enemies":"Gremlin Nob","floor":8.0,"turns":1.0},{"damage":3.0,"enemies":"Cultist","floor":11.0,"turns":4.0},{"damage":12.0,"enemies":"Exordium Wildlife","floor":12.0,"turns":3.0},{"damage":17.0,"enemies":"Blue Slaver","floor":13.0,"turns":6.0},{"damage":43.0,"enemies":"The Guardian","floor":16.0,"turns":18.0},{"damage":0.0,"enemies":"Chosen","floor":18.0,"turns":4.0},{"damage":0.0,"enemies":"3 Byrds","floor":21.0,"turns":5.0},{"damage":48.0,"enemies":"Slavers","floor":23.0,"turns":6.0},{"damage":13.0,"enemies":"Shelled Parasite and Fungi","floor":24.0,"turns":6.0},{"damage":13.0,"enemies":"Sentry and Sphere","floor":27.0,"turns":4.0},{"damage":0.0,"enemies":"Snecko","floor":30.0,"turns":6.0},{"damage":28.0,"enemies":"Gremlin Leader","floor":31.0,"turns":6.0},{"damage":0.0,"enemies":"Champ","floor":33.0,"turns":13.0},{"damage":5,"enemies":"Orb Walker","floor":35,"turns":3},{"damage":23,"enemies":"3 Shapes","floor":37,"turns":5},{"damage":40,"enemies":"Writhing Mass","floor":38,"turns":5}],"seed_played":"-8958473174981490251","potions_obtained":[{"floor":3.0,"key":"Dexterity Potion"},{"floor":16.0,"key":"PowerPotion"},{"floor":18.0,"key":"champ:CounterPotion"},{"floor":23.0,"key":"sneckomod:MuddlingPotion"},{"floor":27.0,"key":"Weak Potion"},{"floor":37,"key":"SkillPotion"}],"is_trial":false,"path_per_floor":["M","$","M","?","$","R","$","E","T","?","M","M","M","?","R","B",null,"M","?","?","M","$","E","M","R","T","M","R","?","M","E","R","B",null,"M","$","M","M"],"character_chosen":"THE_SERVANT","items_purchased":["Ice Cream","FastForward","MoonPhase","BestPractice","Read","SilverBlades","aspiration:AnachronicSnailShell"],"campfire_rested":5,"item_purchase_floors":[2,5,7,22,22,36,36],"current_hp_per_floor":[65,65,65,47,47,65,65,65,65,65,62,50,33,54,65,22,65,65,65,65,65,65,17,4,23,23,10,29,29,29,1,20,20,65,60,60,37,0,0],"gold":80,"neow_bonus":"THREE_ENEMY_KILL","is_daily":false,"chose_seed":false,"campfire_upgraded":0,"win_rate":0.0,"timestamp":1610431048,"path_taken":["M","$","M","?","$","R","$","E","T","?","M","M","?","?","R","BOSS","M","?","?","M","$","E","M","R","T","M","R","?","?","E","R","BOSS","M","$","M","M"],"items_purchased_type":["Relic","Card","Card","Card","Card","Card","Relic"],"build_version":"2020-12-22","purchased_purges":0,"victory":false,"max_hp_per_floor":[65,65,65,65,65,65,65,65,65,65,65,65,65,65,65,65,65,65,65,65,65,65,65,65,65,65,65,65,65,65,65,65,65,65,65,65,65,65,65],"card_choices":[{"not_picked":["Rewind","Starlight"],"picked":"Defy","floor":1.0},{"not_picked":["Replace","Ricochet"],"picked":"ReturningBlade","floor":3.0},{"not_picked":["Starlight","Shuttle"],"picked":"Duplication","floor":8.0},{"not_picked":["expansioncontent:Torchfire","Violence"],"picked":"Jack Of All Trades","floor":10.0},{"not_picked":["Unruled","Revamp"],"picked":"Spin","floor":11.0},{"not_picked":["StarChef","InstantArmor"],"picked":"Manipulate","floor":12.0},{"not_picked":["BottledTime","Revamp"],"picked":"InstantArmor","floor":13.0},{"not_picked":["Barrier","Revamp"],"picked":"Unruled","floor":15.0},{"not_picked":["Dilation","Deny"],"picked":"LightFlow","floor":16.0},{"not_picked":["DualDimension","Desolation"],"picked":"SurpressingFire","floor":18.0},{"not_picked":["Revamp","Reset"],"picked":"ShatteredReality","floor":21.0},{"not_picked":["PendulumOfEternity","Foresight"],"picked":"Replace+1","floor":23.0},{"not_picked":["FastForward+1","Unruled"],"picked":"TimeTheft+1","floor":24.0},{"not_picked":["Revamp","Alleviate"],"picked":"Contraction+1","floor":25.0},{"not_picked":["BottledTime+1","Replace"],"picked":"SurpressingFire","floor":27.0},{"not_picked":["Rewind","RealityMarble"],"picked":"MurderousAura","floor":28.0},{"not_picked":["Deadline","Revamp"],"picked":"Defy","floor":30.0},{"not_picked":["Alleviate","Replace+1"],"picked":"Collapse","floor":31.0},{"not_picked":["Defy","ReturningBlade+1"],"picked":"BottledTime","floor":32.0},{"not_picked":["Deny","ForgedInTime"],"picked":"SoulSculpture","floor":33.0},{"not_picked":["Rewind","TimeWarp"],"picked":"Spin","floor":35},{"not_picked":["BestPractice","Ricochet+1"],"picked":"Potential+1","floor":37}],"player_experience":2213211,"relics_obtained":[{"floor":8.0,"key":"Bag of Preparation"},{"floor":9.0,"key":"Dream Catcher"},{"floor":23.0,"key":"Omamori"},{"floor":26.0,"key":"Vajra"},{"floor":31.0,"key":"Akabeko"}],"event_choices":[{"damage_healed":0.0,"max_hp_gain":0.0,"max_hp_loss":0.0,"gold_gain":0.0,"event_name":"betterThird:BetterScrap","player_choice":"Relic ","floor":4.0,"gold_loss":0.0,"damage_taken":18.0,"cards_obtained":["Shockwave"]},{"damage_healed":0.0,"max_hp_gain":0.0,"max_hp_loss":0.0,"gold_gain":1.0,"event_name":"betterStone:BetterStone","player_choice":"1","floor":10.0,"gold_loss":0.0,"damage_taken":0.0},{"damage_healed":21.0,"max_hp_gain":0.0,"max_hp_loss":0.0,"gold_gain":0.0,"event_name":"Big Fish","player_choice":"Banana","floor":14.0,"gold_loss":0.0,"damage_taken":0.0},{"damage_healed":0.0,"max_hp_gain":0.0,"max_hp_loss":0.0,"gold_gain":0.0,"event_name":"The Mausoleum","player_choice":"Opened","floor":19.0,"gold_loss":0.0,"damage_taken":0.0,"relics_obtained":["Runesmith:AutoHammer"]},{"damage_healed":0.0,"max_hp_gain":0.0,"max_hp_loss":0.0,"gold_gain":0.0,"event_name":"Beggar","player_choice":"Ignored","floor":20.0,"gold_loss":0.0,"damage_taken":0.0},{"damage_healed":0.0,"max_hp_gain":0.0,"max_hp_loss":0.0,"gold_gain":0.0,"event_name":"Designer","player_choice":"Upgraded Two","floor":29.0,"gold_loss":40.0,"damage_taken":0.0,"cards_upgraded":["Jack Of All Trades","FastForward"]}],"is_beta":false,"boss_relics":[{"not_picked":["aspiration:SilentSkillbook","Ectoplasm"],"picked":"construct:ClawGrip"},{"not_picked":["Astrolabe","Runic Dome"],"picked":"SacredBark"}],"items_purged_floors":[],"is_endless":false,"potions_floor_spawned":[3,16,18,23,27,37],"killed_by":"Writhing Mass","ascension_level":4}}