{"host":"jggt5i9rbuoqvque","time":1610450206,"event":{"mods":["BaseMod","Colored Map","Minty Spire (QoL Compilation)","StSLib"],"gold_per_floor":[115,128,139,158,168,168,201,151,151,226,73,89,89,105,105,209,209,221,320,89,105,105,105,134,134,186,217,217,250,267,278,278,376,376,391,391,391],"floor_reached":36,"playtime":815,"items_purged":["Strike_R"],"score":640,"play_id":"0a420d8f-752f-4537-bee4-121c5a42974c","local_time":"20210112201646","is_ascension_mode":true,"campfire_choices":[{"data":"Bash","floor":6.0,"key":"SMITH"},{"data":"Demon Form","floor":13.0,"key":"SMITH"},{"floor":15,"key":"REST"},{"data":"Heavy Blade","floor":23,"key":"SMITH"},{"data":"Whirlwind","floor":25,"key":"SMITH"},{"floor":32,"key":"REST"}],"circlet_count":0,"master_deck":["Strike_R","Strike_R","Strike_R","Defend_R","Defend_R","Defend_R","Defend_R","Bash+1","Cleave","Cleave","Heavy Blade+1","Whirlwind+1","Demon Form+1","Feed","Impervious","Thunderclap","Barricade"],"relics":["Burning Blood","Lantern","Darkstone Periapt","SlaversCollar","Brimstone","Dream Catcher","Ancient Tea Set","Lizard Tail","Bag of Preparation","Runic Pyramid"],"acts_visited":["Exordium","TheCity","TheBeyond"],"potions_floor_usage":[14,27,29,30,31],"damage_taken":[{"damage":0.0,"enemies":"Small Slimes","floor":1.0,"turns":3.0},{"damage":0.0,"enemies":"2 Louse","floor":2.0,"turns":3.0},{"damage":6.0,"enemies":"Cultist","floor":3.0,"turns":3.0},{"damage":24.0,"enemies":"Blue Slaver","floor":4.0,"turns":4.0},{"damage":11.0,"enemies":"Looter","floor":5.0,"turns":2.0},{"damage":35.0,"enemies":"Lagavulin","floor":7.0,"turns":6.0},{"damage":0.0,"enemies":"Large Slime","floor":12.0,"turns":4.0},{"damage":1,"enemies":"Exordium Thugs","floor":14,"turns":4},{"damage":47,"enemies":"Hexaghost","floor":16,"turns":7},{"damage":36,"enemies":"Shell Parasite","floor":18,"turns":5},{"damage":0,"enemies":"Chosen","floor":21,"turns":4},{"damage":32,"enemies":"Slavers","floor":24,"turns":3},{"damage":15,"enemies":"Gremlin Leader","floor":27,"turns":4},{"damage":0,"enemies":"Slavers","floor":29,"turns":1},{"damage":41,"enemies":"Shelled Parasite and Fungi","floor":30,"turns":4},{"damage":0,"enemies":"Snecko","floor":31,"turns":2},{"damage":20,"enemies":"Champ","floor":33,"turns":6},{"damage":28,"enemies":"Orb Walker","floor":35,"turns":4},{"damage":29,"enemies":"2 Orb Walkers","floor":36,"turns":2}],"seed_played":"-67950242672669893","potions_obtained":[{"floor":3.0,"key":"FearPotion"},{"floor":4.0,"key":"Explosive Potion"},{"floor":12.0,"key":"ElixirPotion"},{"floor":16,"key":"HeartOfIron"},{"floor":27,"key":"SteroidPotion"},{"floor":29,"key":"BloodPotion"},{"floor":30,"key":"SteroidPotion"}],"is_trial":false,"path_per_floor":["M","M","M","M","M","R","E","?","T","?","$","M","R","M","R","B",null,"M","?","$","M","?","R","E","R","T","E","?","E","M","M","R","B",null,"M","?"],"character_chosen":"IRONCLAD","items_purchased":["Demon Form","Brimstone"],"campfire_rested":2,"item_purchase_floors":[11,20],"current_hp_per_floor":[86,88,88,70,65,65,36,36,36,28,28,34,34,39,65,24,72,42,42,42,48,77,77,51,51,51,42,42,48,30,36,62,48,78,56,27,27],"gold":391,"neow_bonus":"TEN_PERCENT_HP_BONUS","is_daily":false,"chose_seed":false,"campfire_upgraded":4,"win_rate":0.0,"timestamp":1610450206,"path_taken":["M","M","M","M","M","R","E","?","T","?","$","M","R","M","R","BOSS","M","?","$","M","?","R","E","R","T","E","?","E","M","M","R","BOSS","M","?"],"items_purchased_type":["Card","Relic"],"build_version":"2020-12-22","purchased_purges":1,"victory":false,"max_hp_per_floor":[88,88,88,88,88,88,88,88,88,88,88,88,88,88,88,88,88,88,88,88,88,88,88,88,88,88,88,88,88,88,88,88,88,88,88,88,88],"card_choices":[{"not_picked":["Thunderclap","Disarm"],"picked":"Cleave","floor":1.0},{"not_picked":["Shrug It Off","Rage","Havoc"],"picked":"SKIP","floor":2.0},{"not_picked":["Uppercut","Shrug It Off"],"picked":"Cleave","floor":3.0},{"not_picked":["Burning Pact","Pommel Strike"],"picked":"Heavy Blade","floor":4.0},{"not_picked":["Evolve","Hemokinesis","True Grit"],"picked":"SKIP","floor":5.0},{"not_picked":["Shockwave","Wild Strike"],"picked":"Whirlwind","floor":7.0},{"not_picked":["Headbutt","Sword Boomerang"],"picked":"Feed","floor":12.0},{"not_picked":["Sword Boomerang","Pommel Strike","Pummel"],"picked":"SKIP","floor":14},{"not_picked":["Exhume","Corruption"],"picked":"Impervious","floor":16},{"not_picked":["True Grit","Second Wind+1","Cleave"],"picked":"SKIP","floor":18},{"not_picked":["Cleave","Iron Wave"],"picked":"Thunderclap","floor":21},{"not_picked":["Brutality","Pommel Strike","Perfected Strike+1"],"picked":"SKIP","floor":24},{"not_picked":["Rupture","Burning Pact","Pommel Strike"],"picked":"SKIP","floor":27},{"not_picked":["Reckless Charge","Disarm","Corruption"],"picked":"SKIP","floor":29},{"not_picked":["Rupture+1","Shrug It Off+1","Shockwave"],"picked":"SKIP","floor":30},{"not_picked":["Fire Breathing","Dropkick","Shockwave"],"picked":"SKIP","floor":31},{"not_picked":["Offering","Double Tap"],"picked":"Barricade","floor":33},{"not_picked":["True Grit+1","Infernal Blade+1","Shrug It Off"],"picked":"SKIP","floor":35}],"player_experience":320346,"relics_obtained":[{"floor":7.0,"key":"Lantern"},{"floor":9.0,"key":"Darkstone Periapt"},{"floor":24,"key":"Dream Catcher"},{"floor":26,"key":"Ancient Tea Set"},{"floor":27,"key":"Lizard Tail"},{"floor":29,"key":"Bag of Preparation"}],"event_choices":[{"cards_removed":["Strike_R"],"damage_healed":0.0,"max_hp_gain":0.0,"max_hp_loss":0.0,"gold_gain":0.0,"event_name":"The Cleric","player_choice":"Card Removal","floor":8.0,"gold_loss":50.0,"damage_taken":0.0},{"damage_healed":0.0,"max_hp_gain":0.0,"max_hp_loss":0.0,"gold_gain":75.0,"event_name":"FaceTrader","player_choice":"Touch","floor":10.0,"gold_loss":0.0,"damage_taken":8.0},{"damage_healed":0,"gold_gain":99,"player_choice":"Stole From Cult","damage_taken":0,"max_hp_gain":0,"max_hp_loss":0,"event_name":"Nest","floor":19,"gold_loss":0},{"damage_healed":29,"gold_gain":0,"player_choice":"Heal","damage_taken":0,"max_hp_gain":0,"max_hp_loss":0,"event_name":"The Library","floor":22,"gold_loss":0},{"damage_healed":0,"gold_gain":0,"player_choice":"Ignored","damage_taken":0,"max_hp_gain":0,"max_hp_loss":0,"event_name":"Vampires","floor":28,"gold_loss":0},{"damage_healed":0,"gold_gain":0,"player_choice":"Fight","damage_taken":0,"max_hp_gain":0,"max_hp_loss":0,"event_name":"Mysterious Sphere","floor":36,"gold_loss":0}],"is_beta":false,"boss_relics":[{"not_picked":["Philosopher\u0027s Stone","Mark of Pain"],"picked":"SlaversCollar"},{"not_picked":["Pandora\u0027s Box","Astrolabe"],"picked":"Runic Pyramid"}],"items_purged_floors":[20],"is_endless":false,"potions_floor_spawned":[3,4,12,16,27,29,30],"killed_by":"2 Orb Walkers","ascension_level":7}}