{"host":"npi2injwpr7l8z4q","time":1610486322,"event":{"mods":["BaseMod","Dark Map","Highlight Path","KOR Keyword Fix","Minty Spire (QoL Compilation)","Permanent Neow","Quick Restart","StSLib","The Poker Player","everything is the same but u backflip on backflip"],"gold_per_floor":[99,118,118,129,146,161,161,186,35,59,134,147,158,158,158,158,253,253,273,372,21,37,37,63,63,82,82,82,95,105,105,55,55,160,160,176,192,247,261,211,537,552,552,579,22,22,42,42,62,62,62,62,62,12,40,40],"floor_reached":56,"language":"KOR","playtime":6450,"items_purged":["PokerPlayerMod:Diamond2","PokerPlayerMod:Spade1","PokerPlayerMod:BadJoker","PokerPlayerMod:Club2","PokerPlayerMod:Diamond4","PokerPlayerMod:TrumpStrike"],"score":1299,"play_id":"361db97f-6c37-4aeb-998a-9ae88a4c1f8c","local_time":"20210113061842","is_ascension_mode":false,"metric_token":670,"campfire_choices":[{"data":"PokerPlayerMod:WildCard","floor":6.0,"key":"SMITH"},{"data":"PokerPlayerMod:Spade4","floor":13.0,"key":"SMITH"},{"data":"PokerPlayerMod:Spade5","floor":15.0,"key":"SMITH"},{"data":"PokerPlayerMod:Sharpen","floor":24.0,"key":"SMITH"},{"data":"PokerPlayerMod:ClubShade","floor":30.0,"key":"SMITH"},{"data":"PokerPlayerMod:Club9","floor":32.0,"key":"SMITH"},{"floor":45,"key":"RECALL"},{"data":"PokerPlayerMod:Diamond5","floor":47,"key":"PURGE"},{"data":"PokerPlayerMod:Spade6","floor":49,"key":"SMITH"},{"data":"PokerPlayerMod:Diamond9","floor":52,"key":"SMITH"}],"circlet_count":0,"master_deck":["PokerPlayerMod:Diamond3","PokerPlayerMod:Spade2","PokerPlayerMod:Spade3","PokerPlayerMod:Spade7","PokerPlayerMod:Heart2","PokerPlayerMod:Mulligan+1","PokerPlayerMod:WildCard+1","PokerPlayerMod:Club9","PokerPlayerMod:ClubShade+1","PokerPlayerMod:Diamond10+","PokerPlayerMod:Spade10+","PokerPlayerMod:Sharpen+1","PokerPlayerMod:Club10+","PokerPlayerMod:Raise+1","PokerPlayerMod:Diamond10+","PokerPlayerMod:Raise+1","PokerPlayerMod:Club9","PokerPlayerMod:Harden+1"],"relics":["PokerPlayerMod:DeckCase","Bag of Marbles","Smiling Mask","Velvet Choker","HandDrill","PokerPlayerMod:Splitter","Turnip","Black Star","FossilizedHelix","Old Coin","The Courier","Peace Pipe","Anchor","Question Card","Bronze Scales","War Paint","Whetstone","Ginger"],"acts_visited":["Exordium","TheCity","TheBeyond","TheEnding"],"potions_floor_usage":[55,55],"damage_taken":[{"damage":0.0,"enemies":"Small Slimes","floor":1.0,"turns":1.0},{"damage":0.0,"enemies":"2 Louse","floor":3.0,"turns":1.0},{"damage":11.0,"enemies":"Jaw Worm","floor":4.0,"turns":3.0},{"damage":0.0,"enemies":"Looter","floor":5.0,"turns":2.0},{"damage":9.0,"enemies":"3 Sentries","floor":7.0,"turns":2.0},{"damage":0.0,"enemies":"Exordium Thugs","floor":11.0,"turns":2.0},{"damage":0.0,"enemies":"Exordium Wildlife","floor":12.0,"turns":2.0},{"damage":16.0,"enemies":"The Guardian","floor":16.0,"turns":8.0},{"damage":8.0,"enemies":"Spheric Guardian","floor":18.0,"turns":3.0},{"damage":5.0,"enemies":"Shell Parasite","floor":21.0,"turns":5.0},{"damage":14.0,"enemies":"Gremlin Leader","floor":23.0,"turns":5.0},{"damage":0.0,"enemies":"Cultist and Chosen","floor":25.0,"turns":4.0},{"damage":0.0,"enemies":"3 Cultists","floor":28.0,"turns":2.0},{"damage":18.0,"enemies":"Snake Plant","floor":29.0,"turns":2.0},{"damage":0.0,"enemies":"Automaton","floor":33.0,"turns":5.0},{"damage":7.0,"enemies":"3 Shapes","floor":35.0,"turns":2.0},{"damage":1.0,"enemies":"Orb Walker","floor":36.0,"turns":3.0},{"damage":17.0,"enemies":"2 Orb Walkers","floor":37.0,"turns":2.0},{"damage":0.0,"enemies":"Sphere and 2 Shapes","floor":38.0,"turns":2.0},{"damage":0.0,"enemies":"Giant Head","floor":40.0,"turns":6.0},{"damage":0.0,"enemies":"Spire Growth","floor":41.0,"turns":3.0},{"damage":0,"enemies":"4 Shapes","floor":46,"turns":1},{"damage":0,"enemies":"Transient","floor":48,"turns":5},{"damage":0,"enemies":"Time Eater","floor":50,"turns":6},{"damage":0,"enemies":"Shield and Spear","floor":54,"turns":2},{"damage":7,"enemies":"The Heart","floor":55,"turns":7}],"seed_played":"-2286822874955100784","potions_obtained":[{"floor":3.0,"key":"GamblersBrew"},{"floor":4.0,"key":"SteroidPotion"},{"floor":29.0,"key":"LiquidBronze"},{"floor":35.0,"key":"Fruit Juice"},{"floor":36.0,"key":"LiquidMemories"},{"floor":38.0,"key":"AttackPotion"},{"floor":48,"key":"BlessingOfTheForge"}],"is_trial":false,"path_per_floor":["M","?","M","M","M","R","E","$","T","?","M","M","R","?","R","B",null,"M","?","$","M","?","E","R","M","T","T","M","M","R","$","R","B",null,"M","M","?","M","$","E","M","T","T","$","R","M","R","M","R","B",null,"R","$","E","B",null],"character_chosen":"THE_POKER_PLAYER","items_purchased":["PokerPlayerMod:ClubShade","PokerPlayerMod:Spade10+","HandDrill","PokerPlayerMod:Sharpen","PokerPlayerMod:Club9","Question Card","Bronze Scales","War Paint"],"campfire_rested":0,"item_purchase_floors":[8,20,20,20,44,44,44,44],"current_hp_per_floor":[52,52,52,52,43,49,49,42,42,42,31,31,33,33,26,26,12,52,44,44,44,42,42,28,28,30,30,30,30,12,12,12,12,14,52,53,55,38,41,41,44,44,44,44,44,44,44,44,50,50,50,57,57,57,57,50],"gold":40,"neow_bonus":"TRANSFORM_CARD","is_daily":false,"chose_seed":false,"campfire_upgraded":8,"win_rate":0.0,"timestamp":1610486322,"path_taken":["M","?","M","M","M","R","E","$","T","?","M","M","R","?","R","BOSS","M","?","$","M","?","E","R","M","T","?","M","M","R","$","R","BOSS","M","M","?","M","$","E","M","?","T","?","R","?","R","M","R","BOSS","R","$","E","BOSS"],"items_purchased_type":["Card","Undefined","Relic","Card","Card","Relic","Relic","Relic"],"build_version":"2020-12-22","purchased_purges":6,"victory":true,"max_hp_per_floor":[52,52,52,52,52,52,52,52,52,52,52,52,52,52,52,52,52,52,52,52,52,52,52,52,52,52,52,52,52,52,52,52,52,52,52,57,57,57,57,57,57,57,57,57,57,57,57,57,57,57,57,57,57,57,57,57],"card_choices":[{"not_picked":["PokerPlayerMod:Club1","PokerPlayerMod:Trickery","PokerPlayerMod:Spade1"],"picked":"SKIP","floor":1.0},{"not_picked":["PokerPlayerMod:FillThePot","PokerPlayerMod:CardBurn","PokerPlayerMod:Diamond4"],"picked":"SKIP","floor":3.0},{"not_picked":["PokerPlayerMod:Diamond4","PokerPlayerMod:Extraction","PokerPlayerMod:FillThePot"],"picked":"SKIP","floor":4.0},{"not_picked":["PokerPlayerMod:ClubsClub","PokerPlayerMod:Club4"],"picked":"PokerPlayerMod:Club9","floor":5.0},{"not_picked":["PokerPlayerMod:DiamondStrike","PokerPlayerMod:Trickery","PokerPlayerMod:HotShotCut"],"picked":"SKIP","floor":7.0},{"not_picked":["PokerPlayerMod:HeartStrike","PokerPlayerMod:Trickery","PokerPlayerMod:ClubStrike"],"picked":"SKIP","floor":11.0},{"not_picked":["PokerPlayerMod:ClubStrike","PokerPlayerMod:DiamondStrike","PokerPlayerMod:CardBurn"],"picked":"SKIP","floor":12.0},{"not_picked":["PokerPlayerMod:ClubStrike","PokerPlayerMod:DiamondStrike","PokerPlayerMod:CardBurn"],"picked":"SKIP","floor":12.0},{"not_picked":["PokerPlayerMod:ItsShowtime","PokerPlayerMod:WasteCollection"],"picked":"PokerPlayerMod:Diamond10+","floor":16.0},{"not_picked":["PokerPlayerMod:ClubsClub","PokerPlayerMod:Manipulation","PokerPlayerMod:RiskyBet"],"picked":"SKIP","floor":18.0},{"not_picked":["PokerPlayerMod:HeartStrike","PokerPlayerMod:ClubsClub","PokerPlayerMod:SpadeStrike"],"picked":"SKIP","floor":21.0},{"not_picked":["PokerPlayerMod:Diamond2","PokerPlayerMod:CardBurn","PokerPlayerMod:Diamond6"],"picked":"SKIP","floor":23.0},{"not_picked":["PokerPlayerMod:ClubsClub","PokerPlayerMod:JackOfSpades","PokerPlayerMod:Spade5"],"picked":"SKIP","floor":25.0},{"not_picked":["PokerPlayerMod:Diamond4","PokerPlayerMod:HiddenCard"],"picked":"PokerPlayerMod:Club9","floor":28.0},{"not_picked":["PokerPlayerMod:DiamondStrike","PokerPlayerMod:CloakAndDiamond+1"],"picked":"PokerPlayerMod:Raise","floor":29.0},{"not_picked":["PokerPlayerMod:Promotion","PokerPlayerMod:FakeSymbols"],"picked":"PokerPlayerMod:Diamond9","floor":33.0},{"not_picked":["PokerPlayerMod:Overdeal","PokerPlayerMod:Diamond5","PokerPlayerMod:Heart2"],"picked":"SKIP","floor":35.0},{"not_picked":["PokerPlayerMod:Spade2","PokerPlayerMod:Diamond1","PokerPlayerMod:DiamondStrike+1"],"picked":"SKIP","floor":36.0},{"not_picked":["PokerPlayerMod:ClubsClub","PokerPlayerMod:Trickery+1"],"picked":"PokerPlayerMod:Raise+1","floor":37.0},{"not_picked":["PokerPlayerMod:Heart3","PokerPlayerMod:Club1","PokerPlayerMod:Spade7"],"picked":"SKIP","floor":38.0},{"not_picked":["PokerPlayerMod:Diamond4","PokerPlayerMod:Club4","PokerPlayerMod:DartThrow+1"],"picked":"SKIP","floor":40.0},{"not_picked":["PokerPlayerMod:MagicTrick","PokerPlayerMod:Manipulation+1","PokerPlayerMod:Spade2"],"picked":"SKIP","floor":41.0},{"not_picked":["PokerPlayerMod:Spade2","PokerPlayerMod:FlyingCard","PokerPlayerMod:ClubDance","PokerPlayerMod:Diamond3"],"picked":"SKIP","floor":46},{"not_picked":["PokerPlayerMod:Spade5","PokerPlayerMod:Diamond1","PokerPlayerMod:Club3","PokerPlayerMod:MagicTrick"],"picked":"SKIP","floor":48},{"not_picked":["PokerPlayerMod:Spade2","PokerPlayerMod:SpadeStrike","PokerPlayerMod:Diamond2"],"picked":"PokerPlayerMod:Harden+1","floor":54}],"player_experience":188104,"relics_obtained":[{"floor":7.0,"key":"Bag of Marbles"},{"floor":9.0,"key":"Smiling Mask"},{"floor":23.0,"key":"PokerPlayerMod:Splitter"},{"floor":27.0,"key":"Turnip"},{"floor":37.0,"key":"FossilizedHelix"},{"floor":40.0,"key":"Old Coin"},{"floor":40.0,"key":"The Courier"},{"floor":42.0,"key":"Peace Pipe"},{"floor":43.0,"key":"Anchor"},{"floor":54,"key":"Whetstone"},{"floor":54,"key":"Ginger"}],"event_choices":[{"damage_healed":0.0,"max_hp_gain":0.0,"max_hp_loss":0.0,"gold_gain":0.0,"event_name":"Liars Game","player_choice":"Ignored","floor":2.0,"gold_loss":0.0,"damage_taken":0.0},{"damage_healed":0.0,"max_hp_gain":0.0,"max_hp_loss":0.0,"gold_gain":75.0,"event_name":"World of Goop","player_choice":"Gather Gold","floor":10.0,"gold_loss":0.0,"damage_taken":11.0},{"cards_removed":["PokerPlayerMod:Club1"],"damage_healed":0.0,"max_hp_gain":0.0,"max_hp_loss":0.0,"gold_gain":0.0,"event_name":"Golden Wing","player_choice":"Card Removal","floor":14.0,"gold_loss":0.0,"damage_taken":7.0},{"damage_healed":0.0,"max_hp_gain":0.0,"max_hp_loss":0.0,"gold_gain":99.0,"event_name":"Nest","player_choice":"Stole From Cult","floor":19.0,"gold_loss":0.0,"damage_taken":0.0},{"damage_healed":0.0,"max_hp_gain":0.0,"max_hp_loss":0.0,"gold_gain":0.0,"event_name":"Mysterious Sphere","player_choice":"Fight","floor":37.0,"gold_loss":0.0,"damage_taken":0.0}],"is_beta":false,"boss_relics":[{"not_picked":["Astrolabe","Fusion Hammer"],"picked":"Velvet Choker"},{"not_picked":["Runic Dome","Sozu"],"picked":"Black Star"}],"items_purged_floors":[8,20,31,39,44,53],"is_endless":false,"potions_floor_spawned":[3,4,29,35,36,38,48],"ascension_level":0}}