{"host":"qswkx8hggytna0kc","time":1610445809,"event":{"mods":["Aspiration","BaseMod","BetterRewards","Colored Map","Colored Powertips","Highlight Path","Hubris","Mimic Mod","Minty Spire (QoL Compilation)","MostiFishMod","Quick Restart","Replay The Spire","StSLib","SuperFastMode"],"gold_per_floor":[117,128,143,163,88,88,99,130,130,146,146,166,166,166,166,245,245,866,881,894,909,930,959,978,1005,1029,1043,1060,1083,1083,1277,1277,1356,1356,1372,1392,1392,1406,1424,1424,1459,1469,1469,1499,1546,1576,1576,1576,1576,1576,1576,1576,1228,1262,1262],"floor_reached":56,"playtime":739,"items_purged":["Strike_B","Strike_B"],"score":2457,"play_id":"f34b2cd9-4b69-40f9-bb81-5b8ac22dd478","local_time":"20210112180329","is_ascension_mode":true,"campfire_choices":[{"data":"MostiFishMod:Hijack","floor":6,"key":"SMITH"},{"data":"Zap","floor":11,"key":"SMITH"},{"data":"Dualcast","floor":15,"key":"SMITH"},{"data":"MostiFishMod:StarOceanB","floor":30,"key":"SMITH"},{"data":"MostiFishMod:StarOceanB","floor":32,"key":"SMITH"},{"floor":40,"key":"RECALL"},{"data":"Skim","floor":47,"key":"SMITH"},{"data":"Skim","floor":47,"key":"SMITH"},{"data":"Scrape","floor":49,"key":"SMITH"},{"data":"Scrape","floor":49,"key":"SMITH"},{"data":"Steam Power","floor":52,"key":"SMITH"},{"data":"Panic Button","floor":52,"key":"SMITH"}],"circlet_count":0,"master_deck":["AscendersBane","Defend_B","Defend_B+1","Defend_B+1","Defend_B","Zap+1","Dualcast+1","MostiFishMod:Hijack+1","Gash","Skim+1","Gash","MostiFishMod:PushDownKick","Beam Cell","Compile Driver","Tempest","MostiFishMod:StarOceanB+1","Skim+1","Sweeping Beam","Sunder","Panic Button","MostiFishMod:StarOceanB+1","Skim+1","Panic Button+1","Scrape+1","Electrodynamics","Sweeping Beam","Scrape+1","Swift Strike","Gash","Steam Power+1","MostiFishMod:Overload","Panic Button+1","Panic Button","Gash+1","FTL+1","White Noise+1","Scrape+1","Sweeping Beam+1"],"relics":["Cracked Core","DaveBox","Civilization","SynthV:TestCard","PreservedInsect","Omamori","FeatherPendant","Boot","Gremlin Food","Smiling Mask","aspiration:PoetsPen_weak","aspiration:HiddenCompartment","aspiration:EnhancedActuators","Bag of Preparation","Replay:Arrowhead","Golden Egg","DollysMirror","Simple Rune"],"acts_visited":["Exordium","TheCity","TheBeyond","TheEnding"],"potions_floor_usage":[4],"damage_taken":[{"damage":0,"enemies":"Cultist","floor":1,"turns":2},{"damage":0,"enemies":"2 Louse","floor":2,"turns":2},{"damage":4,"enemies":"Small Slimes","floor":3,"turns":2},{"damage":10,"enemies":"Gremlin Gang","floor":4,"turns":3},{"damage":0,"enemies":"Lots of Slimes","floor":7,"turns":1},{"damage":0,"enemies":"Replay:BlueRogue","floor":8,"turns":2},{"damage":0,"enemies":"Exordium Thugs","floor":10,"turns":2},{"damage":0,"enemies":"Looter","floor":12,"turns":1},{"damage":0,"enemies":"Slime Boss","floor":16,"turns":2},{"damage":0,"enemies":"Shell Parasite","floor":18,"turns":1},{"damage":0,"enemies":"2 Thieves","floor":19,"turns":1},{"damage":0,"enemies":"Sentry and Sphere","floor":20,"turns":1},{"damage":0,"enemies":"Cultist and Chosen","floor":21,"turns":1},{"damage":0,"enemies":"Snake Plant","floor":22,"turns":1},{"damage":0,"enemies":"Gremlin Leader","floor":23,"turns":1},{"damage":0,"enemies":"Centurion and Healer","floor":24,"turns":1},{"damage":0,"enemies":"Slavers","floor":25,"turns":1},{"damage":0,"enemies":"Shelled Parasite and Fungi","floor":27,"turns":1},{"damage":0,"enemies":"Snecko","floor":28,"turns":1},{"damage":0,"enemies":"Collector","floor":33,"turns":1},{"damage":0,"enemies":"3 Darklings","floor":35,"turns":1},{"damage":0,"enemies":"Orb Walker","floor":36,"turns":1},{"damage":0,"enemies":"Maw","floor":38,"turns":1},{"damage":0,"enemies":"3 Darklings","floor":39,"turns":1},{"damage":0,"enemies":"Nemesis","floor":41,"turns":1},{"damage":0,"enemies":"Spire Growth","floor":42,"turns":1},{"damage":0,"enemies":"Giant Head","floor":44,"turns":1},{"damage":0,"enemies":"2 Orb Walkers","floor":45,"turns":1},{"damage":0,"enemies":"R_Hoarder","floor":46,"turns":1},{"damage":0,"enemies":"Replay:Hell Engine","floor":50,"turns":1},{"damage":0,"enemies":"Shield and Spear","floor":54,"turns":1},{"damage":100,"enemies":"The Heart","floor":55,"turns":3}],"seed_played":"8766447933106514617","potions_obtained":[{"floor":3,"key":"Fire Potion"},{"floor":4,"key":"Strength Potion"},{"floor":7,"key":"Fire Potion"}],"is_trial":false,"path_per_floor":["M","M","M","M","$","R","M","E","T","M","R","M","?","?","R","B",null,"M","M","M","M","M","E","M","E","T","M","M","T","R","?","R","B",null,"M","M","?","M","M","R","E","M","T","E","?","E","R","?","R","B",null,"R","$","E","B",null],"character_chosen":"DEFECT","items_purchased":["FTL","White Noise+1","DollysMirror"],"campfire_rested":0,"item_purchase_floors":[53,53,53],"current_hp_per_floor":[65,68,69,68,68,68,82,97,97,114,114,132,125,125,125,145,166,189,212,237,266,296,327,360,396,396,434,473,473,473,473,473,514,514,560,607,607,655,709,709,764,820,820,877,936,996,996,996,996,1058,1058,1058,1058,1122,1087],"gold":1262,"neow_bonus":"ONE_RANDOM_RARE_CARD","is_daily":false,"chose_seed":false,"campfire_upgraded":11,"win_rate":0.0,"timestamp":1610445809,"path_taken":["M","M","M","M","?","R","M","E","T","M","R","?","?","?","R","BOSS","M","M","?","M","M","E","?","E","T","M","M","?","R","?","R","BOSS","M","M","?","M","M","R","E","M","T","E","?","E","R","?","R","BOSS","R","$","E","BOSS"],"items_purchased_type":["Card","Card","Relic"],"build_version":"2020-12-22","purchased_purges":2,"victory":true,"max_hp_per_floor":[72,75,80,89,89,89,103,118,118,135,135,153,153,153,153,173,173,194,217,242,269,297,328,361,397,397,435,474,474,474,474,474,514,514,560,607,607,655,709,709,764,820,820,877,936,996,996,996,996,1058,1058,1058,1058,1122,1187],"card_choices":[{"not_picked":["MostiFishMod:PushDownKick","Go for the Eyes"],"picked":"Gash","floor":1},{"not_picked":["Cold Snap","MostiFishMod:FluxCapactior","hubris:Prefetch","Steam","hubris:PowerSurge"],"picked":"SKIP","floor":2},{"not_picked":["Heatsinks","Ball Lightning","Sweeping Beam","Rebound"],"picked":"Skim","floor":3},{"not_picked":["Conserve Battery","Compile Driver","Turbo","Stack"],"picked":"Gash","floor":4},{"not_picked":["Static Discharge","Defragment","Ball Lightning","Coolheaded"],"picked":"MostiFishMod:PushDownKick","floor":7},{"not_picked":["BasicCrystalCard","hubris:Ukulele","Cold Snap","Meteor Strike"],"picked":"Beam Cell","floor":8},{"not_picked":["Doom and Gloom","Ball Lightning","Turbo","MostiFishMod:PushDownKick"],"picked":"Compile Driver","floor":10},{"not_picked":["ReplayTheSpireMod:Repulse","ReplaySolidLightProjector","Ball Lightning","Stack","Conserve Battery"],"picked":"SKIP","floor":12},{"not_picked":["MostiFishMod:GoodWordForIt","Fission","ReplayTheSpireMod:Omega Cannon","hubris:SpecializedCircuitry"],"picked":"MostiFishMod:StarOceanB","floor":16},{"not_picked":["Barrage","Redo","MostiFishMod:Impulse","ReplayTheSpireMod:GoodbyeWorld"],"picked":"Skim","floor":18},{"not_picked":["MostiFishMod:PushDownKick","Hologram","Heatsinks","Crystallizer"],"picked":"Sweeping Beam","floor":19},{"not_picked":["Panic Button+1","Steam Power","MostiFishMod:PushDownKick","MostiFishMod:Distribution"],"picked":"Sunder","floor":20},{"not_picked":["Go for the Eyes","Turbo","BasicCrystalCard","Reprogram","Stack"],"picked":"SKIP","floor":21},{"not_picked":["Blizzard","Go for the Eyes","Cold Snap","Coolheaded"],"picked":"Panic Button","floor":22},{"not_picked":["MostiFishMod:DeathFromBelow","ReplayTheSpireMod:System Scan","Coolheaded","Leap+1","Barrage"],"picked":"SKIP","floor":23},{"not_picked":["Time Bomb","BootSequence","Streamline","Melter","Beam Cell"],"picked":"SKIP","floor":24},{"not_picked":["Scrape","Steam Power","Hello World","Streamline"],"picked":"MostiFishMod:StarOceanB","floor":25},{"not_picked":["Streamline","Gash","Beam Cell","Cold Snap"],"picked":"Skim","floor":27},{"not_picked":["Auto Shields","Heatsinks","MostiFishMod:Distribution","MostiFishMod:PushDownKick+1"],"picked":"Panic Button","floor":28},{"not_picked":["aspiration:Polymerization","Heatsinks","Self Repair","Go for the Eyes"],"picked":"Scrape","floor":31},{"not_picked":["MostiFishMod:Hijack","All For One","ReplayTheSpireMod:Fabricate Wheel","Core Surge"],"picked":"Electrodynamics","floor":33},{"not_picked":["Undo","FIFO Queue","Stack","MostiFishMod:PushDownKick+1"],"picked":"Sweeping Beam","floor":35},{"not_picked":["MostiFishMod:PushDownKick","Conserve Battery","ReplayTheSpireMod:System Scan","Leap"],"picked":"Scrape","floor":36},{"not_picked":["hubris:EnhanceAbility","Replay:Bootleg Shield Generator","Discovery","Sadistic Nature"],"picked":"Swift Strike","floor":37},{"not_picked":["ReplaySolidLightProjector","aspiration:Polymerization","Streamline","Blizzard"],"picked":"Gash","floor":38},{"not_picked":["Beam Cell","MostiFishMod:PushDownKick","BasicCrystalCard","MostiFishMod:ReprogramOld"],"picked":"Steam Power","floor":39},{"not_picked":["Reprogram","Steam+1","Turbo","Cold Snap","Coolheaded"],"picked":"SKIP","floor":41},{"not_picked":["hubris:PowerSurge","Loop+1","ReplayTheSpireMod:Calculation Training","Hologram"],"picked":"MostiFishMod:Overload","floor":42},{"not_picked":["Rebound","BasicCrystalCard","Heatsinks+1","Steam Power"],"picked":"Panic Button+1","floor":44},{"not_picked":["hubris:PowerSurge","Blizzard+1","Leap","MostiFishMod:IntelligentEquipment"],"picked":"Panic Button","floor":45},{"not_picked":["White Noise","Doom and Gloom","BasicCrystalCard+1","Leap"],"picked":"Gash+1","floor":46},{"not_picked":["BasicCrystalCard","Hologram","Darkness","ReplayTheSpireMod:Omega Cannon"],"picked":"Sweeping Beam+1","floor":54}],"player_experience":279084,"relics_obtained":[{"floor":1,"key":"SynthV:TestCard"},{"floor":8,"key":"PreservedInsect"},{"floor":9,"key":"Omamori"},{"floor":23,"key":"Boot"},{"floor":25,"key":"Gremlin Food"},{"floor":29,"key":"Smiling Mask"},{"floor":41,"key":"aspiration:HiddenCompartment"},{"floor":43,"key":"aspiration:EnhancedActuators"},{"floor":44,"key":"Bag of Preparation"},{"floor":45,"key":"Replay:Arrowhead"},{"floor":46,"key":"Golden Egg"},{"floor":54,"key":"Simple Rune"}],"event_choices":[{"cards_removed":["Strike_B"],"damage_healed":0,"gold_gain":0,"player_choice":"Card Removal","damage_taken":7,"max_hp_gain":0,"max_hp_loss":0,"event_name":"Golden Wing","floor":13,"gold_loss":0},{"damage_healed":0,"gold_gain":0,"cards_transformed":["Strike_B"],"player_choice":"Transformed","damage_taken":0,"max_hp_gain":0,"max_hp_loss":0,"event_name":"Transmorgrifier","floor":14,"gold_loss":0,"cards_obtained":["Tempest"]},{"damage_healed":0,"gold_gain":0,"player_choice":"Memory 1","damage_taken":0,"max_hp_gain":0,"max_hp_loss":0,"event_name":"SensoryStone","floor":37,"gold_loss":0},{"damage_healed":0,"gold_gain":0,"player_choice":"Fight","damage_taken":0,"max_hp_gain":0,"max_hp_loss":0,"event_name":"Mysterious Sphere","floor":45,"gold_loss":0}],"is_beta":false,"boss_relics":[{"not_picked":["Replay:Bronze Core","Snecko Eye"],"picked":"FeatherPendant"},{"not_picked":["hubris:RunicObelisk","Astrolabe"],"picked":"aspiration:PoetsPen_weak"}],"items_purged_floors":[5,53],"is_endless":false,"potions_floor_spawned":[3,4,7,12,19,20,24,25,38,39,42,44,46,54],"ascension_level":17}}