{"host":"ecaj4hn004xnnrw9","time":1610486049,"event":{"mods":["AchievementEnabler","BaseMod","Better Third Choice","Hermit","Hubris","Infinite Spire","Jorbs\u0027s Wanderer Trilogy","Minty Spire (QoL Compilation)","Quick Restart","Shop Mod","StSLib","The Construct","The Jungle","The Runesmith"],"gold_per_floor":[117,129,129,129,140,140,158,169,169,196,196,215,215,225,225,321,321,340,340,255,180,180,215,227,240,312,312,312,312,330,330,330,431,431,450,465,465,484,71,71,71,71],"floor_reached":41,"language":"ENG","playtime":3121,"items_purged":["Runesmith:Strike_RS","Runesmith:Strike_RS","Runesmith:Strike_RS"],"score":463,"play_id":"9016fb4f-3184-49ed-ba28-47ec99cffd8e","local_time":"20210112211409","is_ascension_mode":false,"campfire_choices":[{"data":"Runesmith:BackupBattery","floor":6,"key":"SMITH"},{"floor":13,"key":"REST"},{"data":"Runesmith:BackupBattery+1","floor":15,"key":"SMITH"},{"data":"Runesmith:CraftMagma","floor":27,"key":"SMITH"},{"data":"Runesmith:BackupBattery+2","floor":29,"key":"SMITH"},{"data":"Runesmith:BackupBattery+3","floor":32,"key":"SMITH"}],"circlet_count":0,"master_deck":["Runesmith:Defend_RS","Runesmith:Defend_RS","Runesmith:Defend_RS","Runesmith:Defend_RS","Runesmith:CraftFirestone","Runesmith:Fortify","Runesmith:Duplicate","Runesmith:BackupBattery+4","Runesmith:CraftMagma+1","Runesmith:HammerThrow","hubris:DuctTapeCard","Runesmith:BackupBattery","Runesmith:ChiselStab","Runesmith:Terraform","Runesmith:Supernova","Runesmith:CraftMedicinae+1","Runesmith:HammerAndChisel+1","Runesmith:Accelerate+1","Runesmith:Grindstone+1","Runesmith:ArcReactor","Runesmith:ElementalConversion+1","Runesmith:LithiumIon","infinitespire:FutureSight+1","Runesmith:EarthShield+1","Runesmith:Firestorm"],"relics":["Runesmith:BrokenRuby","Mercury Hourglass","hubris:DuctTape","Oddly Smooth Stone","infinitespire:Cupcake","Toxic Egg 2","Bag of Marbles","Meat on the Bone","Nunchaku","Runic Pyramid","Lee\u0027s Waffle","Membership Card","hubris:Spice"],"acts_visited":["Exordium","TheCity","TheBeyond"],"potions_floor_usage":[16,36],"damage_taken":[{"damage":5,"enemies":"Small Slimes","floor":1,"turns":3},{"damage":2,"enemies":"Cultist","floor":2,"turns":4},{"damage":0,"enemies":"Jaw Worm","floor":5,"turns":4},{"damage":6,"enemies":"Looter","floor":7,"turns":4},{"damage":10,"enemies":"3 Louse","floor":8,"turns":3},{"damage":11,"enemies":"3 Sentries","floor":10,"turns":7},{"damage":0,"enemies":"Exordium Thugs","floor":12,"turns":4},{"damage":0,"enemies":"Large Slime","floor":14,"turns":4},{"damage":5,"enemies":"The Guardian","floor":16,"turns":11},{"damage":0,"enemies":"Spheric Guardian","floor":18,"turns":5},{"damage":0,"enemies":"Nightmare","floor":23,"turns":1},{"damage":0,"enemies":"Shell Parasite","floor":24,"turns":6},{"damage":10,"enemies":"Shelled Parasite and Fungi","floor":25,"turns":5},{"damage":0,"enemies":"Centurion and Healer","floor":30,"turns":6},{"damage":15,"enemies":"Collector","floor":33,"turns":9},{"damage":23,"enemies":"3 Shapes","floor":35,"turns":4},{"damage":6,"enemies":"3 Darklings","floor":36,"turns":6},{"damage":3,"enemies":"Maw","floor":38,"turns":9},{"damage":26,"enemies":"Reptomancer","floor":41,"turns":6}],"seed_played":"-1440074853475534175","potions_obtained":[{"floor":1,"key":"Dexterity Potion"},{"floor":4,"key":"FearPotion"},{"floor":4,"key":"FairyPotion"},{"floor":10,"key":"DistilledChaos"},{"floor":25,"key":"Explosive Potion"},{"floor":35,"key":"Strength Potion"},{"floor":36,"key":"Dexterity Potion"}],"is_trial":false,"path_per_floor":["M","M","?","?","M","R","M","M","T","E","?","M","R","M","R","B",null,"M","?","?","$","?","NM","M","M","T","R","?","R","M","?","R","B",null,"M","M","AVR","M","$","?","E"],"character_chosen":"RUNESMITH_CLASS","items_purchased":["Membership Card","hubris:Spice","Runesmith:EarthShield+1","Runesmith:Firestorm"],"campfire_rested":1,"item_purchase_floors":[39,39,39,39],"current_hp_per_floor":[65,63,68,68,68,68,62,52,52,41,8,8,30,30,30,25,75,75,57,57,57,57,57,61,55,55,55,55,55,55,55,55,46,75,52,56,82,79,87,85,70,70],"gold":71,"neow_bonus":"ONE_RANDOM_RARE_CARD","is_daily":false,"chose_seed":false,"campfire_upgraded":5,"win_rate":0.0,"timestamp":1610486049,"path_taken":["M","M","?","?","M","R","?","M","T","E","?","M","R","M","R","BOSS","M","?","?","$","?","NM","M","?","T","R","?","R","?","?","R","BOSS","M","M","AVR","M","$","?","E"],"items_purchased_type":["Relic","Relic","Card","Card"],"build_version":"2020-12-22","purchased_purges":3,"victory":false,"max_hp_per_floor":[70,70,75,75,75,75,75,75,75,75,75,75,75,75,75,75,75,75,75,75,75,75,75,75,75,75,75,75,75,75,75,75,75,75,75,75,82,82,90,85,85,85],"card_choices":[{"not_picked":["Runesmith:CraftMagma","Runesmith:ChiselStab"],"picked":"Runesmith:BackupBattery","floor":1},{"not_picked":["Runesmith:StaticCage","Runesmith:ChaoticBlast"],"picked":"Runesmith:CraftProtectio","floor":2},{"not_picked":["Runesmith:Repurpose","Runesmith:HeatedChisel"],"picked":"Runesmith:CraftMagma","floor":5},{"not_picked":["Runesmith:RuneHurl","Runesmith:WhiteBalance"],"picked":"Runesmith:HammerThrow","floor":7},{"not_picked":["Runesmith:EnergizedChisel","Runesmith:UnstableHammer"],"picked":"Runesmith:Terraform","floor":8},{"not_picked":["Runesmith:CraftProtectio","Runesmith:CraftMagma"],"picked":"Runesmith:BackupBattery","floor":10},{"not_picked":["Runesmith:CraftMagma","Runesmith:UnstableHammer"],"picked":"Runesmith:ChiselStab","floor":12},{"not_picked":["Runesmith:CraftReservo","Runesmith:RuneHurl"],"picked":"Runesmith:Terraform","floor":14},{"not_picked":["Runesmith:CreatorForm","Runesmith:MetallurgicalResearch"],"picked":"Runesmith:Supernova","floor":16},{"not_picked":["Runesmith:ChiselStab+1","Runesmith:Repurpose","Runesmith:Refine"],"picked":"SKIP","floor":18},{"not_picked":["infinitespire:Oblivion","infinitespire:Gouge"],"picked":"infinitespire:SealOfDarkness+","floor":19},{"not_picked":["Runesmith:UnstableHammer","Runesmith:WhiteBalance"],"picked":"Runesmith:CraftMedicinae+1","floor":23},{"not_picked":["Runesmith:CraftMagma+1","Runesmith:ShiftingStrike"],"picked":"Runesmith:HammerAndChisel+1","floor":24},{"not_picked":["Runesmith:Overpower","Runesmith:ShiftingStrike"],"picked":"Runesmith:Accelerate+1","floor":25},{"not_picked":["Runesmith:CraftProtectio+1","Runesmith:MakeshiftArmor+1"],"picked":"Runesmith:Grindstone+1","floor":30},{"not_picked":["Runesmith:Supernova+1","Runesmith:Duplicate+1"],"picked":"Runesmith:ArcReactor","floor":33},{"not_picked":["Runesmith:CraftMagma+1","Runesmith:ChiselStab+1"],"picked":"Runesmith:ElementalConversion+1","floor":35},{"not_picked":["Runesmith:EnergizedChisel+1","Runesmith:HammerThrow"],"picked":"Runesmith:LithiumIon","floor":36},{"not_picked":["Runesmith:HeatExchange+1","Runesmith:Grindstone+1","Runesmith:UnstableHammer+1"],"picked":"SKIP","floor":38}],"player_experience":292520,"relics_obtained":[{"floor":9,"key":"Mercury Hourglass"},{"floor":10,"key":"hubris:DuctTape"},{"floor":23,"key":"Bag of Marbles"},{"floor":26,"key":"Meat on the Bone"}],"event_choices":[{"damage_healed":0,"gold_gain":0,"player_choice":"Donut","damage_taken":0,"max_hp_gain":5,"max_hp_loss":0,"event_name":"Big Fish","floor":3,"gold_loss":0},{"damage_healed":0,"gold_gain":0,"player_choice":"Got Potions","damage_taken":0,"max_hp_gain":0,"max_hp_loss":0,"event_name":"Lab","floor":4,"gold_loss":0},{"damage_healed":0,"gold_gain":0,"player_choice":"Relic ","damage_taken":33,"max_hp_gain":0,"max_hp_loss":0,"event_name":"betterThird:BetterScrap","floor":11,"gold_loss":0,"cards_obtained":["Perseverance"]},{"damage_healed":0,"gold_gain":0,"player_choice":"Obtained Relic","damage_taken":0,"relics_obtained":["Toxic Egg 2"],"max_hp_gain":0,"max_hp_loss":0,"event_name":"Addict","floor":20,"gold_loss":85},{"damage_healed":0,"gold_gain":0,"player_choice":"Ignored","damage_taken":0,"max_hp_gain":0,"max_hp_loss":0,"event_name":"NoteForYourself","floor":22,"gold_loss":0},{"cards_removed":["Runesmith:Strike_RS"],"damage_healed":0,"gold_gain":0,"player_choice":"Purged","damage_taken":0,"max_hp_gain":0,"max_hp_loss":0,"event_name":"Purifier","floor":28,"gold_loss":0},{"damage_healed":0,"gold_gain":0,"player_choice":"Opened","damage_taken":0,"relics_obtained":["Nunchaku"],"max_hp_gain":0,"max_hp_loss":0,"event_name":"The Mausoleum","floor":31,"gold_loss":0},{"damage_healed":0,"gold_gain":0,"player_choice":"Max HP","damage_taken":0,"max_hp_gain":0,"max_hp_loss":5,"event_name":"Winding Halls","floor":40,"gold_loss":0}],"is_beta":false,"boss_relics":[{"not_picked":["hubris:RunicObelisk","Runesmith:UraniumAnvil"],"picked":"infinitespire:Cupcake"},{"not_picked":["Sozu","hubris:ScarierMask"],"picked":"Runic Pyramid"}],"items_purged_floors":[21,37,39],"is_endless":true,"potions_floor_spawned":[1,10,12,14,25,33,35,36],"killed_by":"Reptomancer","ascension_level":0}}