{"host":"q206iib20se9i6w7","time":1610416396,"event":{"mods":["AchievementEnabler","BaseMod","Block Reminder","Colored Map","Colored Powertips","Curses Come First","Highlight Path","Key Reminder","Minty Spire (QoL Compilation)","Quick Restart","Random Character Button","Relic Stats","StSLib","SuperFastMode","Unceasing Turn Reminder"],"gold_per_floor":[116,116,116,131,206,206,241,241,241,266,266,291,307,3,3,106,106,120,140,140,150,65,65,94,104,131,165,177,177,204,214,214,309,309,325,325,325,325,342,367,367,392,392,427,438,456,15,33,33,33,33,33,8,42,42,42],"floor_reached":55,"playtime":5283,"items_purged":["Strike_P","Defend_P"],"score":1173,"play_id":"8a93ce22-6754-4363-85f3-37ab954c1d36","local_time":"20210111195316","is_ascension_mode":true,"campfire_choices":[{"data":"DeceiveReality","floor":6,"key":"SMITH"},{"data":"SignatureMove","floor":8,"key":"SMITH"},{"data":"InnerPeace","floor":11,"key":"SMITH"},{"data":"Fasting2","floor":15,"key":"SMITH"},{"floor":23,"key":"REST"},{"data":"Wallop","floor":29,"key":"SMITH"},{"data":"Nirvana","floor":32,"key":"SMITH"},{"data":"Ragnarok","floor":41,"key":"SMITH"},{"floor":49,"key":"RECALL"},{"data":"Meditate","floor":52,"key":"SMITH"}],"circlet_count":0,"master_deck":["Strike_P+1","Defend_P","Defend_P","Eruption+1","Vigilance","CrushJoints+1","SignatureMove+1","DeceiveReality+1","Wireheading","InnerPeace+1","Meditate+1","Fasting2+1","FearNoEvil","DevaForm","Fasting2+1","Fasting2+1","Nirvana+1","EmptyFist","Wallop+1","CutThroughFate+1","Perseverance","Crescendo","ThirdEye","Ragnarok+1","ThirdEye+1","Protect","DeceiveReality+1","Crescendo","Protect+1","FearNoEvil","EmptyFist+1","Halt"],"relics":["Sozu","Tiny Chest","Meat on the Bone","Strawberry","Pantograph","Happy Flower","Snecko Eye","Bronze Scales","Unceasing Top","Nunchaku","Pear","Empty Cage","PreservedInsect","Whetstone","StrikeDummy","Blood Vial","OrangePellets","Pen Nib","Bag of Marbles"],"acts_visited":["Exordium","TheCity","TheBeyond","TheEnding"],"potions_floor_usage":[],"damage_taken":[{"damage":0,"enemies":"Jaw Worm","floor":1,"turns":2},{"damage":0,"enemies":"2 Louse","floor":4,"turns":1},{"damage":0,"enemies":"Gremlin Nob","floor":7,"turns":3},{"damage":0,"enemies":"Lagavulin","floor":10,"turns":2},{"damage":3,"enemies":"3 Sentries","floor":12,"turns":6},{"damage":17,"enemies":"Small Slimes","floor":13,"turns":3},{"damage":1,"enemies":"The Guardian","floor":16,"turns":6},{"damage":0,"enemies":"Chosen","floor":18,"turns":4},{"damage":36,"enemies":"Shell Parasite","floor":19,"turns":3},{"damage":7,"enemies":"Cultist and Chosen","floor":21,"turns":4},{"damage":35,"enemies":"Slavers","floor":24,"turns":4},{"damage":3,"enemies":"Chosen and Byrds","floor":25,"turns":4},{"damage":9,"enemies":"Book of Stabbing","floor":27,"turns":4},{"damage":0,"enemies":"Snecko","floor":28,"turns":2},{"damage":8,"enemies":"Slavers","floor":30,"turns":4},{"damage":11,"enemies":"Snake Plant","floor":31,"turns":3},{"damage":13,"enemies":"Collector","floor":33,"turns":5},{"damage":0,"enemies":"3 Shapes","floor":35,"turns":5},{"damage":5,"enemies":"3 Darklings","floor":39,"turns":4},{"damage":5,"enemies":"Reptomancer","floor":40,"turns":6},{"damage":0,"enemies":"Giant Head","floor":42,"turns":4},{"damage":8,"enemies":"Nemesis","floor":44,"turns":3},{"damage":4,"enemies":"Spire Growth","floor":45,"turns":4},{"damage":11,"enemies":"4 Shapes","floor":46,"turns":4},{"damage":32,"enemies":"Transient","floor":48,"turns":5},{"damage":4,"enemies":"Awakened One","floor":50,"turns":7},{"damage":65,"enemies":"Shield and Spear","floor":54,"turns":5},{"damage":63,"enemies":"The Heart","floor":55,"turns":8}],"seed_played":"2936248956672975252","potions_obtained":[],"is_trial":false,"path_per_floor":["M","?","?","M","?","R","E","R","T","E","R","E","M","$","R","B",null,"M","M","?","M","?","R","E","M","T","E","M","R","E","M","R","B",null,"M","?","T","?","M","E","R","E","T","E","M","M","$","M","R","B",null,"R","$","E","B"],"character_chosen":"WATCHER","items_purchased":["Happy Flower","FearNoEvil","OrangePellets","Pen Nib","FearNoEvil","Halt"],"campfire_rested":1,"item_purchase_floors":[14,14,47,47,47,53],"current_hp_per_floor":[65,51,51,51,40,40,40,40,40,47,47,44,39,39,39,63,75,75,51,36,41,41,66,43,52,52,43,43,43,57,58,58,70,88,88,88,88,88,83,78,78,78,78,70,68,59,59,41,41,64,83,83,83,32,0,0],"gold":42,"neow_bonus":"BOSS_RELIC","is_daily":false,"chose_seed":false,"campfire_upgraded":8,"win_rate":0.0,"timestamp":1610416396,"path_taken":["M","?","?","M","?","R","E","R","T","E","R","E","M","$","R","BOSS","M","M","?","M","?","R","E","M","T","E","M","R","E","M","R","BOSS","M","?","?","?","M","E","R","E","T","E","M","M","$","M","R","BOSS","R","$","E","BOSS"],"items_purchased_type":["Relic","Card","Relic","Relic","Card","Card"],"build_version":"2020-12-22","purchased_purges":2,"victory":false,"max_hp_per_floor":[72,72,72,72,72,72,72,72,72,79,79,79,79,79,79,79,79,79,79,84,84,84,84,84,84,84,84,84,84,94,94,94,94,94,94,94,94,89,89,89,89,89,89,89,89,89,89,89,89,89,89,89,89,89,89,89],"relic_stats":{"Happy Flower":[32],"counters":[28,115],"PreservedInsect":240,"Pen Nib":[4],"Whetstone":["CutThroughFate","Eruption"],"Sozu":12,"Blood Vial":12,"OrangePellets":[12],"Nunchaku":[12],"Pantograph":100,"Bronze Scales":[361],"Snecko Eye":[150,124,123,136],"Tiny Chest":1,"obtain_stats":[{"Pear":30,"Happy Flower":14,"PreservedInsect":40,"Pen Nib":47,"Whetstone":42,"Empty Cage":34,"Sozu":0,"keyreminder:keyreminder":12,"Blood Vial":44,"OrangePellets":47,"Nunchaku":26,"Strawberry":10,"Pantograph":12,"Bronze Scales":22,"Snecko Eye":17,"Tiny Chest":7,"Bag of Marbles":54,"PureWater":0,"StrikeDummy":43,"Unceasing Top":24,"Meat on the Bone":9},{"Pear":15,"Happy Flower":6,"PreservedInsect":20,"Pen Nib":24,"Whetstone":21,"Empty Cage":17,"Sozu":0,"keyreminder:keyreminder":5,"Blood Vial":22,"OrangePellets":24,"Nunchaku":12,"Strawberry":4,"Pantograph":5,"Bronze Scales":10,"Snecko Eye":7,"Tiny Chest":3,"Bag of Marbles":27,"PureWater":0,"StrikeDummy":21,"Unceasing Top":11,"Meat on the Bone":3},{"Pear":52,"Happy Flower":17,"PreservedInsect":75,"Pen Nib":90,"Whetstone":79,"Empty Cage":60,"Sozu":0,"keyreminder:keyreminder":14,"Blood Vial":82,"OrangePellets":90,"Nunchaku":42,"Strawberry":8,"Pantograph":14,"Bronze Scales":34,"Snecko Eye":23,"Tiny Chest":6,"Bag of Marbles":107,"PureWater":0,"StrikeDummy":79,"Unceasing Top":38,"Meat on the Bone":6}],"Unceasing Top":[0],"Meat on the Bone":108},"card_choices":[{"not_picked":["Conclude","Swivel"],"picked":"CrushJoints","floor":1},{"not_picked":["PathToVictory","JustLucky"],"picked":"DeceiveReality","floor":4},{"not_picked":["Crescendo","Protect"],"picked":"Wireheading","floor":7},{"not_picked":["CarveReality","PathToVictory"],"picked":"InnerPeace","floor":10},{"not_picked":["SpiritShield","SashWhip"],"picked":"Meditate","floor":12},{"not_picked":["JustLucky","ThirdEye"],"picked":"Fasting2","floor":13},{"not_picked":["Judgement","Brilliance"],"picked":"DevaForm","floor":16},{"not_picked":["ForeignInfluence","CarveReality"],"picked":"Fasting2+1","floor":18},{"not_picked":["Consecrate+1","EmptyBody"],"picked":"Fasting2+1","floor":19},{"not_picked":["InnerPeace","WindmillStrike"],"picked":"Nirvana","floor":21},{"not_picked":["CrushJoints","Wireheading"],"picked":"EmptyFist","floor":24},{"not_picked":["CutThroughFate","ClearTheMind"],"picked":"Wallop","floor":25},{"not_picked":["Halt","Alpha"],"picked":"CutThroughFate","floor":27},{"not_picked":["EmptyBody","PathToVictory"],"picked":"Perseverance","floor":28},{"not_picked":["EmptyFist","Wireheading"],"picked":"Crescendo","floor":30},{"not_picked":["SashWhip","ForeignInfluence"],"picked":"ThirdEye","floor":31},{"not_picked":["Establishment","MasterReality"],"picked":"Ragnarok","floor":33},{"not_picked":["Tantrum+1","Study"],"picked":"ThirdEye+1","floor":35},{"not_picked":["FollowUp+1","Evaluate","PathToVictory+1"],"picked":"SKIP","floor":39},{"not_picked":["CrushJoints+1","LikeWater"],"picked":"Protect","floor":40},{"not_picked":["Consecrate+1","Wireheading","BattleHymn"],"picked":"SKIP","floor":42},{"not_picked":["CrushJoints+1","Alpha"],"picked":"DeceiveReality+1","floor":44},{"not_picked":["SashWhip+1","EmptyBody+1"],"picked":"Crescendo","floor":45},{"not_picked":["SashWhip","CrushJoints+1"],"picked":"Protect+1","floor":46},{"not_picked":["FollowUp+1","Pray+1"],"picked":"EmptyFist+1","floor":48},{"not_picked":["Halt","Collect","FlurryOfBlows"],"picked":"SKIP","floor":54}],"player_experience":234466,"relics_obtained":[{"floor":7,"key":"Tiny Chest"},{"floor":9,"key":"Meat on the Bone"},{"floor":10,"key":"Strawberry"},{"floor":12,"key":"Pantograph"},{"floor":24,"key":"Unceasing Top"},{"floor":26,"key":"Nunchaku"},{"floor":30,"key":"Pear"},{"floor":40,"key":"PreservedInsect"},{"floor":42,"key":"Whetstone"},{"floor":43,"key":"StrikeDummy"},{"floor":44,"key":"Blood Vial"},{"floor":54,"key":"Bag of Marbles"}],"event_choices":[{"damage_healed":0,"gold_gain":0,"player_choice":"Entered Light","damage_taken":14,"max_hp_gain":0,"max_hp_loss":0,"event_name":"Shining Light","floor":2,"gold_loss":0,"cards_upgraded":["Strike_P","CrushJoints"]},{"damage_healed":0,"gold_gain":0,"cards_transformed":["Strike_P"],"player_choice":"Change","damage_taken":0,"max_hp_gain":0,"max_hp_loss":0,"event_name":"Living Wall","floor":3,"gold_loss":0,"cards_obtained":["SignatureMove"]},{"damage_healed":0,"gold_gain":75,"player_choice":"Gather Gold","damage_taken":11,"max_hp_gain":0,"max_hp_loss":0,"event_name":"World of Goop","floor":5,"gold_loss":0},{"damage_healed":0,"gold_gain":0,"player_choice":"Shed Blood","damage_taken":20,"max_hp_gain":5,"max_hp_loss":0,"event_name":"Forgotten Altar","floor":20,"gold_loss":0},{"damage_healed":0,"gold_gain":0,"player_choice":"Obtained Relic","damage_taken":0,"relics_obtained":["Bronze Scales"],"max_hp_gain":0,"max_hp_loss":0,"event_name":"Addict","floor":22,"gold_loss":85},{"damage_healed":0,"gold_gain":0,"player_choice":"Bought 0 Potions","damage_taken":0,"max_hp_gain":0,"max_hp_loss":0,"event_name":"The Woman in Blue","floor":36,"gold_loss":0},{"damage_healed":0,"gold_gain":0,"player_choice":"Max HP","damage_taken":0,"max_hp_gain":0,"max_hp_loss":5,"event_name":"Winding Halls","floor":38,"gold_loss":0}],"is_beta":false,"boss_relics":[{"not_picked":["Coffee Dripper","Pandora\u0027s Box"],"picked":"Snecko Eye"},{"not_picked":["SacredBark","Calling Bell"],"picked":"Empty Cage"}],"items_purged_floors":[14,47],"is_endless":false,"potions_floor_spawned":[1,7,12,19,24,25,27,31,35,40,46,48],"killed_by":"The Heart","ascension_level":6}}