{"host":"50per11302020","time":1610435381,"event":{"mods":["AchievementEnabler","BaseMod","Colored Map","Minty Spire (QoL Compilation)","Relic Stats","StSLib"],"gold_per_floor":[216,127,147,62,75,75,75,75,75,75,75,95,39,82,82,177,177,190,190,209,209,252,252,292,292,364,364,364],"floor_reached":27,"playtime":1640,"items_purged":[],"score":456,"play_id":"c3f3b096-687f-4f8a-8919-945702114a54","local_time":"20210111230941","is_ascension_mode":true,"campfire_choices":[{"data":"Noxious Fumes","floor":6.0,"key":"SMITH"},{"floor":8.0,"key":"REST"},{"data":"Poisoned Stab","floor":10.0,"key":"SMITH"},{"data":"Glass Knife","floor":15.0,"key":"SMITH"},{"floor":23,"key":"REST"},{"floor":25,"key":"REST"}],"circlet_count":0,"master_deck":["AscendersBane","Defend_G","Defend_G","Defend_G+1","Defend_G","Defend_G+1","Survivor","Neutralize","Accuracy","Accuracy","Poisoned Stab+1","Noxious Fumes+1","Terror","PiercingWail","Glass Knife+1","Glass Knife","Distraction+1","Distraction+1","Eviscerate+1","Calculated Gamble","Bite","Bite","Bite","Bite","Bite","PiercingWail+1","Catalyst+1","PiercingWail"],"relics":["Ring of the Snake","Golden Idol","Thread and Needle","Pantograph","Astrolabe","Red Mask","War Paint","Paper Crane"],"acts_visited":["Exordium","TheCity"],"potions_floor_usage":[22],"damage_taken":[{"damage":0.0,"enemies":"2 Louse","floor":1.0,"turns":4.0},{"damage":4.0,"enemies":"Small Slimes","floor":3.0,"turns":6.0},{"damage":2.0,"enemies":"Jaw Worm","floor":5.0,"turns":5.0},{"damage":1.0,"enemies":"Exordium Wildlife","floor":12.0,"turns":4.0},{"damage":24.0,"enemies":"Lagavulin","floor":14.0,"turns":9.0},{"damage":30.0,"enemies":"Hexaghost","floor":16.0,"turns":10.0},{"damage":5.0,"enemies":"Chosen","floor":18.0,"turns":3.0},{"damage":16.0,"enemies":"2 Thieves","floor":20.0,"turns":4.0},{"damage":22,"enemies":"Masked Bandits","floor":22,"turns":6},{"damage":38,"enemies":"Slavers","floor":24,"turns":6},{"damage":24,"enemies":"Cultist and Chosen","floor":27,"turns":4}],"seed_played":"804324058611310927","potions_obtained":[{"floor":1.0,"key":"Block Potion"},{"floor":5.0,"key":"FairyPotion"},{"floor":16.0,"key":"Dexterity Potion"},{"floor":20.0,"key":"Ancient Potion"}],"is_trial":false,"path_per_floor":["M","$","M","$","M","R","?","R","T","R","?","M","?","E","R","B",null,"M","?","M","?","?","R","E","R","T","M"],"character_chosen":"THE_SILENT","items_purchased":["Accuracy","Noxious Fumes"],"campfire_rested":3,"item_purchase_floors":[2,4],"current_hp_per_floor":[59,59,55,55,53,53,30,49,49,49,29,28,28,4,4,19,54,49,46,38,38,22,35,1,14,14,0,0],"gold":364,"neow_bonus":"HUNDRED_GOLD","is_daily":false,"chose_seed":false,"campfire_upgraded":3,"win_rate":0.0,"timestamp":1610435381,"path_taken":["M","$","M","$","M","R","?","R","T","R","?","M","?","E","R","BOSS","M","?","M","?","?","R","E","R","T","M"],"items_purchased_type":["Card","Card"],"build_version":"2020-12-18","purchased_purges":0,"victory":false,"max_hp_per_floor":[66,66,66,66,66,66,66,66,66,66,66,66,66,66,66,66,66,66,46,46,46,46,46,46,46,46,46,46],"relic_stats":{"counters":[11,61],"Golden Idol":56,"Pantograph":25,"Astrolabe":["Distraction","Distraction","Eviscerate"],"War Paint":["Catalyst","PiercingWail"],"obtain_stats":[{"Golden Idol":7,"Pantograph":14,"Astrolabe":17,"Thread and Needle":9,"Red Mask":22,"War Paint":24,"Paper Crane":26,"Ring of the Snake":0},{"Golden Idol":3,"Pantograph":5,"Astrolabe":6,"Thread and Needle":3,"Red Mask":9,"War Paint":10,"Paper Crane":10,"Ring of the Snake":0},{"Golden Idol":15,"Pantograph":28,"Astrolabe":38,"Thread and Needle":15,"Red Mask":51,"War Paint":57,"Paper Crane":57,"Ring of the Snake":0}],"Ring of the Snake":[22]},"card_choices":[{"not_picked":["Riddle With Holes","PiercingWail"],"picked":"Accuracy","floor":1.0},{"not_picked":["Escape Plan","Bane"],"picked":"Poisoned Stab","floor":3.0},{"not_picked":["Sucker Punch","Poisoned Stab"],"picked":"Terror","floor":5.0},{"not_picked":["Deadly Poison","Cloak And Dagger"],"picked":"PiercingWail","floor":12.0},{"not_picked":["Slice","Deadly Poison"],"picked":"Glass Knife","floor":14.0},{"not_picked":["A Thousand Cuts","Grand Finale"],"picked":"Glass Knife","floor":16.0},{"not_picked":["Heel Hook","Setup"],"picked":"Calculated Gamble","floor":18.0},{"not_picked":["Deadly Poison","Underhanded Strike"],"picked":"PiercingWail","floor":20.0},{"not_picked":["Sucker Punch","Eviscerate"],"picked":"PiercingWail","floor":22},{"not_picked":["Heel Hook","Accuracy","Bouncing Flask"],"picked":"SKIP","floor":24}],"player_experience":182723,"relics_obtained":[{"floor":9.0,"key":"Thread and Needle"},{"floor":14.0,"key":"Pantograph"},{"floor":22,"key":"Red Mask"},{"floor":24,"key":"War Paint"},{"floor":26,"key":"Paper Crane"}],"event_choices":[{"damage_healed":0.0,"max_hp_gain":0.0,"max_hp_loss":0.0,"gold_gain":0.0,"event_name":"Golden Idol","player_choice":"Take Damage","floor":7.0,"gold_loss":0.0,"damage_taken":23.0,"relics_obtained":["Golden Idol"]},{"damage_healed":0.0,"max_hp_gain":0.0,"max_hp_loss":0.0,"gold_gain":0.0,"event_name":"Shining Light","player_choice":"Entered Light","floor":11.0,"gold_loss":0.0,"damage_taken":20.0,"cards_upgraded":["Defend_G","Defend_G"]},{"damage_healed":0.0,"max_hp_gain":0.0,"max_hp_loss":0.0,"gold_gain":0.0,"event_name":"World of Goop","player_choice":"Left Gold","floor":13.0,"gold_loss":56.0,"damage_taken":0.0},{"damage_healed":0.0,"max_hp_gain":0.0,"max_hp_loss":20.0,"gold_gain":0.0,"event_name":"Vampires","player_choice":"Became a vampire","floor":19.0,"gold_loss":0.0,"damage_taken":0.0,"cards_obtained":["Bite","Bite","Bite","Bite","Bite"]},{"damage_healed":0.0,"max_hp_gain":0.0,"max_hp_loss":0.0,"gold_gain":0.0,"event_name":"The Library","player_choice":"Read","floor":21.0,"gold_loss":0.0,"damage_taken":0.0,"cards_obtained":["Catalyst"]},{"damage_healed":0,"gold_gain":0,"player_choice":"Fought Bandits","damage_taken":0,"max_hp_gain":0,"max_hp_loss":0,"event_name":"Masked Bandits","floor":22,"gold_loss":0}],"is_beta":true,"boss_relics":[{"not_picked":["Runic Pyramid","Ring of the Serpent"],"picked":"Astrolabe"}],"items_purged_floors":[],"is_endless":false,"potions_floor_spawned":[1,5,16,20],"killed_by":"Cultist and Chosen","ascension_level":18}}