{"host":"fevvm7bbzuh4s1jc","time":1610481443,"event":{"mods":["BaseMod","Highlight Path","Minty Spire (QoL Compilation)","Relic Stats"],"gold_per_floor":[115,133,148,148,168,212,212,212,212],"floor_reached":8,"language":"ENG","playtime":345,"items_purged":[],"score":116,"play_id":"b42bafbe-8efa-4337-b0f0-96e0bcd860cc","local_time":"20210112145723","is_ascension_mode":true,"campfire_choices":[{"floor":7,"key":"REST"}],"circlet_count":0,"master_deck":["AscendersBane","Strike_G","Strike_G","Strike_G","Strike_G","Strike_G","Defend_G","Defend_G","Defend_G","Defend_G","Defend_G","Survivor","Neutralize","Quick Slash","Dagger Throw","Riddle With Holes","Dagger Spray"],"relics":["Velvet Choker","Golden Idol","Darkstone Periapt"],"acts_visited":[],"potions_floor_usage":[6],"damage_taken":[{"damage":0,"enemies":"2 Louse","floor":1,"turns":3},{"damage":7,"enemies":"Jaw Worm","floor":2,"turns":4},{"damage":0,"enemies":"Cultist","floor":3,"turns":3},{"damage":3,"enemies":"3 Louse","floor":5,"turns":3},{"damage":43,"enemies":"Lagavulin","floor":6,"turns":8},{"damage":27,"enemies":"3 Sentries","floor":8,"turns":7}],"seed_played":"723554393528941040","potions_obtained":[{"floor":3,"key":"SkillPotion"},{"floor":6,"key":"SpeedPotion"}],"is_trial":false,"path_per_floor":["M","M","M","?","M","E","R","E"],"character_chosen":"THE_SILENT","items_purchased":[],"campfire_rested":1,"item_purchase_floors":[],"current_hp_per_floor":[59,52,52,52,49,6,24,0,0],"gold":212,"neow_bonus":"BOSS_RELIC","is_daily":false,"chose_seed":false,"campfire_upgraded":0,"win_rate":0.0,"timestamp":1610481443,"path_taken":["M","M","M","?","M","E","R","E"],"items_purchased_type":[],"build_version":"2020-12-22","purchased_purges":0,"victory":false,"max_hp_per_floor":[66,66,66,60,60,60,60,60,60],"relic_stats":{"Darkstone Periapt":0,"counters":[6,28],"Golden Idol":13,"obtain_stats":[{"Darkstone Periapt":6,"Golden Idol":4,"Velvet Choker":0},{"Darkstone Periapt":5,"Golden Idol":3,"Velvet Choker":0},{"Darkstone Periapt":21,"Golden Idol":10,"Velvet Choker":0}]},"card_choices":[{"not_picked":["Caltrops","Reflex"],"picked":"Quick Slash","floor":1},{"not_picked":["Bane","Cloak And Dagger"],"picked":"Dagger Throw","floor":2},{"not_picked":["Sucker Punch","Prepared"],"picked":"Riddle With Holes","floor":3},{"not_picked":["Dodge and Roll","Blade Dance"],"picked":"Dagger Spray","floor":5},{"not_picked":["Caltrops","Storm of Steel","Dagger Throw"],"picked":"SKIP","floor":6}],"player_experience":2694549,"relics_obtained":[{"floor":6,"key":"Darkstone Periapt"}],"event_choices":[{"damage_healed":0,"gold_gain":0,"player_choice":"Lose Max HP","damage_taken":0,"relics_obtained":["Golden Idol"],"max_hp_gain":0,"max_hp_loss":6,"event_name":"Golden Idol","floor":4,"gold_loss":0}],"is_beta":false,"boss_relics":[],"items_purged_floors":[],"is_endless":false,"potions_floor_spawned":[3,6],"killed_by":"3 Sentries","ascension_level":20}}