{"host":"dowi7cgbhepuzvpj","time":1610414164,"event":{"mods":["AchievementEnabler","BaseMod","Colored Map","Highlight Path","Keyboard Shortcuts","Minty Spire (QoL Compilation)","Permanent Neow","Quick Restart","StSLib","SuperFastMode"],"gold_per_floor":[119,119,44,62,75,75,89,108,108,108,108,108,132,144,144,248,248,261,2,2,12,28,59,59,59,59,87,2,2,34,48,48,146,146,162,175,188,205,11,27,27,27,74,74,92,142,142,170,170,170],"floor_reached":51,"playtime":1686,"items_purged":["Strike_P","Defend_P","WaveOfTheHand+1"],"score":1322,"play_id":"02fc6fbd-83c5-4cec-9453-99040cfe4947","local_time":"20210112101603","is_ascension_mode":true,"campfire_choices":[{"data":"Eruption","floor":6.0,"key":"SMITH"},{"data":"Scrawl","floor":15.0,"key":"SMITH"},{"data":"Madness","floor":24.0,"key":"SMITH"},{"data":"FearNoEvil","floor":32,"key":"SMITH"},{"floor":42,"key":"REST"},{"floor":44,"key":"REST"},{"data":"Consecrate","floor":47,"key":"SMITH"},{"data":"Vigilance","floor":49,"key":"SMITH"}],"circlet_count":0,"master_deck":["Strike_P","Defend_P+1","Eruption+1","Vigilance+1","Brilliance+1","Adaptation+1","Adaptation+1","Consecrate+1","FearNoEvil+1","Scrawl+1","DevaForm+1","Adaptation+1","Madness+1","Tantrum+1"],"relics":["Frozen Egg 2","Pantograph","Art of War","Busted Crown","Nloth\u0027s Gift","TeardropLocket","Smiling Mask","Strawberry","Bag of Marbles","Boot","Runic Pyramid","Anchor","Dream Catcher","CloakClasp","Du-Vu Doll"],"acts_visited":["Exordium","TheCity","TheBeyond"],"potions_floor_usage":[27,27,38,50,50],"damage_taken":[{"damage":1.0,"enemies":"2 Louse","floor":1.0,"turns":3.0},{"damage":0.0,"enemies":"Cultist","floor":4.0,"turns":2.0},{"damage":0.0,"enemies":"Small Slimes","floor":5.0,"turns":3.0},{"damage":0.0,"enemies":"3 Louse","floor":7.0,"turns":2.0},{"damage":0.0,"enemies":"Large Slime","floor":8.0,"turns":3.0},{"damage":1.0,"enemies":"Exordium Thugs","floor":14.0,"turns":3.0},{"damage":0.0,"enemies":"Slime Boss","floor":16.0,"turns":5.0},{"damage":0.0,"enemies":"Spheric Guardian","floor":18.0,"turns":3.0},{"damage":0.0,"enemies":"Chosen","floor":21.0,"turns":3.0},{"damage":0.0,"enemies":"Snake Plant","floor":22.0,"turns":2.0},{"damage":4.0,"enemies":"Gremlin Leader","floor":23.0,"turns":2.0},{"damage":24,"enemies":"Slavers","floor":27,"turns":3},{"damage":0,"enemies":"Book of Stabbing","floor":30,"turns":1},{"damage":4,"enemies":"3 Cultists","floor":31,"turns":3},{"damage":0,"enemies":"Champ","floor":33,"turns":2},{"damage":0,"enemies":"3 Darklings","floor":35,"turns":1},{"damage":19,"enemies":"3 Shapes","floor":36,"turns":3},{"damage":0,"enemies":"Maw","floor":37,"turns":1},{"damage":22,"enemies":"Transient","floor":38,"turns":2},{"damage":21,"enemies":"4 Shapes","floor":40,"turns":3},{"damage":0,"enemies":"Jaw Worm Horde","floor":45,"turns":1},{"damage":0,"enemies":"Mind Bloom Boss Battle","floor":46,"turns":1},{"damage":0,"enemies":"Giant Head","floor":48,"turns":1},{"damage":30,"enemies":"Time Eater","floor":50,"turns":5}],"seed_played":"8111795112059744993","potions_obtained":[{"floor":4.0,"key":"Explosive Potion"},{"floor":14.0,"key":"Explosive Potion"},{"floor":16.0,"key":"GamblersBrew"},{"floor":21.0,"key":"PowerPotion"},{"floor":37,"key":"BlessingOfTheForge"},{"floor":40,"key":"SteroidPotion"},{"floor":46,"key":"BlessingOfTheForge"}],"is_trial":false,"path_per_floor":["M","?","$","M","M","R","M","M","T","?","?","?","T","M","R","B",null,"M","$","?","M","M","E","R","$","T","E","?","$","E","M","R","B",null,"M","M","M","M","$","M","$","R","T","R","M","?","R","E","R","B",null],"character_chosen":"WATCHER","items_purchased":["Adaptation+1","Madness","Anchor"],"campfire_rested":2,"item_purchase_floors":[19,19,39],"current_hp_per_floor":[64,64,64,64,64,64,64,64,64,57,57,43,43,42,42,67,71,71,71,71,71,71,67,67,67,67,50,50,50,50,46,46,71,77,77,58,58,36,36,15,15,38,38,61,61,79,79,79,79,49],"gold":170,"neow_bonus":"BOSS_RELIC","is_daily":false,"chose_seed":false,"campfire_upgraded":6,"win_rate":0.0,"timestamp":1610414163,"path_taken":["M","?","$","?","M","R","M","M","T","?","?","?","?","M","R","BOSS","M","$","?","M","?","E","R","$","T","E","?","?","E","M","R","BOSS","M","M","M","M","$","M","$","R","T","R","?","?","R","E","R","BOSS"],"items_purchased_type":["Card","Card","Relic"],"build_version":"2020-12-22","purchased_purges":3,"victory":true,"max_hp_per_floor":[72,72,72,72,72,72,72,72,72,72,72,72,72,72,72,72,72,72,72,72,72,72,72,72,72,72,79,79,79,79,79,79,79,79,79,79,79,79,79,79,79,79,79,79,79,79,79,79,79,79],"card_choices":[{"not_picked":["EmptyBody","Crescendo","JustLucky"],"picked":"SKIP","floor":1.0},{"not_picked":["ClearTheMind","BowlingBash","Halt"],"picked":"SKIP","floor":4.0},{"not_picked":["Prostrate","Nirvana"],"picked":"FearNoEvil","floor":5.0},{"not_picked":["CutThroughFate","JustLucky","WreathOfFlame"],"picked":"SKIP","floor":7.0},{"not_picked":["Evaluate","SashWhip","PathToVictory"],"picked":"SKIP","floor":8.0},{"not_picked":["FollowUp","CutThroughFate"],"picked":"Scrawl","floor":14.0},{"not_picked":["SpiritShield","LessonLearned"],"picked":"DevaForm+1","floor":16.0},{"not_picked":["Protect"],"picked":"SKIP","floor":18.0},{"not_picked":["SashWhip"],"picked":"SKIP","floor":21.0},{"not_picked":["Crescendo+1"],"picked":"SKIP","floor":22.0},{"not_picked":["EmptyFist"],"picked":"SKIP","floor":23.0},{"not_picked":["Evaluate+1"],"picked":"SKIP","floor":27},{"not_picked":["Ragnarok"],"picked":"SKIP","floor":30},{"not_picked":["JustLucky"],"picked":"SKIP","floor":31},{"not_picked":["CrushJoints+1"],"picked":"SKIP","floor":35},{"not_picked":["JustLucky+1"],"picked":"SKIP","floor":36},{"not_picked":["Adaptation+1"],"picked":"SKIP","floor":37},{"not_picked":["ClearTheMind"],"picked":"SKIP","floor":38},{"not_picked":["PathToVictory"],"picked":"SKIP","floor":40},{"not_picked":[],"picked":"Tantrum+1","floor":45},{"not_picked":["JustLucky"],"picked":"SKIP","floor":48}],"player_experience":763240,"relics_obtained":[{"floor":9.0,"key":"Frozen Egg 2"},{"floor":13.0,"key":"Art of War"},{"floor":23.0,"key":"TeardropLocket"},{"floor":26.0,"key":"Smiling Mask"},{"floor":27,"key":"Strawberry"},{"floor":30,"key":"Boot"},{"floor":43,"key":"Dream Catcher"},{"floor":46,"key":"CloakClasp"},{"floor":48,"key":"Du-Vu Doll"}],"event_choices":[{"damage_healed":0.0,"max_hp_gain":0.0,"max_hp_loss":0.0,"gold_gain":0.0,"event_name":"Match and Keep!","player_choice":"2 cards matched","floor":2.0,"gold_loss":0.0,"damage_taken":0.0,"cards_obtained":["Adaptation","Consecrate"]},{"damage_healed":0.0,"max_hp_gain":0.0,"max_hp_loss":0.0,"gold_gain":0.0,"event_name":"Scrap Ooze","player_choice":"Success","floor":10.0,"gold_loss":0.0,"damage_taken":7.0,"relics_obtained":["Pantograph"]},{"cards_removed":["Defend_P"],"damage_healed":0.0,"max_hp_gain":0.0,"max_hp_loss":0.0,"gold_gain":0.0,"event_name":"Living Wall","player_choice":"Forget","floor":11.0,"gold_loss":0.0,"damage_taken":0.0},{"damage_healed":0.0,"max_hp_gain":0.0,"max_hp_loss":0.0,"gold_gain":0.0,"event_name":"Shining Light","player_choice":"Entered Light","floor":12.0,"gold_loss":0.0,"damage_taken":14.0,"cards_upgraded":["Adaptation","Defend_P"]},{"damage_healed":0.0,"max_hp_gain":0.0,"max_hp_loss":0.0,"gold_gain":0.0,"event_name":"N\u0027loth","player_choice":"Traded Relic","floor":20.0,"relics_lost":["Astrolabe"],"gold_loss":0.0,"damage_taken":0.0,"relics_obtained":["Nloth\u0027s Gift"]},{"damage_healed":0,"gold_gain":0,"player_choice":"Obtained Relic","damage_taken":0,"relics_obtained":["Bag of Marbles"],"max_hp_gain":0,"max_hp_loss":0,"event_name":"Addict","floor":28,"gold_loss":85},{"damage_healed":0,"gold_gain":0,"player_choice":"Fight","damage_taken":0,"max_hp_gain":0,"max_hp_loss":0,"event_name":"MindBloom","floor":46,"gold_loss":0}],"is_beta":false,"boss_relics":[{"not_picked":["Tiny House","Velvet Choker"],"picked":"Busted Crown"},{"not_picked":["Coffee Dripper","Snecko Eye"],"picked":"Runic Pyramid"}],"items_purged_floors":[3,19,39],"is_endless":false,"potions_floor_spawned":[4,14,16,21,22,23,37,40,46],"ascension_level":9}}