{"host":"qie07cxbi2v0we72","time":1610465977,"event":{"mods":["BaseMod","Minty Spire (QoL Compilation)","Relic Stats","StSLib","SuperFastMode","Waifu the Spire","thorton"],"gold_per_floor":[118,118,193,193,193,198,198,198],"floor_reached":6,"playtime":101,"items_purged":[],"score":32,"play_id":"97cd73a1-d564-41cf-9b7e-5f54e3f6f05e","local_time":"20210112163937","is_ascension_mode":false,"campfire_choices":[],"circlet_count":0,"master_deck":["thethorton:Strike","thethorton:Strike","thethorton:Strike","thethorton:Strike","thethorton:Defend","thethorton:Defend","thethorton:Defend","thethorton:Defend","thethorton:Heckle+1","thethorton:CreditCard","Normality","thethorton:Distance"],"relics":["SlaversCollar","Girya"],"acts_visited":["Exordium"],"potions_floor_usage":[],"damage_taken":[{"damage":7,"enemies":"2 Louse","floor":1,"turns":3},{"damage":43,"enemies":"Lagavulin","floor":6,"turns":8}],"seed_played":"3134426225866612357","potions_obtained":[],"is_trial":false,"path_per_floor":["M","?","?","?","?","E"],"character_chosen":"THE_THORT","items_purchased":[],"campfire_rested":0,"item_purchase_floors":[],"current_hp_per_floor":[61,61,50,50,43,0,0,0],"gold":198,"neow_bonus":"BOSS_RELIC","is_daily":false,"chose_seed":false,"campfire_upgraded":0,"win_rate":0.0,"timestamp":1610465977,"path_taken":["M","?","?","?","?","E"],"items_purchased_type":[],"build_version":"2020-12-22","purchased_purges":0,"victory":false,"max_hp_per_floor":[68,68,68,68,68,68,68,68],"relic_stats":{"counters":[2,11],"obtain_stats":[{"SlaversCollar":0,"Girya":5,"thethorton:CouragePotion":0},{"SlaversCollar":0,"Girya":1,"thethorton:CouragePotion":0},{"SlaversCollar":0,"Girya":3,"thethorton:CouragePotion":0}]},"card_choices":[{"not_picked":["thethorton:AngerMoment","thethorton:FearfulRun"],"picked":"thethorton:Distance","floor":1}],"player_experience":897429,"relics_obtained":[],"event_choices":[{"damage_healed":0,"gold_gain":0,"player_choice":"Grow","damage_taken":0,"max_hp_gain":0,"max_hp_loss":0,"event_name":"Living Wall","floor":2,"gold_loss":0,"cards_upgraded":["thethorton:Heckle"]},{"damage_healed":0,"gold_gain":75,"player_choice":"Gather Gold","damage_taken":11,"max_hp_gain":0,"max_hp_loss":0,"event_name":"World of Goop","floor":3,"gold_loss":0},{"damage_healed":0,"gold_gain":0,"player_choice":"Ignored","damage_taken":0,"max_hp_gain":0,"max_hp_loss":0,"event_name":"Golden Wing","floor":4,"gold_loss":0},{"damage_healed":0,"gold_gain":0,"player_choice":"Success","damage_taken":7,"relics_obtained":["Girya"],"max_hp_gain":0,"max_hp_loss":0,"event_name":"Scrap Ooze","floor":5,"gold_loss":0}],"is_beta":false,"boss_relics":[],"items_purged_floors":[],"is_endless":false,"potions_floor_spawned":[],"killed_by":"Lagavulin","ascension_level":0}}