{"host":"mai03x2ekbjy4059","time":1610481167,"event":{"mods":["2.2 Compatiblity","BaseMod","DeckTracker","Highlight Path","Keyboard Shortcuts","Minty Spire (QoL Compilation)","Permanent Neow","Quick Restart","SuperFastMode","everything is the same but u backflip on backflip"],"gold_per_floor":[214,226,26,46,64,96,96,127,127,154,154,182,182,182,182,259,259,269,269,19,19,29,58,58,58],"floor_reached":24,"language":"KOR","playtime":935,"items_purged":["Strike_P"],"score":482,"play_id":"ba420666-0e45-4f86-b6e5-b15178b179c4","local_time":"20210113045247","is_ascension_mode":true,"campfire_choices":[{"floor":11.0,"key":"REST"},{"data":"Prostrate","floor":15.0,"key":"SMITH"}],"circlet_count":0,"master_deck":["AscendersBane","Strike_P","Strike_P","Strike_P","Defend_P","Defend_P","Defend_P","Eruption","Vigilance","Prostrate","FlurryOfBlows","Brilliance","Prostrate+1","MentalFortress","Study+1","Sanctity","Brilliance","MentalFortress+1"],"relics":["PureWater","Frozen Egg 2","Gambling Chip","Thread and Needle","InkBottle","Coffee Dripper","Bottled Tornado","Bronze Scales"],"acts_visited":["Exordium","TheCity"],"potions_floor_usage":[],"damage_taken":[{"damage":0.0,"enemies":"Jaw Worm","floor":1.0,"turns":4.0},{"damage":0.0,"enemies":"2 Louse","floor":2.0,"turns":2.0},{"damage":5.0,"enemies":"Small Slimes","floor":4.0,"turns":3.0},{"damage":1.0,"enemies":"Looter","floor":5.0,"turns":3.0},{"damage":38.0,"enemies":"3 Sentries","floor":6.0,"turns":9.0},{"damage":12.0,"enemies":"Lagavulin","floor":8.0,"turns":7.0},{"damage":2.0,"enemies":"3 Sentries","floor":10.0,"turns":6.0},{"damage":0.0,"enemies":"Gremlin Nob","floor":12.0,"turns":3.0},{"damage":4.0,"enemies":"Hexaghost","floor":16.0,"turns":7.0},{"damage":0.0,"enemies":"Spheric Guardian","floor":18.0,"turns":1.0},{"damage":8.0,"enemies":"Shell Parasite","floor":22.0,"turns":4.0},{"damage":24.0,"enemies":"Slavers","floor":23.0,"turns":6.0},{"damage":17,"enemies":"Snake Plant","floor":24,"turns":3}],"seed_played":"-7960096254479900378","potions_obtained":[{"floor":6.0,"key":"LiquidBronze"},{"floor":8.0,"key":"SneckoOil"},{"floor":12.0,"key":"FearPotion"},{"floor":22.0,"key":"BlessingOfTheForge"}],"is_trial":false,"path_per_floor":["M","M","$","M","M","E","?","E","T","E","R","E","?","?","R","B",null,"M","?","$","?","M","E","M"],"character_chosen":"WATCHER","items_purchased":["Brilliance","Prostrate","Bottled Tornado"],"campfire_rested":1,"item_purchase_floors":[3,3,20],"current_hp_per_floor":[65,65,65,60,59,21,21,9,9,7,28,28,28,28,28,24,60,60,60,60,47,39,15,0,0],"gold":58,"neow_bonus":"HUNDRED_GOLD","is_daily":false,"chose_seed":false,"campfire_upgraded":1,"win_rate":0.0,"timestamp":1610481167,"path_taken":["M","M","$","M","M","E","?","E","T","E","R","E","?","?","R","BOSS","M","?","$","?","M","E","M"],"items_purchased_type":["Card","Card","Relic"],"build_version":"2020-12-22","purchased_purges":1,"victory":false,"max_hp_per_floor":[72,72,72,72,72,72,72,72,72,72,72,72,72,72,72,72,72,72,72,72,77,77,77,77,77],"card_choices":[{"not_picked":["Consecrate","BowlingBash"],"picked":"Prostrate","floor":1.0},{"not_picked":["ReachHeaven","SashWhip"],"picked":"FlurryOfBlows","floor":2.0},{"not_picked":["SignatureMove","Crescendo","FollowUp"],"picked":"SKIP","floor":4.0},{"not_picked":["Fasting2","Judgement"],"picked":"MentalFortress","floor":5.0},{"not_picked":["FlyingSleeves","ThirdEye","Indignation"],"picked":"SKIP","floor":6.0},{"not_picked":["SashWhip","EmptyBody","JustLucky"],"picked":"SKIP","floor":8.0},{"not_picked":["Perseverance","MentalFortress+1"],"picked":"Study+1","floor":10.0},{"not_picked":["Conclude","PathToVictory"],"picked":"Sanctity","floor":12.0},{"not_picked":["LessonLearned","DevaForm+1"],"picked":"Brilliance","floor":16.0},{"not_picked":["PathToVictory","CutThroughFate","EmptyBody"],"picked":"SKIP","floor":18.0},{"not_picked":["Sanctity","Conclude","CutThroughFate"],"picked":"SKIP","floor":22.0},{"not_picked":["SignatureMove","EmptyFist","PathToVictory"],"picked":"SKIP","floor":23.0}],"player_experience":1057457,"relics_obtained":[{"floor":6.0,"key":"Frozen Egg 2"},{"floor":8.0,"key":"Gambling Chip"},{"floor":9.0,"key":"Thread and Needle"},{"floor":10.0,"key":"InkBottle"},{"floor":23.0,"key":"Bronze Scales"}],"event_choices":[{"damage_healed":0.0,"max_hp_gain":0.0,"max_hp_loss":0.0,"gold_gain":0.0,"event_name":"Shining Light","player_choice":"Ignored","floor":7.0,"gold_loss":0.0,"damage_taken":0.0},{"cards_removed":["Defend_P"],"damage_healed":0.0,"max_hp_gain":0.0,"max_hp_loss":0.0,"gold_gain":0.0,"event_name":"Living Wall","player_choice":"Forget","floor":13.0,"gold_loss":0.0,"damage_taken":0.0},{"damage_healed":0.0,"max_hp_gain":0.0,"max_hp_loss":0.0,"gold_gain":0.0,"event_name":"Liars Game","player_choice":"Ignored","floor":14.0,"gold_loss":0.0,"damage_taken":0.0},{"damage_healed":0.0,"max_hp_gain":0.0,"max_hp_loss":0.0,"gold_gain":0.0,"event_name":"The Library","player_choice":"Read","floor":19.0,"gold_loss":0.0,"damage_taken":0.0,"cards_obtained":["MentalFortress"]},{"damage_healed":0.0,"max_hp_gain":5.0,"max_hp_loss":0.0,"gold_gain":0.0,"event_name":"Forgotten Altar","player_choice":"Shed Blood","floor":21.0,"gold_loss":0.0,"damage_taken":18.0}],"is_beta":false,"boss_relics":[{"not_picked":["Calling Bell","Tiny House"],"picked":"Coffee Dripper"}],"items_purged_floors":[3],"is_endless":false,"potions_floor_spawned":[6,8,12,22],"killed_by":"Snake Plant","ascension_level":13}}