{"host":"yganem311pbhnzmn","time":1610435830,"event":{"mods":["AchievementEnabler","BaseMod","BetterRewards","Colored Map","Minty Spire (QoL Compilation)","Shop Mod","StSLib","SuperFastMode"],"gold_per_floor":[117,133,152,163,163,163,176,176,176,176,194,40,65,65,65,184,184,197,188,188,188,201,201,201],"floor_reached":23,"playtime":859,"items_purged":[],"score":185,"play_id":"cbafa27f-5052-4770-a91d-751cb60fe59f","local_time":"20210112161710","is_ascension_mode":false,"campfire_choices":[{"data":"Defragment","floor":6,"key":"SMITH"},{"data":"Chaos","floor":8,"key":"SMITH"},{"floor":15,"key":"REST"}],"circlet_count":0,"master_deck":["Strike_B","Strike_B+1","Strike_B","Strike_B","Defend_B","Defend_B","Defend_B","Defend_B","Zap+1","Dualcast","Machine Learning","Defragment+1","Beam Cell","Force Field","Chaos+1","Static Discharge","Injury","Creative AI","Amplify","Steam","Steam","Redo","Go for the Eyes","Auto Shields","Core Surge","Conserve Battery","Writhe","Go for the Eyes"],"relics":["Cracked Core","Golden Idol","Orrery","SlaversCollar","The Courier","MutagenicStrength"],"acts_visited":["Exordium","TheCity"],"potions_floor_usage":[19,23,23],"damage_taken":[{"damage":2,"enemies":"Small Slimes","floor":1,"turns":4},{"damage":10,"enemies":"Jaw Worm","floor":2,"turns":4},{"damage":0,"enemies":"2 Louse","floor":3,"turns":2},{"damage":15,"enemies":"Looter","floor":4,"turns":3},{"damage":0,"enemies":"Exordium Wildlife","floor":7,"turns":3},{"damage":10,"enemies":"2 Fungi Beasts","floor":11,"turns":3},{"damage":4,"enemies":"Looter","floor":13,"turns":3},{"damage":21,"enemies":"Slime Boss","floor":16,"turns":7},{"damage":29,"enemies":"Spheric Guardian","floor":18,"turns":6},{"damage":17,"enemies":"2 Thieves","floor":19,"turns":4},{"damage":21,"enemies":"Snecko","floor":22,"turns":7},{"damage":8,"enemies":"Book of Stabbing","floor":23,"turns":2}],"seed_played":"8422649261851074763","potions_obtained":[{"floor":2,"key":"EssenceOfSteel"},{"floor":3,"key":"ColorlessPotion"},{"floor":4,"key":"Weak Potion"},{"floor":19,"key":"BlessingOfTheForge"}],"is_trial":false,"path_per_floor":["M","M","M","M","?","R","M","R","T","?","M","$","M","$","R","B",null,"M","M","?","?","M","E"],"character_chosen":"DEFECT","items_purchased":["Orrery"],"campfire_rested":1,"item_purchase_floors":[12],"current_hp_per_floor":[73,63,63,48,33,33,33,33,33,33,23,23,19,19,41,20,75,46,29,29,29,8,0,0],"gold":201,"neow_bonus":"ONE_RANDOM_RARE_CARD","is_daily":false,"chose_seed":false,"campfire_upgraded":2,"win_rate":0.0,"timestamp":1610435830,"path_taken":["M","M","M","M","?","R","M","R","T","?","?","$","M","$","R","BOSS","M","M","?","?","M","E"],"items_purchased_type":["Relic"],"build_version":"2020-12-22","purchased_purges":0,"victory":false,"max_hp_per_floor":[75,75,75,75,75,75,75,75,75,75,75,75,75,75,75,75,75,75,75,75,75,75,75,75],"card_choices":[{"not_picked":["Sweeping Beam","Steam"],"picked":"Defragment","floor":1},{"not_picked":["Rip and Tear","Tempest"],"picked":"Beam Cell","floor":2},{"not_picked":["Beam Cell","Chill"],"picked":"Force Field","floor":3},{"not_picked":["Skim","Gash"],"picked":"Chaos","floor":4},{"not_picked":["Melter","Beam Cell"],"picked":"Static Discharge","floor":7},{"not_picked":["Turbo","Rebound"],"picked":"Creative AI","floor":11},{"not_picked":["Scrape","Coolheaded"],"picked":"Amplify","floor":12},{"not_picked":["Go for the Eyes","Turbo"],"picked":"Steam","floor":12},{"not_picked":["Multi-Cast","Stack"],"picked":"Steam","floor":12},{"not_picked":["Doom and Gloom","Coolheaded"],"picked":"Redo","floor":12},{"not_picked":["Genetic Algorithm","Beam Cell"],"picked":"Go for the Eyes","floor":12},{"not_picked":["Gash","Go for the Eyes"],"picked":"Auto Shields","floor":13},{"not_picked":["Rainbow","Amplify"],"picked":"Core Surge","floor":16},{"not_picked":["Barrage+1","Blizzard"],"picked":"Conserve Battery","floor":18},{"not_picked":["Sunder","Doom and Gloom","Lockon+1"],"picked":"SKIP","floor":19},{"not_picked":["Sweeping Beam","Double Energy+1"],"picked":"Go for the Eyes","floor":22}],"player_experience":123393,"relics_obtained":[],"event_choices":[{"damage_healed":0,"gold_gain":0,"player_choice":"Entered Light","damage_taken":15,"max_hp_gain":0,"max_hp_loss":0,"event_name":"Shining Light","floor":5,"gold_loss":0,"cards_upgraded":["Zap","Strike_B"]},{"damage_healed":0,"gold_gain":0,"player_choice":"Take Wound","damage_taken":0,"relics_obtained":["Golden Idol"],"max_hp_gain":0,"max_hp_loss":0,"event_name":"Golden Idol","floor":10,"gold_loss":0,"cards_obtained":["Injury"]},{"damage_healed":0,"gold_gain":0,"player_choice":"Opened","damage_taken":0,"relics_obtained":["The Courier"],"max_hp_gain":0,"max_hp_loss":0,"event_name":"The Mausoleum","floor":20,"gold_loss":0,"cards_obtained":["Writhe"]},{"damage_healed":0,"gold_gain":0,"player_choice":"Inject Mutagens","damage_taken":0,"relics_obtained":["MutagenicStrength"],"max_hp_gain":0,"max_hp_loss":0,"event_name":"Drug Dealer","floor":21,"gold_loss":0}],"is_beta":false,"boss_relics":[{"not_picked":["Velvet Choker","Black Star"],"picked":"SlaversCollar"}],"items_purged_floors":[],"is_endless":false,"potions_floor_spawned":[2,3,4,13,18,19,22],"killed_by":"Book of Stabbing","ascension_level":0}}