{"host":"b995t17pt6d05w8c","time":1610437214,"event":{"mods":["AchievementEnabler","BaseMod","Colored Map","Minty Spire (QoL Compilation)","SuperFastMode"],"gold_per_floor":[16,16,30,48,71,71,95,95,168,168,182,182,201,201,201,299,299,323,347,347,193,108,108,133,58,112,137,160,174,174,198,198,198,198],"floor_reached":33,"playtime":936,"items_purged":["Strike_B"],"score":401,"play_id":"2cda3d01-c37b-429d-a60b-5d97d22cb33c","local_time":"20210112164014","is_ascension_mode":true,"campfire_choices":[{"data":"Chaos","floor":6.0,"key":"SMITH"},{"data":"Sunder","floor":8.0,"key":"SMITH"},{"data":"Coolheaded","floor":12.0,"key":"SMITH"},{"data":"Defragment","floor":15.0,"key":"SMITH"},{"floor":23,"key":"REST"},{"data":"Chaos","floor":32,"key":"SMITH"}],"circlet_count":0,"master_deck":["AscendersBane","Strike_B","Defend_B","Defend_B","Defend_B","Zap","Dualcast","Lockon","Hologram+1","Conserve Battery","Chaos+1","Sunder+1","Coolheaded+1","Force Field","Defragment+1","Self Repair","Skim","Recycle","Glacier","Writhe","Chaos+1"],"relics":["Cracked Core","Golden Idol","White Beast Statue","Velvet Choker","Incense Burner","Bag of Preparation","Toy Ornithopter"],"acts_visited":["Exordium","TheCity"],"potions_floor_usage":[27,33],"damage_taken":[{"damage":8.0,"enemies":"Small Slimes","floor":1.0,"turns":4.0},{"damage":7.0,"enemies":"Jaw Worm","floor":3.0,"turns":2.0},{"damage":0.0,"enemies":"Cultist","floor":4.0,"turns":3.0},{"damage":7.0,"enemies":"2 Fungi Beasts","floor":5.0,"turns":4.0},{"damage":0.0,"enemies":"3 Louse","floor":7.0,"turns":2.0},{"damage":5.0,"enemies":"Exordium Wildlife","floor":11.0,"turns":3.0},{"damage":0.0,"enemies":"Large Slime","floor":13.0,"turns":4.0},{"damage":10.0,"enemies":"The Guardian","floor":16.0,"turns":9.0},{"damage":12.0,"enemies":"Chosen","floor":18.0,"turns":5.0},{"damage":20.0,"enemies":"Shell Parasite","floor":19.0,"turns":4.0},{"damage":4,"enemies":"Centurion and Healer","floor":24,"turns":9},{"damage":2,"enemies":"Cultist and Chosen","floor":27,"turns":8},{"damage":17,"enemies":"Snake Plant","floor":28,"turns":6},{"damage":8,"enemies":"Chosen and Byrds","floor":29,"turns":6},{"damage":20,"enemies":"3 Cultists","floor":31,"turns":6},{"damage":41,"enemies":"Collector","floor":33,"turns":6}],"seed_played":"-1829783489953626028","potions_obtained":[{"floor":3.0,"key":"Fire Potion"},{"floor":4.0,"key":"Energy Potion"},{"floor":16.0,"key":"ColorlessPotion"},{"floor":19,"key":"DuplicationPotion"},{"floor":27,"key":"SteroidPotion"}],"is_trial":false,"path_per_floor":["M","?","M","M","M","R","M","R","T","?","M","R","M","?","R","B",null,"M","M","?","$","?","R","M","?","T","M","M","M","?","M","R","B"],"character_chosen":"DEFECT","items_purchased":["Skim"],"campfire_rested":1,"item_purchase_floors":[21],"current_hp_per_floor":[60,42,35,35,28,28,28,28,28,28,23,23,23,23,23,13,60,48,28,28,28,28,50,53,53,53,58,48,47,47,34,34,0,0],"gold":198,"neow_bonus":"TRANSFORM_TWO_CARDS","is_daily":false,"chose_seed":false,"campfire_upgraded":5,"win_rate":0.0,"timestamp":1610437214,"path_taken":["M","?","M","M","M","R","M","R","T","?","M","R","M","?","R","BOSS","M","M","?","?","?","R","M","?","T","?","M","M","?","M","R","BOSS"],"items_purchased_type":["Card"],"build_version":"2020-12-22","purchased_purges":1,"victory":false,"max_hp_per_floor":[75,75,75,75,75,75,75,75,75,75,75,75,75,75,75,75,75,75,75,75,75,75,75,75,75,75,75,75,75,75,75,75,75,75],"card_choices":[{"not_picked":["Lockon","Beam Cell"],"picked":"Hologram","floor":1.0},{"not_picked":["Rebound","Stack"],"picked":"Conserve Battery","floor":3.0},{"not_picked":["Darkness","Sweeping Beam"],"picked":"Chaos","floor":4.0},{"not_picked":["Loop","Go for the Eyes"],"picked":"Sunder","floor":5.0},{"not_picked":["Multi-Cast","Compile Driver"],"picked":"Coolheaded","floor":7.0},{"not_picked":["Static Discharge","Leap","Steam"],"picked":"SKIP","floor":11.0},{"not_picked":["Reprogram","Beam Cell"],"picked":"Defragment","floor":13.0},{"not_picked":["Doom and Gloom+1","Force Field+1"],"picked":"Self Repair","floor":18.0},{"not_picked":["Turbo","FTL","Redo"],"picked":"SKIP","floor":19},{"not_picked":["Go for the Eyes","Streamline","Steam"],"picked":"SKIP","floor":24},{"not_picked":["Fusion","Static Discharge+1"],"picked":"Recycle","floor":27},{"not_picked":["Leap","Steam"],"picked":"Glacier","floor":28},{"not_picked":["Steam","FTL","Reinforced Body"],"picked":"SKIP","floor":29},{"not_picked":["Blizzard","Storm"],"picked":"Chaos","floor":31}],"player_experience":104857,"relics_obtained":[{"floor":9.0,"key":"White Beast Statue"},{"floor":26,"key":"Bag of Preparation"}],"event_choices":[{"damage_healed":0.0,"max_hp_gain":0.0,"max_hp_loss":0.0,"gold_gain":0.0,"event_name":"Golden Idol","player_choice":"Take Damage","floor":2.0,"gold_loss":0.0,"damage_taken":18.0,"relics_obtained":["Golden Idol"]},{"damage_healed":0.0,"max_hp_gain":0.0,"max_hp_loss":0.0,"gold_gain":0.0,"cards_transformed":["Strike_B"],"event_name":"Living Wall","player_choice":"Change","floor":10.0,"gold_loss":0.0,"damage_taken":0.0,"cards_obtained":["Force Field"]},{"damage_healed":0.0,"max_hp_gain":0.0,"max_hp_loss":0.0,"gold_gain":0.0,"event_name":"Liars Game","player_choice":"Ignored","floor":14.0,"gold_loss":0.0,"damage_taken":0.0},{"damage_healed":0,"gold_gain":0,"player_choice":"Upgraded","damage_taken":0,"max_hp_gain":0,"max_hp_loss":0,"event_name":"Upgrade Shrine","floor":20,"gold_loss":0,"cards_upgraded":["Hologram"]},{"damage_healed":0,"gold_gain":0,"player_choice":"Obtained Relic","damage_taken":0,"relics_obtained":["Incense Burner"],"max_hp_gain":0,"max_hp_loss":0,"event_name":"Addict","floor":22,"gold_loss":85},{"cards_removed":["Scrape"],"damage_healed":0,"gold_gain":0,"player_choice":"Gave Gold","damage_taken":0,"max_hp_gain":0,"max_hp_loss":0,"event_name":"Beggar","floor":25,"gold_loss":75},{"damage_healed":0,"gold_gain":0,"player_choice":"Opened","damage_taken":0,"relics_obtained":["Toy Ornithopter"],"max_hp_gain":0,"max_hp_loss":0,"event_name":"The Mausoleum","floor":30,"gold_loss":0,"cards_obtained":["Writhe"]}],"is_beta":false,"boss_relics":[{"not_picked":["Sozu","Black Star"],"picked":"Velvet Choker"}],"items_purged_floors":[21],"is_endless":false,"potions_floor_spawned":[3,4,5,11,13,16,18,19,24,27,28,29,31],"killed_by":"Collector","ascension_level":13}}