{"host":"95i1gxnztdrdyvhi","time":1610491480,"event":{"mods":["AchievementEnabler","Act Like it!","BaseMod","Minty Spire (QoL Compilation)","Quick Restart","StSLib","Yakumo Yukari mod"],"gold_per_floor":[139,149,160,171,182,182,182],"floor_reached":6,"language":"ENG","playtime":309,"items_purged":[],"score":40,"play_id":"494e47c4-9695-4898-97ad-153674d5b3bc","local_time":"20210112224440","is_ascension_mode":false,"campfire_choices":[],"circlet_count":0,"master_deck":["AT_purpleEX","AT_purpleEX","AT_purpleEX","AT_purpleEX","Defend_purpleEX","Defend_purpleEX","Defend_purpleEX","Defend_purpleEX","Observe_purple_1","Observe_purple_2","MNeedle_purple","SfantasyHide_purple","DimensionStaggered_purple","Monsters_DoubleDeathButterfly_purple"],"relics":["Boundary_crack","Memoryfragments_purpleEX","NeowsBlessing"],"acts_visited":["Exordium"],"potions_floor_usage":[4],"damage_taken":[{"damage":0,"enemies":"Jaw Worm","floor":1,"turns":1},{"damage":0,"enemies":"Small Slimes","floor":2,"turns":1},{"damage":0,"enemies":"2 Louse","floor":3,"turns":1},{"damage":0,"enemies":"Looter","floor":4,"turns":4},{"damage":2,"enemies":"Exordium Wildlife","floor":5,"turns":5},{"damage":12,"enemies":"Lagavulin","floor":6,"turns":10}],"seed_played":"-4693222500479852815","potions_obtained":[{"floor":1,"key":"Swift Potion"},{"floor":2,"key":"Explosive Potion"}],"is_trial":false,"path_per_floor":["M","M","M","M","M","E"],"character_chosen":"Youkari","items_purchased":[],"campfire_rested":0,"item_purchase_floors":[],"current_hp_per_floor":[70,70,70,70,70,58,58],"gold":182,"neow_bonus":"THREE_ENEMY_KILL","is_daily":false,"chose_seed":false,"campfire_upgraded":0,"win_rate":0.0,"timestamp":1610491480,"path_taken":["M","M","M","M","M","E"],"items_purchased_type":[],"build_version":"2020-12-22","purchased_purges":0,"victory":false,"max_hp_per_floor":[70,70,70,70,70,70,70],"card_choices":[{"not_picked":["ExistenceContinue_purple","Line_surface_state_purple"],"picked":"MNeedle_purple","floor":1},{"not_picked":["StateDuplicate_purple","Umbrella_purple"],"picked":"SfantasyHide_purple","floor":2},{"not_picked":["Shallow_ocean_purpleEX","SfantasyHide_purple"],"picked":"DimensionStaggered_purple","floor":3},{"not_picked":["Boundary_ObjectiveBoundary_purple","StateDuplicate_purple"],"picked":"Monsters_DoubleDeathButterfly_purple","floor":4},{"not_picked":["StateErode_purple","StateDuplicate_purple","Worldmountain_purple"],"picked":"SKIP","floor":5}],"player_experience":636783,"relics_obtained":[],"event_choices":[],"is_beta":false,"boss_relics":[],"items_purged_floors":[],"is_endless":false,"potions_floor_spawned":[1,2],"killed_by":"Lagavulin","ascension_level":0}}