{"host":"npubv26u89aif4fa","time":1610422997,"event":{"mods":["Astrologer","BaseMod","Better Vampires","Better-Laid Plans","Colored Powertips","GifTheSpireLib","GungeonMod","HornydragonMod","Hubris","Jedi Mod","Minty Spire (QoL Compilation)","Quick Restart","Remilia（蕾米莉亚）","Replay The Spire","StSLib","Td1madao Mod","The Administrix","The Alterego","The Bug Knight","The Cursed","The Runesmith","Yuri Mod","残留之物"],"gold_per_floor":[114,129,144,144,159,174,174,189,264,264,264,294,324,339,339,439,489,489,489,459,9,9,9],"floor_reached":22,"playtime":2164,"items_purged":["PlaceholderMod:BaseStrike","PlaceholderMod:BaseStrike"],"score":360,"play_id":"c32eb1dc-d44a-4d46-9f21-bf76d4227f93","local_time":"20210112114317","daily_mods":["Cursed Run","Diverse","DeadlyEvents"],"is_ascension_mode":false,"campfire_choices":[{"data":"PlaceholderMod:PoisonWhip","floor":10.0,"key":"SMITH"},{"data":"astrologer:CrystalBall","floor":15.0,"key":"SMITH"}],"circlet_count":0,"master_deck":["PlaceholderMod:BaseStrike","PlaceholderMod:BaseStrike","PlaceholderMod:BaseDefend","PlaceholderMod:BaseDefend","PlaceholderMod:BaseDefend","PlaceholderMod:BaseDefend","PlaceholderMod:BaseDefend","PlaceholderMod:Crystal","PlaceholderMod:PoisonWhip+1","Replay:AtTheReady","yuri:ThornRemove","Money Cant Rescue","RedMagic","astrologer:CrystalBall+1","Blur+1","DemonKingCradle","PlaceholderMod:HighConcentration","Amnesia","alterego_mod:Weigh","Darkness"],"relics":["Cursed Key","Darkstone Periapt","DemoMod:GlassGuonStoneRelic","hubris:MysteriousPyramids","Replay:Bottled Snecko","DemoMod:MonsterBlood","PlaceholderMod:DeVermisMysteriis","Tiny House","Nloth\u0027s Gift","jedi:cryingmask","OrangePellets"],"acts_visited":["Exordium","TheCity"],"potions_floor_usage":[22],"damage_taken":[{"damage":1.0,"enemies":"Cultist","floor":1.0,"turns":5.0},{"damage":0.0,"enemies":"2 Louse","floor":2.0,"turns":2.0},{"damage":0.0,"enemies":"Jaw Worm","floor":3.0,"turns":3.0},{"damage":0.0,"enemies":"Looter","floor":5.0,"turns":3.0},{"damage":2.0,"enemies":"Gremlin Gang","floor":6.0,"turns":6.0},{"damage":0.0,"enemies":"Large Slime","floor":7.0,"turns":21.0},{"damage":0.0,"enemies":"Lagavulin","floor":8.0,"turns":13.0},{"damage":0.0,"enemies":"Red Slaver","floor":11.0,"turns":3.0},{"damage":0.0,"enemies":"Gremlin Nob","floor":12.0,"turns":7.0},{"damage":0.0,"enemies":"HollowMod:MossKnight","floor":13.0,"turns":11.0},{"damage":0.0,"enemies":"Looter","floor":14.0,"turns":3.0},{"damage":0.0,"enemies":"Fading Forest","floor":16.0,"turns":11.0},{"damage":0,"enemies":"3 Byrds","floor":18,"turns":5},{"damage":0,"enemies":"2 Thieves","floor":20,"turns":4},{"damage":212,"enemies":"Gremlin Leader","floor":22,"turns":4}],"seed_played":"-5514344210177769252","potions_obtained":[{"floor":1.0,"key":"Reflective Coating"},{"floor":5.0,"key":"jedi:StrikingPotion"},{"floor":7.0,"key":"SpeedPotion"},{"floor":11.0,"key":"DemoMod:LeadSkinPotion"},{"floor":12.0,"key":"GamblersBrew"},{"floor":13.0,"key":"CultistPotion"},{"floor":17.0,"key":"jedi:tentaclejuice"}],"is_trial":false,"path_per_floor":["M","M","M","?","M","M","M","E","T","R","M","E","E","M","R","B",null,"M","?","M","$","E"],"character_chosen":"THE_PLACEHOLDER","items_purchased":["jedi:cryingmask","OrangePellets"],"campfire_rested":0,"item_purchase_floors":[21,21],"current_hp_per_floor":[77,77,77,70,70,68,68,68,74,74,74,81,81,81,81,97,102,102,102,102,102,0,0],"gold":9,"neow_bonus":"","is_daily":true,"chose_seed":false,"campfire_upgraded":2,"win_rate":0.0,"timestamp":1610422997,"path_taken":["M","?","M","?","M","M","M","E","T","R","M","?","E","M","R","BOSS","M","?","M","$","?"],"items_purchased_type":["Relic","Relic"],"build_version":"2020-12-22","purchased_purges":2,"victory":false,"max_hp_per_floor":[78,78,78,78,78,78,78,78,84,84,84,91,91,91,91,97,102,102,102,102,102,102,102],"card_choices":[{"not_picked":["BottleAttack","TheCursedMod:FuryStrike","CrazyDrinking"],"picked":"SKIP","floor":1.0},{"not_picked":["yuri:GlitchedStrike","astrologer:TheEmpress","DemoMod:AC15"],"picked":"SKIP","floor":2.0},{"not_picked":["Thunderclap","Wireheading"],"picked":"Replay:AtTheReady","floor":3.0},{"not_picked":["yuri:Stare","AdministrixMod:CastOffRegrets"],"picked":"yuri:ThornRemove","floor":5.0},{"not_picked":["Headbutt","yuri:yuriQuickStrike"],"picked":"Money Cant Rescue","floor":6.0},{"not_picked":["Stigmanizer","Acrobatics"],"picked":"RedMagic","floor":7.0},{"not_picked":["yuri:GrowingInsanity","AdministrixMod:FiendishCrimson","yuri:yuriHeavyStrike"],"picked":"SKIP","floor":8.0},{"not_picked":["HollowMod:SharpenedNail","TheCursedMod:FuryStrike"],"picked":"astrologer:CrystalBall","floor":11.0},{"not_picked":["Scrawl","Runesmith:Prism"],"picked":"Blur","floor":12.0},{"not_picked":["FlyingSleeves","DemoMod:BoxingGlove"],"picked":"DemonKingCradle","floor":13.0},{"not_picked":["Cleave","alterego_mod:Bunnysuit"],"picked":"PlaceholderMod:HighConcentration","floor":14.0},{"not_picked":["alterego_mod:Alter","PlaceholderMod:Activation"],"picked":"alterego_mod:Weigh","floor":16.0},{"not_picked":["Bane","BowlingBash"],"picked":"Darkness","floor":17.0},{"not_picked":["CutThroughFate","HollowMod:WraithStrike+1","astrologer:CometStrike"],"picked":"SKIP","floor":18},{"not_picked":["Replay:BluntJabs","Wireheading","ReplayTheSpireMod:GoodbyeWorld"],"picked":"SKIP","floor":20}],"player_experience":246177,"relics_obtained":[{"floor":8.0,"key":"hubris:MysteriousPyramids"},{"floor":9.0,"key":"Replay:Bottled Snecko"},{"floor":12.0,"key":"DemoMod:MonsterBlood"},{"floor":13.0,"key":"PlaceholderMod:DeVermisMysteriis"}],"event_choices":[{"cards_removed":["PlaceholderMod:BaseStrike"],"damage_healed":0.0,"max_hp_gain":0.0,"max_hp_loss":0.0,"gold_gain":0.0,"event_name":"Golden Wing","player_choice":"Card Removal","floor":4.0,"gold_loss":0.0,"damage_taken":7.0},{"damage_healed":0,"gold_gain":0,"player_choice":"Traded Relic","damage_taken":0,"relics_obtained":["Nloth\u0027s Gift"],"max_hp_gain":0,"max_hp_loss":0,"event_name":"N\u0027loth","floor":19,"relics_lost":["Du-Vu Doll"],"gold_loss":0}],"is_beta":false,"boss_relics":[{"not_picked":["Philosopher\u0027s Stone","hubris:ScarierMask"],"picked":"Tiny House"}],"items_purged_floors":[21,21],"is_endless":false,"potions_floor_spawned":[1,5,7,11,12,13,20],"killed_by":"Gremlin Leader","ascension_level":0}}