{"host":"ekha54jsiuuqgn65","time":1610439905,"event":{"mods":["BaseMod","Colored Map","Conspire","Minty Spire (QoL Compilation)","Replay The Spire","StSLib","The Marked","[IsaacMod]ÒÔÈö¼âËþ"],"gold_per_floor":[109,59,72,83,83,83,97,132,132,132,160,160,160,174,174,269,269,280,297,297,313,331,331,33,50,128,145,145,155,155,172,172,269,269,285,385,399,418,436,436,436],"floor_reached":40,"playtime":4693,"items_purged":[],"score":554,"play_id":"e189dcb0-4fb5-4a25-97dd-1de5fa7843a3","local_time":"20210112162505","is_ascension_mode":false,"campfire_choices":[{"floor":6,"key":"RECALL"},{"floor":10,"key":"REST"},{"floor":12,"key":"REST"},{"data":"WeaponsOverheat","floor":15,"key":"SMITH"},{"floor":23,"key":"REST"},{"floor":28,"key":"REST"},{"floor":30,"key":"REST"},{"floor":32,"key":"DIG"}],"circlet_count":0,"master_deck":["Strike_R+1","Strike_R+1","Strike_R+1","Defend_R+1","Defend_R+1","Defend_R+1","Defend_R+1","Bash","DoctorFetus","Flame Barrier","Twin Strike","Shrug It Off","Flex","Seeing Red","Self Repair+1","WeaponsOverheat+1","Double Tap","Flex","Seeing Red+1","Massacre+1","Shrug It Off","Cleave","Double Tap","Pommel Strike","Clothesline","Flex+1","Demon Form","Intimidate+1"],"relics":["HushsDoor","GuppysTail","Another Sword","Boot","Iron Core","Painkiller Herb","Replay:Mystery Machine","Medical Kit","Pantograph","Kunai","conspire:SpecialSausage"],"acts_visited":["Exordium","TheCity","TheBeyond"],"potions_floor_usage":[16,39,40],"damage_taken":[{"damage":11,"enemies":"2 Louse","floor":1,"turns":3},{"damage":11,"enemies":"Jaw Worm","floor":3,"turns":4},{"damage":10,"enemies":"Cultist","floor":4,"turns":4},{"damage":10,"enemies":"Looter","floor":7,"turns":2},{"damage":25,"enemies":"3 Sentries","floor":8,"turns":4},{"damage":32,"enemies":"Gremlin Nob","floor":11,"turns":4},{"damage":0,"enemies":"Blue Slaver","floor":14,"turns":2},{"damage":37,"enemies":"Slime Boss","floor":16,"turns":8},{"damage":20,"enemies":"Shell Parasite","floor":18,"turns":6},{"damage":23,"enemies":"Spheric Guardian","floor":19,"turns":6},{"damage":14,"enemies":"Snake Plant","floor":21,"turns":4},{"damage":47,"enemies":"Sentry and Sphere","floor":22,"turns":8},{"damage":12,"enemies":"Centurion and Healer","floor":25,"turns":5},{"damage":19,"enemies":"Shelled Parasite and Fungi","floor":27,"turns":4},{"damage":12,"enemies":"3 Cultists","floor":29,"turns":5},{"damage":20,"enemies":"Snecko","floor":31,"turns":5},{"damage":28,"enemies":"Pondfish","floor":33,"turns":9},{"damage":16,"enemies":"3 Darklings","floor":35,"turns":3},{"damage":0,"enemies":"Orb Walker","floor":37,"turns":2},{"damage":8,"enemies":"Transient","floor":38,"turns":5},{"damage":38,"enemies":"Sphere and 2 Shapes","floor":39,"turns":4},{"damage":91,"enemies":"Giant Head","floor":40,"turns":10}],"seed_played":"4123025742274137265","potions_obtained":[{"floor":1,"key":"BlessingOfTheForge"},{"floor":3,"key":"BloodPotion"},{"floor":22,"key":"SteroidPotion"},{"floor":27,"key":"Languid Potion"},{"floor":29,"key":"ElixirPotion"},{"floor":39,"key":"SpeedPotion"}],"is_trial":false,"path_per_floor":["M","?","M","M","?","R","M","E","T","R","E","R","?","M","R","B",null,"?","?","?","?","?","T","T","?","T","?","T","?","T","?","T","B",null,"?","?","?","?","?","E"],"character_chosen":"IRONCLAD","items_purchased":["Replay:Mystery Machine","Medical Kit"],"campfire_rested":5,"item_purchase_floors":[24,24],"current_hp_per_floor":[75,75,70,66,66,66,62,43,43,67,41,65,65,75,75,48,80,70,57,57,53,16,40,40,38,38,29,53,51,75,65,65,62,80,74,74,80,80,68,0,0],"gold":436,"neow_bonus":"REMOVE_CARD","is_daily":false,"chose_seed":false,"campfire_upgraded":1,"win_rate":0.0,"timestamp":1610439905,"path_taken":["M","?","M","?","?","R","M","E","T","R","E","R","?","?","R","BOSS","?","?","?","?","?","T","T","?","T","?","T","?","T","?","T","BOSS","?","?","?","?","?","E"],"items_purchased_type":["Relic","Relic"],"build_version":"2020-12-22","purchased_purges":0,"victory":false,"max_hp_per_floor":[80,80,80,80,80,80,80,80,80,80,80,80,80,80,80,80,80,80,80,80,80,80,80,80,80,80,80,80,80,80,80,80,80,80,80,80,80,80,80,80,80],"card_choices":[{"not_picked":[],"picked":"DoctorFetus","floor":0},{"not_picked":["Bomb","Heavy Blade"],"picked":"Flame Barrier","floor":1},{"not_picked":["ReplayTheSpireMod:Stacked","Sword Boomerang"],"picked":"Twin Strike","floor":3},{"not_picked":["Iron Wave","Bomb"],"picked":"Shrug It Off","floor":4},{"not_picked":["Warcry","Armaments","Life Link"],"picked":"SKIP","floor":7},{"not_picked":["Metallicize","Juggernaut"],"picked":"Flex","floor":8},{"not_picked":["Iron Wave","Clothesline"],"picked":"Seeing Red","floor":11},{"not_picked":["Shrug It Off","Rip and Tear"],"picked":"WeaponsOverheat","floor":14},{"not_picked":["Demonic Infusion","Eclipse"],"picked":"Double Tap","floor":16},{"not_picked":["Flame Barrier","ReplayTheSpireMod:Stacked","Warcry"],"picked":"SKIP","floor":18},{"not_picked":["Battle Trance","Clash","Power Through+1"],"picked":"SKIP","floor":19},{"not_picked":["Massacre","Warcry","Defy Death"],"picked":"SKIP","floor":21},{"not_picked":["Dual Wield+1","True Grit"],"picked":"Flex","floor":22},{"not_picked":["Abandon","Cleave"],"picked":"Seeing Red+1","floor":25},{"not_picked":["Run Through","Twin Strike"],"picked":"Massacre+1","floor":27},{"not_picked":["Iron Wave","Twin Strike"],"picked":"Shrug It Off","floor":29},{"not_picked":["conspire:Charge","Iron Wave+1"],"picked":"Cleave","floor":31},{"not_picked":["Impervious","Corruption"],"picked":"Double Tap","floor":33},{"not_picked":["Cleave","Anger+1"],"picked":"Pommel Strike","floor":35},{"not_picked":["Pummel","Defy Death+1"],"picked":"Clothesline","floor":36},{"not_picked":["Shrug It Off+1","Twin Strike+1"],"picked":"Flex+1","floor":37},{"not_picked":["ReplayTheSpireMod:Strike From Hell+1","ReplayTheSpireMod:LeadingStrike+1"],"picked":"Demon Form","floor":38},{"not_picked":["Armaments","Entrench+1"],"picked":"Intimidate+1","floor":39}],"player_experience":2945,"relics_obtained":[{"floor":8,"key":"Another Sword"},{"floor":11,"key":"Boot"},{"floor":26,"key":"Pantograph"},{"floor":32,"key":"Kunai"}],"event_choices":[{"cards_removed":["Strike_R"],"damage_healed":0,"gold_gain":0,"player_choice":"Card Removal","damage_taken":0,"max_hp_gain":0,"max_hp_loss":0,"event_name":"The Cleric","floor":2,"gold_loss":50},{"damage_healed":0,"gold_gain":0,"player_choice":"Simplicity","damage_taken":0,"max_hp_gain":0,"max_hp_loss":0,"event_name":"Back to Basics","floor":20,"gold_loss":0,"cards_upgraded":["Strike_R","Strike_R","Strike_R","Defend_R","Defend_R","Defend_R"]}],"is_beta":false,"boss_relics":[{"not_picked":["SlaversCollar","ChewingGum"],"picked":"Painkiller Herb"},{"not_picked":[]},{"not_picked":["conspire:SlowCooker","SacredBark"],"picked":"conspire:SpecialSausage"},{"not_picked":[]}],"items_purged_floors":[],"is_endless":false,"potions_floor_spawned":[1,3,22,27,29,31,33,35,38,39],"killed_by":"Giant Head","ascension_level":0}}