{"host":"480qzmvu0s2e3e6w","time":1610457617,"event":{"mods":["BaseMod","Colored Map","DeckTracker","Lobotomy","Minty Spire (QoL Compilation)","StSLib","SuperFastMode"],"gold_per_floor":[119,132,151,165,165,165,199,199,199,219,236,5,5,38,38,134,134,152,134,153,163,174,174,204,204,230,247,162,188,188,203,203,299,299,314,328,47,0,0,0,20,20,44,79,127,174,186,210,222,234,246,258,44,71,71],"floor_reached":56,"playtime":3894,"items_purged":["Strike_B","Strike_B"],"score":1726,"play_id":"c2746738-e8ac-46b0-9215-9c546416f709","local_time":"20210112222017","is_ascension_mode":true,"campfire_choices":[{"data":"Defragment","floor":6.0,"key":"SMITH"},{"floor":8.0,"key":"REST"},{"data":"Rainbow","floor":15.0,"key":"SMITH"},{"floor":23.0,"key":"REST"},{"floor":25,"key":"REST"},{"data":"Buffer","floor":30,"key":"SMITH"},{"data":"Turbo","floor":32,"key":"SMITH"},{"data":"Seek","floor":40,"key":"SMITH"},{"data":"Defragment","floor":42,"key":"SMITH"},{"floor":49,"key":"RECALL"},{"data":"Heatsinks","floor":52,"key":"SMITH"}],"circlet_count":0,"master_deck":["AscendersBane","Strike_B","Strike_B","Defend_B","Defend_B","Defend_B","Defend_B","Zap+1","Dualcast","Compile Driver","Defragment+1","Lockon","Consume+1","Static Discharge","Rainbow+1","Capacitor","Turbo+1","Skim","Capacitor","Creative AI","Glacier","Buffer+1","Chill+1","Chill","Seek+1","Heatsinks+1","Double Energy","Defragment+1","Biased Cognition","Hologram+1","Turbo","Buffer"],"relics":["Cracked Core","Mercury Hourglass","Letter Opener","White Beast Statue","Nuclear Battery","Emotion Chip","Centennial Puzzle","Sundial","Juzu Bracelet","Philosopher\u0027s Stone","ClockworkSouvenir","Red Mask","Anchor","MawBank","Shovel","Orrery","Ice Cream"],"acts_visited":["Exordium","TheCity","TheBeyond","TheEnding"],"potions_floor_usage":[24,24,27,27,27,31,36,44,50,50,54,55],"damage_taken":[{"damage":0.0,"enemies":"2 Louse","floor":1.0,"turns":2.0},{"damage":1.0,"enemies":"Cultist","floor":2.0,"turns":3.0},{"damage":7.0,"enemies":"Jaw Worm","floor":3.0,"turns":3.0},{"damage":6.0,"enemies":"3 Louse","floor":4.0,"turns":2.0},{"damage":35.0,"enemies":"3 Sentries","floor":7.0,"turns":8.0},{"damage":4.0,"enemies":"Exordium Wildlife","floor":10.0,"turns":3.0},{"damage":4.0,"enemies":"2 Fungi Beasts","floor":11.0,"turns":2.0},{"damage":9.0,"enemies":"Lagavulin","floor":14.0,"turns":6.0},{"damage":21.0,"enemies":"Hexaghost","floor":16.0,"turns":6.0},{"damage":17.0,"enemies":"Shell Parasite","floor":18.0,"turns":4.0},{"damage":10.0,"enemies":"2 Thieves","floor":19.0,"turns":4.0},{"damage":9.0,"enemies":"3 Cultists","floor":20.0,"turns":5.0},{"damage":17.0,"enemies":"Snake Plant","floor":21.0,"turns":2.0},{"damage":0.0,"enemies":"Snecko","floor":22.0,"turns":7.0},{"damage":23,"enemies":"Book of Stabbing","floor":24,"turns":3},{"damage":1,"enemies":"3 Cultists","floor":27,"turns":4},{"damage":13,"enemies":"Slavers","floor":29,"turns":4},{"damage":0,"enemies":"Centurion and Healer","floor":31,"turns":7},{"damage":21,"enemies":"Collector","floor":33,"turns":9},{"damage":0,"enemies":"3 Darklings","floor":35,"turns":2},{"damage":0,"enemies":"Orb Walker","floor":36,"turns":3},{"damage":0,"enemies":"Jaw Worm Horde","floor":41,"turns":5},{"damage":0,"enemies":"Nemesis","floor":44,"turns":7},{"damage":7,"enemies":"Giant Head","floor":46,"turns":8},{"damage":0,"enemies":"Sphere and 2 Shapes","floor":48,"turns":3},{"damage":5,"enemies":"Awakened One","floor":50,"turns":10},{"damage":23,"enemies":"Shield and Spear","floor":54,"turns":7},{"damage":14,"enemies":"The Heart","floor":55,"turns":11}],"seed_played":"1597044592701903626","potions_obtained":[{"floor":1.0,"key":"Swift Potion"},{"floor":2.0,"key":"FearPotion"},{"floor":10.0,"key":"FearPotion"},{"floor":16.0,"key":"BlessingOfTheForge"},{"floor":18.0,"key":"FearPotion"},{"floor":19.0,"key":"Dexterity Potion"},{"floor":20.0,"key":"DistilledChaos"},{"floor":21.0,"key":"Fire Potion"},{"floor":22.0,"key":"AttackPotion"},{"floor":24,"key":"Explosive Potion"},{"floor":27,"key":"Fruit Juice"},{"floor":29,"key":"Regen Potion"},{"floor":31,"key":"Fire Potion"},{"floor":33,"key":"SpeedPotion"},{"floor":35,"key":"ColorlessPotion"},{"floor":36,"key":"Fruit Juice"},{"floor":41,"key":"EssenceOfSteel"},{"floor":44,"key":"Block Potion"},{"floor":46,"key":"Regen Potion"},{"floor":54,"key":"Weak Potion"}],"is_trial":false,"path_per_floor":["M","M","M","M","?","R","E","R","T","M","M","$","?","E","R","B",null,"M","M","M","M","M","R","E","R","T","M","?","E","R","M","R","B",null,"M","M","$","?","$","R","M","R","T","E","T","E","?","M","R","B",null,"R","$","E","B",null],"character_chosen":"DEFECT","items_purchased":["Capacitor","Turbo","Skim","Double Energy","ClockworkSouvenir","Orrery","DuplicationPotion"],"campfire_rested":3,"item_purchase_floors":[12,12,12,37,37,53,53],"current_hp_per_floor":[68,67,60,54,59,59,24,48,48,44,40,40,40,31,31,10,63,46,36,27,10,10,34,11,35,35,39,39,26,26,41,41,20,69,69,74,74,74,74,74,74,74,74,74,74,67,67,67,67,77,83,83,83,60,46],"gold":71,"neow_bonus":"UPGRADE_CARD","is_daily":false,"chose_seed":false,"campfire_upgraded":7,"win_rate":0.0,"timestamp":1610457617,"path_taken":["M","M","M","M","?","R","E","R","T","M","M","$","?","E","R","BOSS","M","M","M","?","M","R","E","R","T","M","?","E","R","M","R","BOSS","M","M","$","?","$","R","M","R","T","E","?","E","?","M","R","BOSS","R","$","E","BOSS"],"items_purchased_type":["Card","Card","Card","Card","Relic","Relic","Potion"],"build_version":"2020-12-22","purchased_purges":2,"victory":true,"max_hp_per_floor":[75,75,75,75,80,80,80,80,80,80,80,80,80,80,80,80,80,80,80,80,80,80,80,80,80,80,85,85,85,85,85,85,85,85,85,90,90,90,90,90,90,90,90,90,90,90,85,85,85,85,85,85,85,85,85],"card_choices":[{"not_picked":["Hello World","Capacitor"],"picked":"Compile Driver","floor":1.0},{"not_picked":["Doom and Gloom","Beam Cell"],"picked":"Defragment","floor":2.0},{"not_picked":["Barrage","Stack"],"picked":"Lockon","floor":3.0},{"not_picked":["Rebound","Lockon"],"picked":"Consume","floor":4.0},{"not_picked":["Beam Cell","Streamline","Steam"],"picked":"SKIP","floor":7.0},{"not_picked":["Beam Cell","Streamline","Steam"],"picked":"SKIP","floor":7.0},{"not_picked":["Scrape","Steam"],"picked":"Static Discharge","floor":10.0},{"not_picked":["Compile Driver","Cold Snap"],"picked":"Rainbow","floor":11.0},{"not_picked":["Streamline","Barrage"],"picked":"Capacitor","floor":14.0},{"not_picked":["Thunder Strike","Electrodynamics"],"picked":"Creative AI","floor":16.0},{"not_picked":["Redo","Go for the Eyes","Compile Driver"],"picked":"SKIP","floor":18.0},{"not_picked":["Loop","FTL+1"],"picked":"Glacier","floor":19.0},{"not_picked":["Steam","Compile Driver","Cold Snap"],"picked":"SKIP","floor":20.0},{"not_picked":["Hologram","Tempest"],"picked":"Buffer","floor":21.0},{"not_picked":["Reprogram","Capacitor","Steam"],"picked":"SKIP","floor":22.0},{"not_picked":["Streamline+1","Redo"],"picked":"Chill+1","floor":24},{"not_picked":["Barrage","Steam+1","Consume"],"picked":"SKIP","floor":27},{"not_picked":["Go for the Eyes","Rebound"],"picked":"Chill","floor":29},{"not_picked":["Storm+1","Sweeping Beam","Steam"],"picked":"SKIP","floor":31},{"not_picked":["Thunder Strike","Electrodynamics"],"picked":"Seek","floor":33},{"not_picked":["Sweeping Beam+1","Stack","Loop+1"],"picked":"SKIP","floor":35},{"not_picked":["Hologram+1","Leap+1"],"picked":"Heatsinks","floor":36},{"not_picked":["Go for the Eyes+1","Compile Driver"],"picked":"Defragment","floor":41},{"not_picked":["Fusion+1","Leap","Rip and Tear+1"],"picked":"SKIP","floor":44},{"not_picked":["Turbo","Leap+1"],"picked":"Biased Cognition","floor":46},{"not_picked":["Blizzard","Steam"],"picked":"Hologram+1","floor":48},{"not_picked":["Hologram","Cold Snap+1"],"picked":"Turbo","floor":53},{"not_picked":["Cold Snap+1","Sweeping Beam+1"],"picked":"Buffer","floor":54}],"player_experience":699344,"relics_obtained":[{"floor":7.0,"key":"Mercury Hourglass"},{"floor":9.0,"key":"Letter Opener"},{"floor":14.0,"key":"White Beast Statue"},{"floor":24,"key":"Emotion Chip"},{"floor":26,"key":"Centennial Puzzle"},{"floor":29,"key":"Juzu Bracelet"},{"floor":44,"key":"Anchor"},{"floor":45,"key":"MawBank"},{"floor":46,"key":"Shovel"},{"floor":54,"key":"Ice Cream"}],"event_choices":[{"damage_healed":0.0,"max_hp_gain":5.0,"max_hp_loss":0.0,"gold_gain":0.0,"event_name":"Big Fish","player_choice":"Donut","floor":5.0,"gold_loss":0.0,"damage_taken":0.0},{"damage_healed":0.0,"max_hp_gain":0.0,"max_hp_loss":0.0,"gold_gain":0.0,"event_name":"Upgrade Shrine","player_choice":"Upgraded","floor":13.0,"gold_loss":0.0,"damage_taken":0.0,"cards_upgraded":["Consume"]},{"damage_healed":0,"gold_gain":0,"player_choice":"Obtained Relic","damage_taken":0,"relics_obtained":["Sundial"],"max_hp_gain":0,"max_hp_loss":0,"event_name":"Addict","floor":28,"gold_loss":85},{"damage_healed":0,"gold_gain":0,"player_choice":"Paid","damage_taken":0,"relics_obtained":["Red Mask"],"max_hp_gain":0,"max_hp_loss":0,"event_name":"Tomb of Lord Red Mask","floor":38,"gold_loss":47},{"damage_healed":0,"gold_gain":0,"player_choice":"Max HP","damage_taken":0,"max_hp_gain":0,"max_hp_loss":5,"event_name":"Winding Halls","floor":47,"gold_loss":0}],"is_beta":false,"boss_relics":[{"not_picked":["Runic Pyramid","Cursed Key"],"picked":"Nuclear Battery"},{"not_picked":["Sozu","SacredBark"],"picked":"Philosopher\u0027s Stone"}],"items_purged_floors":[12,37],"is_endless":false,"potions_floor_spawned":[1,2,10,16,18,19,20,21,22,24,27,29,31,33,35,36,41,44,46,48,54],"ascension_level":10}}