{"host":"w3q5ijqu8eoknil3","time":1610443622,"event":{"mods":["AchievementEnabler","BaseMod","Block Reminder","Colored Map","Colored Powertips","Curses Come First","Dark Map","Minty Spire (QoL Compilation)","Quick Restart","Relic Stats","StSLib","ojb\u0027s Better Paths Mod","ojb\u0027s Info Mod","slay the spire mod where everything is the same but ironclad has a cowboy hat"],"gold_per_floor":[15,15,15,29,47,47,75,75,98,109,109,139,159,178,178,257,257,228,240,55,65,80,112,126,142,188,188,188],"floor_reached":27,"playtime":1022,"items_purged":[],"score":521,"play_id":"2b27c751-23a7-4691-b1ba-aa468bc658ef","local_time":"20210112092702","is_ascension_mode":true,"campfire_choices":[{"data":"Poisoned Stab","floor":6,"key":"SMITH"},{"data":"Flying Knee","floor":8,"key":"SMITH"},{"data":"Endless Agony","floor":11,"key":"SMITH"},{"data":"Unload","floor":15,"key":"SMITH"}],"circlet_count":0,"master_deck":["AscendersBane","Strike_G+1","Strike_G","Strike_G","Strike_G","Defend_G","Defend_G","Defend_G","Defend_G","Defend_G","Survivor+1","Neutralize","Flying Knee+1","Endless Agony+1","All Out Attack","Poisoned Stab+1","PiercingWail","Footwork","Unload+1","Calculated Gamble","Venomology","Footwork","Apotheosis","Acrobatics","Backflip+1","Poisoned Stab"],"relics":["Ring of the Snake","StoneCalendar","Strawberry","Orichalcum","Sundial","Busted Crown","Question Card","Smiling Mask"],"acts_visited":["Exordium","TheCity"],"potions_floor_usage":[12,12,16,18,21,21,22,22,23,24,24,24,24,24,25,25],"damage_taken":[{"damage":0,"enemies":"2 Louse","floor":1,"turns":5},{"damage":4,"enemies":"Small Slimes","floor":4,"turns":4},{"damage":2,"enemies":"Jaw Worm","floor":5,"turns":3},{"damage":15,"enemies":"3 Sentries","floor":7,"turns":7},{"damage":0,"enemies":"2 Fungi Beasts","floor":10,"turns":3},{"damage":0,"enemies":"Gremlin Nob","floor":12,"turns":2},{"damage":5,"enemies":"Looter","floor":13,"turns":3},{"damage":2,"enemies":"Red Slaver","floor":14,"turns":2},{"damage":3,"enemies":"The Guardian","floor":16,"turns":14},{"damage":10,"enemies":"2 Thieves","floor":18,"turns":4},{"damage":0,"enemies":"Chosen","floor":19,"turns":7},{"damage":18,"enemies":"Snake Plant","floor":21,"turns":6},{"damage":24,"enemies":"Chosen and Byrds","floor":22,"turns":6},{"damage":5,"enemies":"Book of Stabbing","floor":23,"turns":7},{"damage":3,"enemies":"3 Cultists","floor":24,"turns":6},{"damage":0,"enemies":"Centurion and Healer","floor":25,"turns":7},{"damage":13,"enemies":"Snake Plant","floor":27,"turns":1}],"seed_played":"-6429988233191173829","potions_obtained":[{"floor":7,"key":"AttackPotion"},{"floor":10,"key":"FearPotion"},{"floor":12,"key":"Dexterity Potion"},{"floor":16,"key":"Regen Potion"},{"floor":22,"key":"Energy Potion"},{"floor":23,"key":"EntropicBrew"},{"floor":24,"key":"Poison Potion"}],"is_trial":false,"path_per_floor":["M","?","?","M","M","R","E","R","T","M","R","E","M","M","R","B",null,"M","M","$","M","M","E","M","M","T","M"],"character_chosen":"THE_SILENT","items_purchased":["Apotheosis"],"campfire_rested":0,"item_purchase_floors":[20],"current_hp_per_floor":[59,59,39,35,33,33,25,25,25,25,25,25,20,18,18,15,59,63,63,63,45,21,16,13,13,13,0,0],"gold":188,"neow_bonus":"ONE_RARE_RELIC","is_daily":false,"chose_seed":false,"campfire_upgraded":4,"win_rate":0.0,"timestamp":1610443622,"path_taken":["M","?","?","M","M","R","E","R","T","M","R","E","M","?","R","BOSS","M","M","$","M","M","E","M","M","T","M"],"items_purchased_type":["Card"],"build_version":"2020-12-22","purchased_purges":0,"victory":false,"max_hp_per_floor":[66,66,66,66,66,66,73,73,73,73,73,73,73,73,73,73,73,73,73,73,73,73,73,73,73,73,73,73],"relic_stats":{"Busted Crown":14,"counters":[17,87],"Sundial":[8],"StoneCalendar":[71],"Orichalcum":[168],"Question Card":2,"Smiling Mask":0,"obtain_stats":[{"Busted Crown":17,"Sundial":12,"Strawberry":7,"StoneCalendar":0,"Orichalcum":9,"Question Card":23,"Smiling Mask":26,"Ring of the Snake":0},{"Busted Crown":9,"Sundial":6,"Strawberry":4,"StoneCalendar":0,"Orichalcum":4,"Question Card":14,"Smiling Mask":16,"Ring of the Snake":0},{"Busted Crown":43,"Sundial":24,"Strawberry":19,"StoneCalendar":0,"Orichalcum":19,"Question Card":73,"Smiling Mask":86,"Ring of the Snake":0}],"Ring of the Snake":[34]},"card_choices":[{"not_picked":["Prepared","Flechettes"],"picked":"Flying Knee","floor":1},{"not_picked":["Catalyst","Dodge and Roll"],"picked":"All Out Attack","floor":4},{"not_picked":["Dagger Throw","Reflex"],"picked":"Poisoned Stab","floor":5},{"not_picked":["Escape Plan","Bane"],"picked":"PiercingWail","floor":7},{"not_picked":["Sucker Punch","Slice"],"picked":"Footwork","floor":10},{"not_picked":["Cloak And Dagger","Quick Slash"],"picked":"Unload","floor":12},{"not_picked":["Dodge and Roll","Slice"],"picked":"Calculated Gamble","floor":13},{"not_picked":["Slice","Calculated Gamble","Deflect"],"picked":"SKIP","floor":14},{"not_picked":["Glass Knife","Unload"],"picked":"Venomology","floor":16},{"not_picked":[],"picked":"Footwork","floor":18},{"not_picked":["Prepared"],"picked":"SKIP","floor":19},{"not_picked":[],"picked":"Acrobatics","floor":21},{"not_picked":[],"picked":"Backflip+1","floor":22},{"not_picked":["Slice"],"picked":"SKIP","floor":23},{"not_picked":["Heel Hook","Dagger Throw"],"picked":"SKIP","floor":24},{"not_picked":["Escape Plan"],"picked":"Poisoned Stab","floor":25}],"player_experience":968831,"relics_obtained":[{"floor":7,"key":"Strawberry"},{"floor":9,"key":"Orichalcum"},{"floor":12,"key":"Sundial"},{"floor":23,"key":"Question Card"},{"floor":26,"key":"Smiling Mask"}],"event_choices":[{"damage_healed":0,"gold_gain":0,"cards_transformed":["Strike_G"],"player_choice":"Change","damage_taken":0,"max_hp_gain":0,"max_hp_loss":0,"event_name":"Living Wall","floor":2,"gold_loss":0,"cards_obtained":["Endless Agony"]},{"damage_healed":0,"gold_gain":0,"player_choice":"Entered Light","damage_taken":20,"max_hp_gain":0,"max_hp_loss":0,"event_name":"Shining Light","floor":3,"gold_loss":0,"cards_upgraded":["Survivor","Strike_G"]}],"is_beta":false,"boss_relics":[{"not_picked":["Fusion Hammer","Tiny House"],"picked":"Busted Crown"}],"items_purged_floors":[],"is_endless":false,"potions_floor_spawned":[7,10,12,16,19,22,23,24],"killed_by":"Snake Plant","ascension_level":18}}