{"host":"tnsigirk6wurdark","time":1610484460,"event":{"mods":["BaseMod","Colored Map","Colored Powertips","Highlight Path","Minty Spire (QoL Compilation)","Quick Restart","Relic Sorter","StSLib","Synergy Search"],"gold_per_floor":[114,16,16,31,42,42,75,75,75,75,93,121,121,136,136,136,136],"floor_reached":16,"playtime":665,"items_purged":[],"score":193,"play_id":"5562be21-80c5-4f3b-8840-9340d2d24e6b","local_time":"20210112204740","is_ascension_mode":true,"campfire_choices":[{"data":"Footwork","floor":6.0,"key":"SMITH"},{"data":"Backflip","floor":8.0,"key":"SMITH"},{"floor":13,"key":"REST"},{"floor":15,"key":"REST"}],"circlet_count":0,"master_deck":["AscendersBane","Strike_G","Strike_G","Strike_G","Strike_G","Strike_G","Defend_G","Defend_G","Defend_G","Defend_G","Defend_G","Survivor","Neutralize","Deflect","Backflip","Footwork+1","Crippling Poison","Backflip+1","Parasite","Backstab","Dagger Throw","Backflip"],"relics":["Ring of the Snake","NeowsBlessing","Shuriken","Pear","The Courier"],"acts_visited":["Exordium"],"potions_floor_usage":[],"damage_taken":[{"damage":0.0,"enemies":"Cultist","floor":1.0,"turns":1.0},{"damage":0.0,"enemies":"2 Louse","floor":4.0,"turns":1.0},{"damage":0.0,"enemies":"Small Slimes","floor":5.0,"turns":1.0},{"damage":17.0,"enemies":"3 Sentries","floor":7.0,"turns":13.0},{"damage":0.0,"enemies":"Blue Slaver","floor":11.0,"turns":7.0},{"damage":59,"enemies":"Gremlin Nob","floor":12,"turns":7},{"damage":17,"enemies":"Exordium Wildlife","floor":14,"turns":7},{"damage":53,"enemies":"Hexaghost","floor":16,"turns":16}],"seed_played":"-6581899764547042706","potions_obtained":[{"floor":1.0,"key":"Explosive Potion"},{"floor":7.0,"key":"Fruit Juice"}],"is_trial":false,"path_per_floor":["M","$","$","M","M","R","E","R","T","?","M","E","R","M","R","B"],"character_chosen":"THE_SILENT","items_purchased":["Backflip","Footwork"],"campfire_rested":2,"item_purchase_floors":[2,2],"current_hp_per_floor":[59,59,59,59,59,59,42,42,52,71,76,17,41,24,48,0,0],"gold":136,"neow_bonus":"THREE_ENEMY_KILL","is_daily":false,"chose_seed":false,"campfire_upgraded":2,"win_rate":0.0,"timestamp":1610484460,"path_taken":["M","?","$","M","M","R","E","R","T","?","M","E","R","M","R","BOSS"],"items_purchased_type":["Card","Card"],"build_version":"2020-12-22","purchased_purges":0,"victory":false,"max_hp_per_floor":[66,66,66,66,66,66,66,66,76,76,81,81,81,81,81,81,81],"card_choices":[{"not_picked":["Terror","Distraction"],"picked":"Deflect","floor":1.0},{"not_picked":["Quick Slash","Finisher"],"picked":"Crippling Poison","floor":4.0},{"not_picked":["All Out Attack","Endless Agony"],"picked":"Backflip","floor":5.0},{"not_picked":["Predator","Crippling Poison","Underhanded Strike"],"picked":"SKIP","floor":7.0},{"not_picked":["Poisoned Stab","Endless Agony"],"picked":"Backstab","floor":11.0},{"not_picked":["Dodge and Roll","Bane"],"picked":"Dagger Throw","floor":12},{"not_picked":["Reflex","Outmaneuver"],"picked":"Backflip","floor":14}],"player_experience":690291,"relics_obtained":[{"floor":7.0,"key":"Shuriken"},{"floor":9.0,"key":"Pear"},{"floor":12,"key":"The Courier"}],"event_choices":[{"damage_healed":19.0,"max_hp_gain":0.0,"max_hp_loss":0.0,"gold_gain":0.0,"event_name":"Mushrooms","player_choice":"Healed and dodged fight","floor":10.0,"gold_loss":0.0,"damage_taken":0.0,"cards_obtained":["Parasite"]}],"is_beta":false,"boss_relics":[],"items_purged_floors":[],"is_endless":false,"potions_floor_spawned":[1,7],"killed_by":"Hexaghost","ascension_level":15}}