{"host":"qk06od3ap196wbz4","time":1610459899,"event":{"mods":["AchievementEnabler","Arknights The Spire","BaseMod","DeckTracker","Keyboard Shortcuts","Minty Spire (QoL Compilation)","Permanent Neow","StSLib","SuperFastMode"],"gold_per_floor":[119,139,214,139,153,178,209,209,254,254,285,285,317,217,217,320,320,332,140,140,140,140,166,166,196,223,73,73,100,100,100,100,212,212,223,252,252,261,261,299,80,80,80,80,80,380,424,424,424,424],"floor_reached":51,"playtime":1356,"items_purged":["ats:Red Shift","ats:Part Time Job","ats:Hammer On","ats:Ignite","ats:Magnetic Hammer"],"score":902,"play_id":"3cd2057c-936d-41eb-b3c8-f153252d6808","local_time":"20210112225819","daily_mods":["Draft","Heirloom","Time Dilation","Flight"],"is_ascension_mode":false,"campfire_choices":[{"data":"ats:Soul Absorption","floor":8,"key":"SMITH"},{"data":"ats:Closed Bolt Burst Fire","floor":10,"key":"SMITH"},{"data":"ats:Closed Bolt Burst Fire","floor":12,"key":"SMITH"},{"data":"ats:Flexible Camouflage","floor":15,"key":"SMITH"},{"data":"ats:Poison Spread","floor":28,"key":"SMITH"},{"data":"ats:Poison Spread","floor":30,"key":"SMITH"},{"data":"ats:Poison Spread","floor":32,"key":"SMITH"},{"floor":45,"key":"REST"},{"floor":49,"key":"REST"}],"circlet_count":0,"master_deck":["ats:Shell Defense+1","ats:Closed Bolt Burst Fire+1","ats:Explosion Area Strengthen","ats:Closed Bolt Burst Fire+1","ats:Flexible Camouflage+1","ats:Assault Order","ats:Poison Spread+1","ats:Part Time Job","ats:Poison Spread+1","ats:Hammer On","ats:Explosion Area Strengthen","ats:Poison Spread+1","ats:Poison Spread","ats:Soul Absorption+1","ats:Rat Pack+1","ats:Leaping Hammer+1","ats:Mental Burst+1","ats:Collapsing Strike+1","ats:Ambush","ats:Poison Spread+1","ats:Consecutive Shot Auto+1","ats:Neurotoxin"],"relics":["ats:Sanity","Incense Burner","ats:Originium","Blue Candle","Nunchaku","Akabeko","Molten Egg 2","Sundial","Velvet Choker","War Paint","Pear","CeramicFish","Juzu Bracelet","MutagenicStrength","Fusion Hammer","Shuriken","Bag of Preparation","Old Coin","Vajra"],"acts_visited":["Exordium","TheCity","TheBeyond"],"potions_floor_usage":[11,16,36,36,40,50],"damage_taken":[{"damage":0,"enemies":"2 Louse","floor":1,"turns":1},{"damage":0,"enemies":"Small Slimes","floor":2,"turns":1},{"damage":0,"enemies":"Cultist","floor":5,"turns":2},{"damage":1,"enemies":"Gremlin Nob","floor":6,"turns":3},{"damage":18,"enemies":"Lagavulin","floor":7,"turns":5},{"damage":14,"enemies":"Gremlin Nob","floor":11,"turns":3},{"damage":18,"enemies":"Lagavulin","floor":13,"turns":4},{"damage":47,"enemies":"The Guardian","floor":16,"turns":6},{"damage":0,"enemies":"Chosen","floor":18,"turns":3},{"damage":0,"enemies":"Gremlin Leader","floor":23,"turns":2},{"damage":0,"enemies":"Slavers","floor":25,"turns":4},{"damage":3,"enemies":"Book of Stabbing","floor":29,"turns":4},{"damage":32,"enemies":"Collector","floor":33,"turns":7},{"damage":29,"enemies":"3 Shapes","floor":35,"turns":2},{"damage":0,"enemies":"3 Darklings","floor":36,"turns":4},{"damage":18,"enemies":"Nemesis","floor":40,"turns":5},{"damage":0,"enemies":"Reptomancer","floor":47,"turns":2},{"damage":15,"enemies":"Awakened One","floor":50,"turns":7}],"seed_played":"6326167419471153041","potions_obtained":[{"floor":1,"key":"GamblersBrew"},{"floor":2,"key":"Regen Potion"},{"floor":11,"key":"DuplicationPotion"},{"floor":23,"key":"DistilledChaos"},{"floor":33,"key":"SkillPotion"},{"floor":39,"key":"DistilledChaos"},{"floor":39,"key":"ats:Emergency Sanity Potion"},{"floor":39,"key":"LiquidBronze"},{"floor":40,"key":"Dexterity Potion"}],"is_trial":true,"path_per_floor":["M","M","?","$","M","E","E","R","T","R","E","R","E","$","R","B",null,"M","$","?","$","?","E","?","E","T","$","R","E","R","?","R","B",null,"M","M","?","?","?","E","$","$","T","$","R","T","E","?","R","B",null],"character_chosen":"DOCTOR_CLASS","items_purchased":["ats:Mental Burst+1","ats:Consecutive Shot Auto+1"],"campfire_rested":2,"item_purchase_floors":[19,41],"current_hp_per_floor":[72,72,61,61,64,69,61,61,61,61,56,56,49,49,49,7,72,72,72,72,72,72,72,72,82,82,82,82,81,81,81,81,54,82,53,53,53,53,53,41,41,41,41,41,65,65,65,65,82,67],"gold":424,"neow_bonus":"","is_daily":false,"chose_seed":false,"campfire_upgraded":7,"win_rate":0.0,"timestamp":1610459899,"path_taken":["M","M","?","$","M","E","E","R","T","R","E","R","E","$","R","BOSS","M","$","?","$","?","E","?","E","T","$","R","E","R","?","R","BOSS","M","M","?","?","?","E","$","$","T","?","R","?","E","?","R","BOSS"],"items_purchased_type":["Card","Card"],"build_version":"2020-12-22","purchased_purges":5,"victory":true,"max_hp_per_floor":[72,72,72,72,72,72,72,72,72,72,72,72,72,72,72,72,72,72,72,72,72,72,72,72,82,82,82,82,82,82,82,82,82,82,82,82,82,82,82,82,82,82,82,82,82,82,82,82,82,82],"card_choices":[{"not_picked":["ats:Beaten Up","ats:Curse Doll"],"picked":"ats:Shell Defense","floor":0},{"not_picked":["ats:Powerful Strike","ats:Curse Doll"],"picked":"ats:Part Time Job","floor":0},{"not_picked":["ats:Childhood Dance","ats:Shell Defense"],"picked":"ats:Closed Bolt Burst Fire","floor":0},{"not_picked":["ats:Curse Doll","ats:Healing Strengthening"],"picked":"ats:Explosion Area Strengthen","floor":0},{"not_picked":["ats:Flexible Camouflage","ats:Revitalization"],"picked":"ats:Magnetic Hammer","floor":0},{"not_picked":["ats:Powerful Strike","ats:Assault Order"],"picked":"ats:Closed Bolt Burst Fire","floor":0},{"not_picked":["ats:Childhood Dance","ats:Overload"],"picked":"ats:Ignite","floor":0},{"not_picked":["ats:Flexible Camouflage","ats:Consecutive Shot Auto"],"picked":"ats:Red Shift","floor":0},{"not_picked":["ats:Curse Doll","ats:Childhood Dance"],"picked":"ats:Flexible Camouflage","floor":0},{"not_picked":["ats:Song Of Battle","ats:Ignite"],"picked":"ats:Assault Order","floor":0},{"not_picked":["ats:Childhood Dance","ats:Cat Scratch"],"picked":"ats:Poison Spread","floor":0},{"not_picked":["ats:Curse Doll","ats:Counter Healing Mode"],"picked":"ats:Part Time Job","floor":0},{"not_picked":["ats:Revitalization","ats:Consecutive Shot Auto"],"picked":"ats:Poison Spread","floor":0},{"not_picked":["ats:Directed Diagnosis","ats:Curse Doll"],"picked":"ats:Hammer On","floor":0},{"not_picked":["ats:Flexible Camouflage","ats:Curse Doll"],"picked":"ats:Explosion Area Strengthen","floor":0},{"not_picked":["ats:Burning Ground","ats:Directed Diagnosis"],"picked":"ats:Poison Spread","floor":1},{"not_picked":["ats:Curse Doll","ats:Childhood Dance"],"picked":"ats:Hammer On","floor":2},{"not_picked":["ats:Cat Scratch","ats:Curse Doll"],"picked":"ats:Poison Spread","floor":5},{"not_picked":["ats:Dogmatic Field","ats:Powerful Strike"],"picked":"ats:Soul Absorption","floor":6},{"not_picked":["ats:Explosion Area Strengthen","ats:Durian","ats:Hook Shot"],"picked":"SKIP","floor":7},{"not_picked":["ats:Chain Hook+1","ats:Curse Doll","ats:Apocalypse"],"picked":"SKIP","floor":11},{"not_picked":["ats:Burning Ground","ats:Chain Hook+1","ats:Apocalypse"],"picked":"SKIP","floor":13},{"not_picked":["ats:True Silver Slash+1","ats:Dogmatic Field"],"picked":"ats:Rat Pack","floor":16},{"not_picked":["ats:Directed Diagnosis","ats:Flexible Camouflage"],"picked":"ats:Leaping Hammer+1","floor":18},{"not_picked":["ats:Volcano+1","ats:Shell Defense","ats:Cat Scratch+1"],"picked":"SKIP","floor":23},{"not_picked":["ats:Poison Spread+1","ats:Curse Doll+1","ats:Blood Oath+1"],"picked":"SKIP","floor":25},{"not_picked":["ats:Red Shift+1","ats:Apocalypse","ats:Powerful Strike+1"],"picked":"SKIP","floor":29},{"not_picked":["ats:Wolf Pack+1","ats:Disruption Kick+1"],"picked":"ats:Roar Of Ursus","floor":33},{"not_picked":["ats:Powerful Strike+1","ats:Leaping Hammer+1","ats:Part Time Job"],"picked":"SKIP","floor":35},{"not_picked":["ats:Revitalization+1","ats:Apocalypse+1"],"picked":"ats:Collapsing Strike+1","floor":36},{"not_picked":["ats:Consecutive Shot Auto+1","ats:Leaping Hammer+1"],"picked":"ats:Poison Spread+1","floor":40},{"not_picked":["ats:Revitalization","ats:Red Shift+1"],"picked":"ats:Neurotoxin","floor":47}],"player_experience":158762,"relics_obtained":[{"floor":6,"key":"ats:Originium"},{"floor":6,"key":"Blue Candle"},{"floor":7,"key":"ats:Originium"},{"floor":7,"key":"Nunchaku"},{"floor":9,"key":"Akabeko"},{"floor":11,"key":"ats:Originium"},{"floor":11,"key":"Molten Egg 2"},{"floor":13,"key":"Sundial"},{"floor":23,"key":"War Paint"},{"floor":25,"key":"Pear"},{"floor":26,"key":"CeramicFish"},{"floor":29,"key":"Juzu Bracelet"},{"floor":40,"key":"Shuriken"},{"floor":43,"key":"Bag of Preparation"},{"floor":46,"key":"Old Coin"},{"floor":47,"key":"Vajra"}],"event_choices":[{"damage_healed":0,"gold_gain":75,"player_choice":"Gather Gold","damage_taken":11,"max_hp_gain":0,"max_hp_loss":0,"event_name":"World of Goop","floor":3,"gold_loss":0},{"damage_healed":0,"gold_gain":0,"player_choice":"Ignored","damage_taken":0,"max_hp_gain":0,"max_hp_loss":0,"event_name":"Vampires","floor":20,"gold_loss":0},{"damage_healed":0,"gold_gain":0,"player_choice":"Ignored","damage_taken":0,"max_hp_gain":0,"max_hp_loss":0,"event_name":"Ghosts","floor":22,"gold_loss":0},{"damage_healed":0,"gold_gain":0,"player_choice":"Ignored","damage_taken":0,"max_hp_gain":0,"max_hp_loss":0,"event_name":"NoteForYourself","floor":24,"gold_loss":0},{"damage_healed":0,"gold_gain":0,"player_choice":"Inject Mutagens","damage_taken":0,"relics_obtained":["MutagenicStrength"],"max_hp_gain":0,"max_hp_loss":0,"event_name":"Drug Dealer","floor":31,"gold_loss":0},{"damage_healed":0,"gold_gain":0,"player_choice":"Ignored","damage_taken":0,"max_hp_gain":0,"max_hp_loss":0,"event_name":"Tomb of Lord Red Mask","floor":37,"gold_loss":0},{"damage_healed":0,"gold_gain":0,"player_choice":"1 cards matched","damage_taken":0,"max_hp_gain":0,"max_hp_loss":0,"event_name":"Match and Keep!","floor":38,"gold_loss":0,"cards_obtained":["ats:Ambush"]},{"damage_healed":0,"gold_gain":0,"player_choice":"Got Potions","damage_taken":0,"max_hp_gain":0,"max_hp_loss":0,"event_name":"Lab","floor":39,"gold_loss":0},{"cards_removed":["ats:Roar Of Ursus"],"damage_healed":0,"gold_gain":0,"player_choice":"Removed Power","damage_taken":0,"max_hp_gain":0,"max_hp_loss":0,"event_name":"Falling","floor":48,"gold_loss":0}],"is_beta":false,"boss_relics":[{"not_picked":["Empty Cage","Runic Pyramid"],"picked":"Velvet Choker"},{"not_picked":["Snecko Eye","Black Star"],"picked":"Fusion Hammer"}],"items_purged_floors":[4,14,19,27,41],"is_endless":false,"potions_floor_spawned":[1,2,11,23,33,40],"ascension_level":0}}