{"host":"pl1fbpkom0aq337f","time":1610449254,"event":{"mods":["AchievementEnabler","BaseMod","Colored Map","Minty Spire (QoL Compilation)"],"gold_per_floor":[110,110,122,132,64,64,34,34,34,34,49,68,81,94,94,94,94],"floor_reached":16,"playtime":206,"items_purged":[],"score":94,"play_id":"82acdc7e-d127-44fa-a7af-be91778ed363","local_time":"20210112120054","is_ascension_mode":false,"campfire_choices":[{"data":"BowlingBash","floor":8,"key":"SMITH"},{"data":"MentalFortress","floor":10,"key":"SMITH"},{"floor":15,"key":"RECALL"}],"circlet_count":0,"master_deck":["Strike_P","Strike_P","Strike_P","Defend_P","Defend_P","Defend_P","Defend_P","Eruption+1","Vigilance","BowlingBash+1","BowlingBash","MentalFortress+1","FearNoEvil","FollowUp","Prostrate","Wallop"],"relics":["PureWater","NeowsBlessing","Pantograph"],"acts_visited":["Exordium"],"potions_floor_usage":[],"damage_taken":[{"damage":0,"enemies":"Small Slimes","floor":1,"turns":1},{"damage":0,"enemies":"Cultist","floor":3,"turns":1},{"damage":0,"enemies":"2 Louse","floor":4,"turns":1},{"damage":10,"enemies":"Looter","floor":7,"turns":4},{"damage":0,"enemies":"Large Slime","floor":11,"turns":3},{"damage":6,"enemies":"Exordium Thugs","floor":12,"turns":4},{"damage":0,"enemies":"2 Fungi Beasts","floor":13,"turns":1},{"damage":6,"enemies":"Blue Slaver","floor":14,"turns":3},{"damage":84,"enemies":"Hexaghost","floor":16,"turns":2}],"seed_played":"-3223997393916613470","potions_obtained":[{"floor":4,"key":"DistilledChaos"},{"floor":11,"key":"Fruit Juice"},{"floor":12,"key":"DistilledChaos"}],"is_trial":false,"path_per_floor":["M","?","M","M","$","?","M","R","T","R","M","M","M","M","R","B"],"character_chosen":"WATCHER","items_purchased":["FearNoEvil"],"campfire_rested":0,"item_purchase_floors":[5],"current_hp_per_floor":[72,72,72,72,72,72,62,62,62,62,62,56,56,50,50,0,0],"gold":94,"neow_bonus":"THREE_ENEMY_KILL","is_daily":false,"chose_seed":false,"campfire_upgraded":2,"win_rate":0.0,"timestamp":1610449254,"path_taken":["M","?","?","M","$","?","M","R","T","R","M","M","M","M","R","BOSS"],"items_purchased_type":["Card"],"build_version":"2020-12-22","purchased_purges":0,"victory":false,"max_hp_per_floor":[72,72,72,72,72,72,72,72,72,72,72,72,72,72,72,72,72],"card_choices":[{"not_picked":["PathToVictory","Halt"],"picked":"BowlingBash","floor":1},{"not_picked":["Prostrate","Nirvana"],"picked":"BowlingBash","floor":3},{"not_picked":["EmptyFist","PathToVictory"],"picked":"MentalFortress","floor":4},{"not_picked":["FollowUp","Devotion","LikeWater"],"picked":"SKIP","floor":7},{"not_picked":["CrushJoints","PathToVictory"],"picked":"FollowUp","floor":11},{"not_picked":["BowlingBash","Evaluate","Nirvana"],"picked":"SKIP","floor":12},{"not_picked":["LikeWater","Evaluate"],"picked":"Prostrate","floor":13},{"not_picked":["ThirdEye","ClearTheMind"],"picked":"Wallop","floor":14}],"player_experience":457540,"relics_obtained":[{"floor":9,"key":"Pantograph"}],"event_choices":[{"cards_removed":["Strike_P"],"damage_healed":0,"gold_gain":0,"player_choice":"Offered Basic","damage_taken":0,"max_hp_gain":0,"max_hp_loss":0,"event_name":"Bonfire Elementals","floor":2,"gold_loss":0},{"damage_healed":0,"gold_gain":0,"player_choice":"Grow","damage_taken":0,"max_hp_gain":0,"max_hp_loss":0,"event_name":"Living Wall","floor":6,"gold_loss":0,"cards_upgraded":["Eruption"]}],"is_beta":false,"boss_relics":[],"items_purged_floors":[],"is_endless":false,"potions_floor_spawned":[4,11,12],"killed_by":"Hexaghost","ascension_level":0}}