{"host":"ow66nzv2xecjoor3","time":1610419042,"event":{"mods":["BaseMod","Bestiary","Block Reminder","Colored Powertips","Curses Come First","Highlight Path","Keyboard Shortcuts","Minty Spire (QoL Compilation)","Permanent Neow","Relic Stats","StSLib","UnlockEverythingMod"],"gold_per_floor":[15,26,26,46,63,63,96,123,149,168,182,193,220,239,239,312,312,331,344,10,27,27,55,65,99,99,125,146,171,96,96,96,181,181,194,215,242,242,142,186,186,201,201,201,257,293,307,345,345,345,345,345,345,137,174,174],"floor_reached":57,"playtime":4337,"items_purged":["Strike_R","Strike_R","Strike_R"],"score":2936,"play_id":"94b000d1-8be6-48e2-93cf-58d6123c7050","local_time":"20210111203722","is_ascension_mode":true,"campfire_choices":[{"data":"Fiend Fire","floor":6.0,"key":"SMITH"},{"data":"Bash","floor":15.0,"key":"SMITH"},{"data":"Limit Break","floor":32.0,"key":"SMITH"},{"floor":41.0,"key":"RECALL"},{"data":"Armaments","floor":44.0,"key":"SMITH"},{"data":"Shockwave","floor":49,"key":"SMITH"},{"data":"Dual Wield","floor":53,"key":"SMITH"}],"circlet_count":0,"master_deck":["AscendersBane","Strike_R","Defend_R+1","Defend_R","Defend_R","Defend_R","Bash+1","Fiend Fire+1","Hemokinesis","Evolve","Warcry","Armaments+1","Power Through+1","Dual Wield+1","Feed","Inflame","Evolve","Fiend Fire","Shockwave+1","Seeing Red","Limit Break+1","Battle Trance","Impervious","Uppercut","Dark Embrace","Impervious","Sword Boomerang","Flame Barrier","Reaper","Warcry+1","Feed","Offering","Fiend Fire"],"relics":["Burning Blood","PreservedInsect","Art of War","Odd Mushroom","War Paint","Strawberry","Runic Pyramid","Medical Kit","Red Skull","Gambling Chip","Matryoshka","CeramicFish","Happy Flower","SlaversCollar","Regal Pillow","Nunchaku","Blue Candle","Pocketwatch","Ancient Tea Set","Meat on the Bone","Incense Burner"],"acts_visited":["Exordium","TheCity","TheBeyond","TheEnding"],"potions_floor_usage":[47,51,56,56],"damage_taken":[{"damage":7.0,"enemies":"Jaw Worm","floor":1.0,"turns":2.0},{"damage":1.0,"enemies":"Cultist","floor":2.0,"turns":3.0},{"damage":11.0,"enemies":"2 Louse","floor":4.0,"turns":3.0},{"damage":6.0,"enemies":"Exordium Wildlife","floor":5.0,"turns":4.0},{"damage":25.0,"enemies":"3 Sentries","floor":7.0,"turns":8.0},{"damage":19.0,"enemies":"The Mushroom Lair","floor":8.0,"turns":5.0},{"damage":17.0,"enemies":"Gremlin Gang","floor":10.0,"turns":5.0},{"damage":2.0,"enemies":"2 Fungi Beasts","floor":11.0,"turns":2.0},{"damage":8.0,"enemies":"Looter","floor":12.0,"turns":2.0},{"damage":5.0,"enemies":"Gremlin Nob","floor":13.0,"turns":3.0},{"damage":2.0,"enemies":"Large Slime","floor":14.0,"turns":5.0},{"damage":25.0,"enemies":"Slime Boss","floor":16.0,"turns":11.0},{"damage":20.0,"enemies":"Shell Parasite","floor":18.0,"turns":4.0},{"damage":12.0,"enemies":"Chosen","floor":19.0,"turns":7.0},{"damage":9.0,"enemies":"Snecko","floor":21.0,"turns":5.0},{"damage":31.0,"enemies":"Gremlin Leader","floor":23.0,"turns":4.0},{"damage":8.0,"enemies":"Cultist and Chosen","floor":24.0,"turns":4.0},{"damage":14.0,"enemies":"Book of Stabbing","floor":25.0,"turns":2.0},{"damage":0.0,"enemies":"Gremlin Leader","floor":27.0,"turns":2.0},{"damage":13.0,"enemies":"Snake Plant","floor":28.0,"turns":2.0},{"damage":14.0,"enemies":"3 Cultists","floor":29.0,"turns":7.0},{"damage":56.0,"enemies":"Automaton","floor":33.0,"turns":10.0},{"damage":65.0,"enemies":"3 Shapes","floor":35.0,"turns":14.0},{"damage":22.0,"enemies":"3 Darklings","floor":36.0,"turns":11.0},{"damage":28.0,"enemies":"Jaw Worm Horde","floor":37.0,"turns":6.0},{"damage":0.0,"enemies":"Giant Head","floor":40.0,"turns":7.0},{"damage":12.0,"enemies":"Spire Growth","floor":42.0,"turns":7.0},{"damage":7.0,"enemies":"2 Orb Walkers","floor":45.0,"turns":5.0},{"damage":39.0,"enemies":"Nemesis","floor":46.0,"turns":7.0},{"damage":37,"enemies":"3 Darklings","floor":47,"turns":12},{"damage":7,"enemies":"Reptomancer","floor":48,"turns":2},{"damage":173,"enemies":"Awakened One","floor":50,"turns":17},{"damage":26,"enemies":"Donu and Deca","floor":51,"turns":7},{"damage":36,"enemies":"Shield and Spear","floor":55,"turns":7},{"damage":130,"enemies":"The Heart","floor":56,"turns":10}],"seed_played":"3660784164655826640","potions_obtained":[{"floor":1.0,"key":"LiquidBronze"},{"floor":2.0,"key":"Dexterity Potion"},{"floor":7.0,"key":"Swift Potion"},{"floor":14.0,"key":"EssenceOfSteel"},{"floor":16.0,"key":"HeartOfIron"},{"floor":21.0,"key":"DuplicationPotion"},{"floor":23.0,"key":"HeartOfIron"},{"floor":27.0,"key":"Strength Potion"},{"floor":28.0,"key":"FairyPotion"},{"floor":40.0,"key":"Weak Potion"},{"floor":42.0,"key":"Explosive Potion"},{"floor":47,"key":"DuplicationPotion"}],"is_trial":false,"path_per_floor":["M","M","?","M","M","R","E","?","T","M","M","M","E","M","R","B",null,"M","M","$","M","?","E","M","E","T","E","M","M","$","?","R","B",null,"M","M","M","?","$","E","R","M","T","R","?","E","M","E","R","B","B",null,"R","$","E","B",null],"character_chosen":"IRONCLAD","items_purchased":["Medical Kit","Red Skull","DuplicationPotion"],"campfire_rested":0,"item_purchase_floors":[20,20,54],"current_hp_per_floor":[67,72,72,67,67,67,48,35,35,24,28,29,37,44,44,31,78,67,61,61,58,58,33,34,26,26,32,25,20,20,20,20,33,89,42,30,14,106,106,106,106,100,100,100,104,75,114,116,116,124,119,125,125,125,99,64],"gold":174,"neow_bonus":"THREE_RARE_CARDS","is_daily":false,"chose_seed":false,"campfire_upgraded":6,"win_rate":0.0,"timestamp":1610419042,"path_taken":["M","M","?","M","?","R","E","?","T","M","M","M","E","M","R","BOSS","M","M","$","M","?","E","M","E","T","E","M","?","$","?","R","BOSS","M","M","M","?","$","E","R","M","T","R","?","E","M","E","R","BOSS","BOSS","R","$","E","BOSS"],"items_purchased_type":["Relic","Relic","Potion"],"build_version":"2020-12-22","purchased_purges":3,"victory":true,"max_hp_per_floor":[75,75,75,75,75,75,75,75,75,75,75,78,85,88,88,94,94,97,97,97,97,97,97,100,100,100,100,100,103,103,103,103,107,107,119,123,129,106,106,106,106,106,106,106,106,110,114,117,117,124,127,127,127,127,131,131],"relic_stats":{"Regal Pillow":0,"Happy Flower":[43],"counters":[35,212],"CeramicFish":90,"Blue Candle":[2],"PreservedInsect":513,"War Paint":["Defend_R","Power Through"],"Medical Kit":[92],"Burning Blood":192,"Nunchaku":[7],"Gambling Chip":[54],"Art of War":[63],"obtain_stats":[{"Regal Pillow":40,"Happy Flower":27,"CeramicFish":26,"Blue Candle":43,"PreservedInsect":3,"Incense Burner":55,"Odd Mushroom":8,"War Paint":9,"Medical Kit":20,"Ancient Tea Set":46,"Burning Blood":0,"SlaversCollar":34,"Nunchaku":43,"Matryoshka":25,"Strawberry":13,"Gambling Chip":23,"Art of War":7,"Red Skull":20,"Runic Pyramid":17,"Pocketwatch":45,"Meat on the Bone":48},{"Regal Pillow":26,"Happy Flower":19,"CeramicFish":18,"Blue Candle":27,"PreservedInsect":2,"Incense Burner":34,"Odd Mushroom":6,"War Paint":6,"Medical Kit":14,"Ancient Tea Set":29,"Burning Blood":0,"SlaversCollar":22,"Nunchaku":27,"Matryoshka":18,"Strawberry":10,"Gambling Chip":16,"Art of War":5,"Red Skull":14,"Runic Pyramid":12,"Pocketwatch":28,"Meat on the Bone":31},{"Regal Pillow":138,"Happy Flower":81,"CeramicFish":79,"Blue Candle":145,"PreservedInsect":5,"Incense Burner":202,"Odd Mushroom":25,"War Paint":25,"Medical Kit":64,"Ancient Tea Set":157,"Burning Blood":0,"SlaversCollar":100,"Nunchaku":145,"Matryoshka":79,"Strawberry":37,"Gambling Chip":73,"Art of War":20,"Red Skull":64,"Runic Pyramid":53,"Pocketwatch":150,"Meat on the Bone":171}],"Pocketwatch":[9],"Meat on the Bone":12},"card_choices":[{"not_picked":["Juggernaut","Berserk"],"picked":"Fiend Fire","floor":0.0},{"not_picked":["Heavy Blade","Rupture"],"picked":"Hemokinesis","floor":1.0},{"not_picked":["Clothesline","Clash"],"picked":"Evolve","floor":2.0},{"not_picked":["Heavy Blade","Evolve"],"picked":"Warcry","floor":4.0},{"not_picked":["Twin Strike","Reckless Charge"],"picked":"Armaments","floor":5.0},{"not_picked":["True Grit","Armaments","Searing Blow"],"picked":"SKIP","floor":7.0},{"not_picked":["Armaments","Warcry"],"picked":"Power Through","floor":8.0},{"not_picked":["Flame Barrier","Rupture"],"picked":"Dual Wield","floor":10.0},{"not_picked":["Thunderclap","Havoc"],"picked":"Feed","floor":11.0},{"not_picked":["Armaments","Thunderclap","Clash"],"picked":"SKIP","floor":12.0},{"not_picked":["Dark Embrace","Disarm"],"picked":"Inflame","floor":13.0},{"not_picked":["Iron Wave","Thunderclap"],"picked":"Evolve","floor":14.0},{"not_picked":["Juggernaut","Brutality"],"picked":"Fiend Fire","floor":16.0},{"not_picked":["True Grit","Shrug It Off"],"picked":"Shockwave","floor":18.0},{"not_picked":["Entrench","Searing Blow","Power Through"],"picked":"SKIP","floor":19.0},{"not_picked":["Metallicize","Iron Wave"],"picked":"Seeing Red","floor":21.0},{"not_picked":["Infernal Blade","Anger","Searing Blow"],"picked":"SKIP","floor":23.0},{"not_picked":["Pommel Strike","Havoc"],"picked":"Battle Trance","floor":24.0},{"not_picked":["Iron Wave","True Grit"],"picked":"Impervious","floor":25.0},{"not_picked":["Anger","Body Slam","Iron Wave"],"picked":"SKIP","floor":27.0},{"not_picked":["Clothesline","True Grit+1"],"picked":"Uppercut","floor":28.0},{"not_picked":["Metallicize","Carnage"],"picked":"Dark Embrace","floor":29.0},{"not_picked":["Bludgeon","Offering"],"picked":"Impervious","floor":33.0},{"not_picked":["Havoc","Shrug It Off","Heavy Blade"],"picked":"SKIP","floor":35.0},{"not_picked":["Flex","Sword Boomerang","True Grit"],"picked":"SKIP","floor":36.0},{"not_picked":["Flex","True Grit"],"picked":"Sword Boomerang","floor":36.0},{"not_picked":["Battle Trance","Sword Boomerang"],"picked":"Flame Barrier","floor":37.0},{"not_picked":["Thunderclap","Spot Weakness+1"],"picked":"Reaper","floor":40.0},{"not_picked":["Wild Strike+1","Uppercut","Clash"],"picked":"SKIP","floor":42.0},{"not_picked":["Rampage","Sentinel"],"picked":"Warcry+1","floor":45.0},{"not_picked":["Evolve","Dropkick"],"picked":"Feed","floor":46.0},{"not_picked":["Metallicize","Iron Wave","Cleave"],"picked":"SKIP","floor":47},{"not_picked":["Blood for Blood+1","Shockwave"],"picked":"Offering","floor":48},{"not_picked":["Rage","Intimidate"],"picked":"Fiend Fire","floor":55}],"player_experience":2686761,"relics_obtained":[{"floor":7.0,"key":"Art of War"},{"floor":8.0,"key":"Odd Mushroom"},{"floor":9.0,"key":"War Paint"},{"floor":13.0,"key":"Strawberry"},{"floor":23.0,"key":"Gambling Chip"},{"floor":25.0,"key":"Matryoshka"},{"floor":26.0,"key":"CeramicFish"},{"floor":27.0,"key":"Happy Flower"},{"floor":40.0,"key":"Regal Pillow"},{"floor":43.0,"key":"Nunchaku"},{"floor":43.0,"key":"Blue Candle"},{"floor":45.0,"key":"Pocketwatch"},{"floor":46.0,"key":"Ancient Tea Set"},{"floor":48,"key":"Meat on the Bone"},{"floor":55,"key":"Incense Burner"}],"event_choices":[{"damage_healed":0.0,"max_hp_gain":0.0,"max_hp_loss":0.0,"gold_gain":0.0,"event_name":"WeMeetAgain","player_choice":"Gave Potion","floor":3.0,"gold_loss":0.0,"damage_taken":0.0,"relics_obtained":["PreservedInsect"]},{"damage_healed":0.0,"max_hp_gain":0.0,"max_hp_loss":0.0,"gold_gain":0.0,"event_name":"Mushrooms","player_choice":"Fought Mushrooms","floor":8.0,"gold_loss":0.0,"damage_taken":0.0},{"damage_healed":0.0,"max_hp_gain":0.0,"max_hp_loss":0.0,"gold_gain":0.0,"cards_transformed":["Strike_R"],"event_name":"Transmorgrifier","player_choice":"Transformed","floor":22.0,"gold_loss":0.0,"damage_taken":0.0,"cards_obtained":["Limit Break"]},{"damage_healed":0.0,"max_hp_gain":0.0,"max_hp_loss":0.0,"gold_gain":0.0,"event_name":"The Mausoleum","player_choice":"Ignored","floor":31.0,"gold_loss":0.0,"damage_taken":0.0},{"damage_healed":106.0,"max_hp_gain":0.0,"max_hp_loss":23.0,"gold_gain":0.0,"event_name":"The Moai Head","player_choice":"Heal","floor":38.0,"gold_loss":0.0,"damage_taken":0.0},{"damage_healed":0.0,"max_hp_gain":0.0,"max_hp_loss":0.0,"gold_gain":0.0,"event_name":"Mysterious Sphere","player_choice":"Fight","floor":45.0,"gold_loss":0.0,"damage_taken":0.0}],"is_beta":false,"boss_relics":[{"not_picked":["Empty Cage","Astrolabe"],"picked":"Runic Pyramid"},{"not_picked":["Coffee Dripper","Runic Dome"],"picked":"SlaversCollar"}],"items_purged_floors":[30,39,54],"is_endless":false,"potions_floor_spawned":[1,2,7,14,16,21,23,27,28,29,40,42,47,48],"ascension_level":20}}