{"host":"0nnch38g0slmkwok","time":1610477632,"event":{"mods":["BaseMod","Minty Spire (QoL Compilation)","Replay The Spire","StSLib"],"gold_per_floor":[111,36,36,48,58,58,86,96,175,24,43,43,57,57,57,159,159,175,225,76,96,106,106,119,137,164,164,197,208,238,238,238,238,238],"floor_reached":33,"playtime":2808,"items_purged":["Stack","Normality"],"score":314,"play_id":"90cddf53-2576-4f49-8f1a-ae405be27024","local_time":"20210113025352","is_ascension_mode":false,"campfire_choices":[{"data":"Dualcast","floor":6.0,"key":"SMITH"},{"data":"Tempest","floor":12.0,"key":"SMITH"},{"data":"Crystallizer","floor":15.0,"key":"SMITH"},{"data":"Capacitor","floor":23.0,"key":"SMITH"},{"data":"Fission","floor":32,"key":"SMITH"}],"circlet_count":0,"master_deck":["Strike_B","Strike_B","Strike_B","Defend_B","Defend_B","Defend_B","Zap","Dualcast+1","Capacitor+1","Coolheaded","Tempest+1","Barrage","Crystallizer+1","Reboot","Leap+1","Cold Snap","Chill","ReplayTheSpireMod:Restless Dread","Panic Button","Fission+1","Conserve Battery"],"relics":["FrozenCore","Bird Faced Urn","Replay:Accelerometer","Replay:Frozen Program","Ring of Peace","Ring of Greed","Membership Card","Replay:Wax Seal","ReplayTheSpireMod:TigerMarble","Juzu Bracelet","Toy Ornithopter","Pantograph"],"acts_visited":["Exordium","TheCity"],"potions_floor_usage":[33],"damage_taken":[{"damage":1.0,"enemies":"Cultist","floor":1.0,"turns":3.0},{"damage":11.0,"enemies":"Jaw Worm","floor":4.0,"turns":3.0},{"damage":3.0,"enemies":"Small Slimes","floor":5.0,"turns":3.0},{"damage":10.0,"enemies":"Lagavulin","floor":7.0,"turns":10.0},{"damage":0.0,"enemies":"Blue Slaver","floor":8.0,"turns":4.0},{"damage":1.0,"enemies":"Large Slime","floor":11.0,"turns":4.0},{"damage":21.0,"enemies":"Exordium Thugs","floor":13.0,"turns":4.0},{"damage":44.0,"enemies":"Fading Forest","floor":16.0,"turns":12.0},{"damage":17.0,"enemies":"Shell Parasite","floor":18.0,"turns":5.0},{"damage":1.0,"enemies":"2 Thieves","floor":21.0,"turns":4.0},{"damage":12.0,"enemies":"Shelled Parasite and Fungi","floor":22.0,"turns":5.0},{"damage":4.0,"enemies":"Chosen and Byrds","floor":24.0,"turns":4.0},{"damage":6.0,"enemies":"Snake Plant","floor":25.0,"turns":5.0},{"damage":0.0,"enemies":"Replay:Snechameleon","floor":28.0,"turns":6.0},{"damage":0.0,"enemies":"Sentry and Sphere","floor":29.0,"turns":9.0},{"damage":23.0,"enemies":"Book of Stabbing","floor":30.0,"turns":6.0},{"damage":31,"enemies":"Collector","floor":33,"turns":6}],"seed_played":"-4088601548936359910","potions_obtained":[{"floor":5.0,"key":"LiquidMemories"},{"floor":8.0,"key":"Ancient Potion"},{"floor":13.0,"key":"FearPotion"},{"floor":16.0,"key":"Swift Potion"},{"floor":24.0,"key":"Adrenaline Potion"}],"is_trial":false,"path_per_floor":["M","$","?","M","M","R","E","M","T","$","M","R","M","?","R","B",null,"M","?","$","M","M","R","M","M","T","?","E","M","E","?","R","B"],"character_chosen":"DEFECT","items_purchased":["Replay:Frozen Program","Cold Snap","ReplayTheSpireMod:TigerMarble"],"campfire_rested":0,"item_purchase_floors":[10,20,20],"current_hp_per_floor":[74,74,74,63,60,60,50,52,52,52,53,53,34,39,39,11,80,63,63,63,66,58,58,58,56,56,56,60,64,50,50,50,49,49],"gold":238,"neow_bonus":"TRANSFORM_CARD","is_daily":false,"chose_seed":false,"campfire_upgraded":5,"win_rate":0.0,"timestamp":1610477632,"path_taken":["M","?","?","M","M","R","E","M","T","$","M","R","?","?","R","BOSS","M","?","$","M","M","R","M","M","T","?","E","M","E","?","R","BOSS"],"items_purchased_type":["Relic","Card","Relic"],"build_version":"2020-12-22","purchased_purges":2,"victory":false,"max_hp_per_floor":[75,75,75,75,75,75,75,75,75,75,75,75,75,80,80,80,80,80,80,80,80,80,80,80,80,80,80,80,80,80,80,80,80,80],"card_choices":[{"not_picked":["Leap","Stack"],"picked":"Capacitor","floor":1.0},{"not_picked":["Darkness","Lockon"],"picked":"Coolheaded","floor":4.0},{"not_picked":["Steam","ReplayGash","Barrage"],"picked":"SKIP","floor":5.0},{"not_picked":["Storm","Recycle"],"picked":"Tempest","floor":7.0},{"not_picked":["Melter","Force Field"],"picked":"Barrage","floor":8.0},{"not_picked":["Loop","BasicCrystalCard","Gash"],"picked":"SKIP","floor":11.0},{"not_picked":["Go for the Eyes","Reinforced Body"],"picked":"Crystallizer","floor":13.0},{"not_picked":["Creative AI","Core Surge"],"picked":"Reboot","floor":16.0},{"not_picked":["Gash","Scrape"],"picked":"Leap+1","floor":18.0},{"not_picked":["Sweeping Beam","Barrage+1","Conserve Battery"],"picked":"SKIP","floor":21.0},{"not_picked":["BootSequence","Static Discharge","ReplayTheSpireMod:GoodbyeWorld+1"],"picked":"SKIP","floor":22.0},{"not_picked":["BootSequence","Hello World+1","Stack"],"picked":"SKIP","floor":24.0},{"not_picked":["Beam Cell","Consume"],"picked":"Chill","floor":25.0},{"not_picked":["Hyperbeam","Sweeping Beam"],"picked":"Panic Button","floor":28.0},{"not_picked":["Turbo+1","Barrage","Stack+1"],"picked":"SKIP","floor":29.0},{"not_picked":["Cold Snap","Self Repair"],"picked":"Fission","floor":30.0}],"player_experience":70838,"relics_obtained":[{"floor":7.0,"key":"Bird Faced Urn"},{"floor":9.0,"key":"Replay:Accelerometer"},{"floor":19.0,"key":"Ring of Peace"},{"floor":19.0,"key":"Ring of Greed"},{"floor":19.0,"key":"Membership Card"},{"floor":19.0,"key":"Replay:Wax Seal"},{"floor":26.0,"key":"Juzu Bracelet"},{"floor":28.0,"key":"Toy Ornithopter"},{"floor":30.0,"key":"Pantograph"}],"event_choices":[{"cards_removed":["Strike_B"],"damage_healed":0.0,"max_hp_gain":0.0,"max_hp_loss":0.0,"gold_gain":0.0,"event_name":"Bonfire Elementals","player_choice":"Offered Basic","floor":3.0,"gold_loss":0.0,"damage_taken":0.0},{"damage_healed":0.0,"max_hp_gain":5.0,"max_hp_loss":0.0,"gold_gain":0.0,"event_name":"Big Fish","player_choice":"Donut","floor":14.0,"gold_loss":0.0,"damage_taken":0.0},{"damage_healed":0.0,"max_hp_gain":0.0,"max_hp_loss":0.0,"gold_gain":0.0,"event_name":"The Woman in Blue","player_choice":"Bought 0 Potions","floor":27.0,"gold_loss":0.0,"damage_taken":0.0},{"damage_healed":0,"gold_gain":0,"player_choice":"Read","damage_taken":0,"max_hp_gain":0,"max_hp_loss":0,"event_name":"The Library","floor":31,"gold_loss":0,"cards_obtained":["Conserve Battery"]}],"is_beta":false,"boss_relics":[{"not_picked":["Runic Dome","Tiny House"],"picked":"FrozenCore"}],"items_purged_floors":[2,20],"is_endless":false,"potions_floor_spawned":[5,8,13,16,24,25],"killed_by":"Collector","ascension_level":0}}