{"host":"ypphcgdomtfqpc2w","time":1610458244,"event":{"mods":["BaseMod","Minty Spire (QoL Compilation)","StSLib"],"gold_per_floor":[110,110,126,140,140,140,140,140,164,191,211,121,156,173,173,250,250,262,262,15,27,27,27,37,37,37,56,86,98,124,139,139,213,213,224,224,270,270,270,297,297,313,313,74,101,101,130,130,130],"floor_reached":48,"playtime":3149,"items_purged":["Strike_R","Strike_R"],"score":1157,"play_id":"d06a92c0-6c2a-4208-9456-365a5ef54e77","local_time":"20210112223044","is_ascension_mode":true,"campfire_choices":[{"data":"Perfected Strike","floor":6,"key":"SMITH"},{"data":"Bash","floor":8,"key":"SMITH"},{"data":"Armaments","floor":15,"key":"SMITH"},{"data":"Evolve","floor":23,"key":"SMITH"},{"data":"Pommel Strike","floor":25,"key":"SMITH"},{"floor":32,"key":"REST"},{"floor":41,"key":"REST"}],"circlet_count":0,"master_deck":["AscendersBane","Strike_R","Strike_R","Strike_R","Defend_R","Defend_R","Defend_R","Defend_R","Bash+1","Sever Soul+1","Thunderclap","Power Through","Perfected Strike+1","Fiend Fire","Evolve+1","Armaments+1","Feel No Pain","Fire Breathing","Wild Strike","Impervious","CurseOfTheBell","Wild Strike","Power Through+1","Reaper","Pommel Strike+1","Wild Strike","Shockwave","Second Wind","Demon Form","Pommel Strike","Shrug It Off","Berserk","Pummel","Sentinel","Madness","Madness","Master of Strategy","Dark Shackles","Ghostly Armor+1","Shrug It Off","Dark Embrace","Impervious"],"relics":["Burning Blood","Centennial Puzzle","Lantern","Art of War","Bag of Preparation","Calling Bell","Juzu Bracelet","Darkstone Periapt","Du-Vu Doll","Nilry\u0027s Codex","Orrery","Sundial","Bag of Marbles","Question Card","SlaversCollar","TungstenRod","Shuriken","Gremlin Horn","Pantograph"],"acts_visited":["Exordium","TheCity","TheBeyond"],"potions_floor_usage":[21,28,31,37,40,42],"damage_taken":[{"damage":9,"enemies":"Jaw Worm","floor":1,"turns":3},{"damage":1,"enemies":"Cultist","floor":3,"turns":3},{"damage":7,"enemies":"2 Louse","floor":4,"turns":2},{"damage":8,"enemies":"Gremlin Nob","floor":10,"turns":3},{"damage":0,"enemies":"Exordium Wildlife","floor":11,"turns":3},{"damage":22,"enemies":"Lagavulin","floor":13,"turns":7},{"damage":1,"enemies":"Lots of Slimes","floor":14,"turns":4},{"damage":46,"enemies":"The Guardian","floor":16,"turns":11},{"damage":32,"enemies":"Shell Parasite","floor":18,"turns":7},{"damage":17,"enemies":"2 Thieves","floor":21,"turns":3},{"damage":7,"enemies":"Snecko","floor":24,"turns":5},{"damage":24,"enemies":"Snake Plant","floor":27,"turns":2},{"damage":28,"enemies":"Gremlin Leader","floor":28,"turns":8},{"damage":4,"enemies":"Cultist and Chosen","floor":29,"turns":6},{"damage":58,"enemies":"Slavers","floor":30,"turns":8},{"damage":23,"enemies":"Snecko","floor":31,"turns":7},{"damage":54,"enemies":"Champ","floor":33,"turns":15},{"damage":29,"enemies":"Orb Walker","floor":35,"turns":5},{"damage":17,"enemies":"2 Orb Walkers","floor":37,"turns":6},{"damage":50,"enemies":"Reptomancer","floor":40,"turns":9},{"damage":30,"enemies":"3 Darklings","floor":42,"turns":13},{"damage":15,"enemies":"Giant Head","floor":45,"turns":7},{"damage":6,"enemies":"Nemesis","floor":47,"turns":7},{"damage":70,"enemies":"Writhing Mass","floor":48,"turns":6}],"seed_played":"-5976587383178296732","potions_obtained":[{"floor":4,"key":"BloodPotion"},{"floor":10,"key":"Fire Potion"},{"floor":21,"key":"Swift Potion"},{"floor":31,"key":"PowerPotion"},{"floor":33,"key":"Block Potion"},{"floor":37,"key":"Energy Potion"}],"is_trial":false,"path_per_floor":["M","?","M","M","?","R","T","R","T","E","M","$","E","M","R","B",null,"M","?","$","M","?","R","M","R","T","M","E","M","E","M","R","B",null,"M","?","?","?","?","E","R","M","T","$","E","?","E","M"],"character_chosen":"IRONCLAD","items_purchased":["Armaments","Feel No Pain","Orrery","Dark Embrace","PowerPotion"],"campfire_rested":2,"item_purchase_floors":[12,12,20,44,44],"current_hp_per_floor":[65,65,70,69,74,74,74,74,74,72,78,78,62,67,67,27,67,41,20,20,27,80,80,80,80,80,62,40,60,23,35,59,54,74,65,65,63,50,41,15,39,80,80,80,80,80,80,10,10],"gold":130,"neow_bonus":"THREE_CARDS","is_daily":false,"chose_seed":true,"campfire_upgraded":5,"win_rate":0.0,"timestamp":1610458244,"path_taken":["M","?","M","?","?","R","?","R","T","E","?","$","E","?","R","BOSS","M","?","?","M","?","R","M","R","T","M","E","M","E","M","R","BOSS","M","?","?","?","?","E","R","M","T","$","E","?","E","M"],"items_purchased_type":["Card","Card","Relic","Card","Potion"],"build_version":"2020-12-22","purchased_purges":2,"victory":false,"max_hp_per_floor":[75,75,75,75,80,80,80,80,80,80,80,80,80,80,80,80,80,80,80,80,80,80,80,80,80,80,80,80,80,80,80,80,80,80,80,80,80,80,80,80,80,80,80,80,80,80,80,80,80],"card_choices":[{"not_picked":["Second Wind","Bloodletting"],"picked":"Sever Soul","floor":0},{"not_picked":["Body Slam","Rage"],"picked":"Thunderclap","floor":1},{"not_picked":["Cleave","Heavy Blade"],"picked":"Power Through","floor":3},{"not_picked":["Iron Wave","Armaments"],"picked":"Perfected Strike","floor":4},{"not_picked":["True Grit","Reckless Charge"],"picked":"Fiend Fire","floor":10},{"not_picked":["Flame Barrier","Metallicize"],"picked":"Evolve","floor":11},{"not_picked":["Entrench","Wild Strike"],"picked":"Fire Breathing","floor":13},{"not_picked":["Sever Soul","Clash"],"picked":"Wild Strike","floor":14},{"not_picked":["Feed","Berserk"],"picked":"Impervious","floor":16},{"not_picked":["Dual Wield+1","Havoc"],"picked":"Flame Barrier","floor":18},{"not_picked":["Berserk","Spot Weakness"],"picked":"Wild Strike","floor":20},{"not_picked":["Blood for Blood","Entrench"],"picked":"Power Through+1","floor":20},{"not_picked":["Whirlwind","Headbutt"],"picked":"Reaper","floor":20},{"not_picked":["Carnage","Wild Strike"],"picked":"Twin Strike","floor":20},{"not_picked":["Flex","Sever Soul"],"picked":"Pommel Strike","floor":20},{"not_picked":["Whirlwind","Reckless Charge"],"picked":"Wild Strike","floor":21},{"not_picked":["Flame Barrier","Armaments"],"picked":"Shockwave","floor":24},{"not_picked":["Carnage","Whirlwind","Cleave"],"picked":"SKIP","floor":27},{"not_picked":["Flex","Rage"],"picked":"Second Wind","floor":28},{"not_picked":["Feel No Pain","Havoc"],"picked":"Demon Form","floor":29},{"not_picked":["Shockwave","Headbutt"],"picked":"Pommel Strike","floor":30},{"not_picked":["Clothesline","Inflame","True Grit"],"picked":"Shrug It Off","floor":31},{"not_picked":["Bludgeon","Feed","Fiend Fire"],"picked":"Berserk","floor":33},{"not_picked":["Thunderclap+1","Heavy Blade","Warcry"],"picked":"Pummel","floor":35},{"not_picked":["Anger","True Grit","Clothesline"],"picked":"Sentinel","floor":37},{"not_picked":["Panacea","Thinking Ahead","Swift Strike"],"picked":"Master of Strategy","floor":39},{"not_picked":["Master of Strategy","Panache","Forethought"],"picked":"Dark Shackles","floor":39},{"not_picked":["Blood for Blood","Spot Weakness+1","Sentinel"],"picked":"Ghostly Armor+1","floor":40},{"not_picked":["Body Slam","Flex+1","Rage"],"picked":"Shrug It Off","floor":42},{"not_picked":["Pommel Strike","Spot Weakness+1","Pummel"],"picked":"Impervious","floor":45},{"not_picked":["Anger","Flex+1","Twin Strike","Clash+1"],"picked":"SKIP","floor":47}],"player_experience":2031224,"relics_obtained":[{"floor":7,"key":"Centennial Puzzle"},{"floor":9,"key":"Lantern"},{"floor":10,"key":"Art of War"},{"floor":13,"key":"Bag of Preparation"},{"floor":17,"key":"Juzu Bracelet"},{"floor":17,"key":"Darkstone Periapt"},{"floor":17,"key":"Du-Vu Doll"},{"floor":19,"key":"Nilry\u0027s Codex"},{"floor":26,"key":"Sundial"},{"floor":28,"key":"Bag of Marbles"},{"floor":30,"key":"Question Card"},{"floor":37,"key":"TungstenRod"},{"floor":40,"key":"Shuriken"},{"floor":45,"key":"Gremlin Horn"},{"floor":47,"key":"Pantograph"}],"event_choices":[{"damage_healed":0,"gold_gain":0,"player_choice":"Upgraded","damage_taken":0,"max_hp_gain":0,"max_hp_loss":0,"event_name":"Upgrade Shrine","floor":2,"gold_loss":0,"cards_upgraded":["Sever Soul"]},{"damage_healed":0,"gold_gain":0,"player_choice":"Donut","damage_taken":0,"max_hp_gain":5,"max_hp_loss":0,"event_name":"Big Fish","floor":5,"gold_loss":0},{"damage_healed":0,"gold_gain":0,"player_choice":"Obtained Book","damage_taken":21,"max_hp_gain":0,"max_hp_loss":0,"event_name":"Cursed Tome","floor":19,"gold_loss":0},{"cards_removed":["Flame Barrier"],"damage_healed":53,"gold_gain":0,"player_choice":"Offered Uncommon","damage_taken":0,"max_hp_gain":0,"max_hp_loss":0,"event_name":"Bonfire Elementals","floor":22,"gold_loss":0},{"damage_healed":0,"gold_gain":0,"player_choice":"Ignored","damage_taken":0,"max_hp_gain":0,"max_hp_loss":0,"event_name":"Tomb of Lord Red Mask","floor":36,"gold_loss":0},{"damage_healed":0,"gold_gain":0,"player_choice":"Fight","damage_taken":0,"max_hp_gain":0,"max_hp_loss":0,"event_name":"Mysterious Sphere","floor":37,"gold_loss":0},{"damage_healed":0,"gold_gain":0,"player_choice":"Embrace Madness","damage_taken":14,"max_hp_gain":0,"max_hp_loss":0,"event_name":"Winding Halls","floor":38,"gold_loss":0,"cards_obtained":["Madness","Madness"]},{"damage_healed":0,"gold_gain":0,"player_choice":"Memory 3","damage_taken":10,"max_hp_gain":0,"max_hp_loss":0,"event_name":"SensoryStone","floor":39,"gold_loss":0},{"cards_removed":["Twin Strike"],"damage_healed":0,"gold_gain":0,"player_choice":"Removed Attack","damage_taken":0,"max_hp_gain":0,"max_hp_loss":0,"event_name":"Falling","floor":46,"gold_loss":0}],"is_beta":false,"boss_relics":[{"not_picked":["Black Blood","Runic Cube"],"picked":"Calling Bell"},{"not_picked":["Mark of Pain","Empty Cage"],"picked":"SlaversCollar"}],"items_purged_floors":[20,44],"is_endless":false,"potions_floor_spawned":[4,10,21,24,31,33,35,37],"killed_by":"Writhing Mass","ascension_level":20}}