{"host":"j3kbm8fz4f78dhv0","time":1610439931,"event":{"mods":["BaseMod","Better Third Choice","CapriCore","Hermit","Minty Spire (QoL Compilation)","Replay The Spire","StSLib"],"gold_per_floor":[113,131,208,208,208,208,168,199,199,224,224,248,288,313,331,344,344,468,468,483,483,483,165,165,165],"floor_reached":24,"playtime":1041,"items_purged":[],"score":243,"play_id":"0f2938f7-308b-4eb3-8175-30791b4e353c","local_time":"20210112022531","is_ascension_mode":true,"campfire_choices":[{"data":"hermit:Snipe","floor":9,"key":"SMITH"},{"floor":17,"key":"REST"}],"circlet_count":0,"master_deck":["hermit:Strike_Hermit","hermit:Strike_Hermit","hermit:Strike_Hermit","hermit:Strike_Hermit","hermit:Defend_Hermit","hermit:Defend_Hermit","hermit:Defend_Hermit","hermit:Defend_Hermit","hermit:Snapshot","hermit:Covet","hermit:Snipe+1","hermit:WideOpen","hermit:Vantage","hermit:Determination","hermit:Enervate","hermit:Determination","hermit:TakeAim+1","hermit:BigShot","hermit:Dive","hermit:BigShot"],"relics":["hermit:Momento","NeowsBlessing","Golden Idol","Gremlin Food","Singing Bowl","Peace Pipe","SlaversCollar","Snack Pack"],"acts_visited":["Exordium","TheCity"],"potions_floor_usage":[13,14,15,15,15,16,18],"damage_taken":[{"damage":0,"enemies":"Jaw Worm","floor":1,"turns":1},{"damage":0,"enemies":"2 Louse","floor":2,"turns":2},{"damage":0,"enemies":"Gremlin Nob","floor":8,"turns":1},{"damage":0,"enemies":"Small Slimes","floor":10,"turns":3},{"damage":4,"enemies":"Gremlin Gang","floor":12,"turns":6},{"damage":34,"enemies":"Lagavulin","floor":13,"turns":8},{"damage":20,"enemies":"Exordium Thugs","floor":14,"turns":3},{"damage":11,"enemies":"Large Slime","floor":15,"turns":6},{"damage":0,"enemies":"Lots of Slimes","floor":16,"turns":2},{"damage":30,"enemies":"Fading Forest","floor":18,"turns":11},{"damage":40,"enemies":"Shell Parasite","floor":20,"turns":7},{"damage":48,"enemies":"Spheric Guardian","floor":24,"turns":5}],"seed_played":"-6319602736674227012","potions_obtained":[{"floor":7,"key":"EntropicBrew"},{"floor":7,"key":"LiquidMemories"},{"floor":7,"key":"Block Potion"},{"floor":13,"key":"Toxic Potion"},{"floor":16,"key":"Elixir"}],"is_trial":false,"path_per_floor":["M","M","?","?","PTL","PTL","?","E","R","M","T","M","E","M","M","M","R","B",null,"M","?","?","$","M"],"character_chosen":"HERMIT","items_purchased":["Snack Pack","hermit:BigShot"],"campfire_rested":1,"item_purchase_floors":[23,23],"current_hp_per_floor":[75,75,75,75,75,75,75,75,75,75,75,73,39,19,8,8,31,31,79,39,39,39,39,0,0],"gold":165,"neow_bonus":"THREE_ENEMY_KILL","is_daily":false,"chose_seed":false,"campfire_upgraded":1,"win_rate":0.0,"timestamp":1610439931,"path_taken":["M","M","?","?","PTL","PTL","?","E","R","M","T","M","E","M","?","M","R","BOSS","M","?","?","$","?"],"items_purchased_type":["Relic","Card"],"build_version":"2020-12-22","purchased_purges":0,"victory":false,"max_hp_per_floor":[75,75,75,75,75,75,75,75,75,75,75,77,77,77,77,77,77,79,79,79,79,79,79,79,79],"card_choices":[{"not_picked":["hermit:Glare","hermit:TrackingShot"],"picked":"hermit:Snipe","floor":1},{"not_picked":["hermit:DeadMansHand","hermit:Malice"],"picked":"hermit:WideOpen","floor":2},{"not_picked":["hermit:LoneWolf","hermit:Misfire"],"picked":"hermit:Vantage","floor":8},{"not_picked":["hermit:Adapt","hermit:Roulette"],"picked":"hermit:Determination","floor":10},{"not_picked":["hermit:Vantage","hermit:Ricochet","hermit:Shortfuse"],"picked":"Singing Bowl","floor":12},{"not_picked":["hermit:PistolWhip","hermit:GoldenBullet"],"picked":"hermit:Enervate","floor":13},{"not_picked":["hermit:Snipe","hermit:Dive"],"picked":"hermit:Determination","floor":14},{"not_picked":["hermit:Midnight","hermit:Misfire"],"picked":"hermit:TakeAim","floor":15},{"not_picked":["hermit:Desperado","hermit:SprayPray"],"picked":"hermit:BigShot","floor":16},{"not_picked":["hermit:Magnum","hermit:BlackWind","hermit:FromBeyond"],"picked":"Singing Bowl","floor":18},{"not_picked":["hermit:GoldenBullet","hermit:Snipe"],"picked":"hermit:Dive","floor":20}],"player_experience":158196,"relics_obtained":[{"floor":8,"key":"Gremlin Food"},{"floor":11,"key":"Singing Bowl"},{"floor":13,"key":"Peace Pipe"}],"event_choices":[{"damage_healed":0,"gold_gain":77,"player_choice":"Gained Gold","damage_taken":0,"max_hp_gain":0,"max_hp_loss":0,"event_name":"Golden Wing","floor":3,"gold_loss":0},{"damage_healed":0,"gold_gain":0,"player_choice":"Take Wound","damage_taken":0,"relics_obtained":["Golden Idol"],"max_hp_gain":0,"max_hp_loss":0,"event_name":"Golden Idol","floor":4,"gold_loss":0,"cards_obtained":["Injury"]},{"damage_healed":0,"gold_gain":0,"player_choice":"Bought 3 Potions","damage_taken":0,"max_hp_gain":0,"max_hp_loss":0,"event_name":"The Woman in Blue","floor":7,"gold_loss":0},{"damage_healed":0,"gold_gain":0,"player_choice":"Ignored","damage_taken":0,"max_hp_gain":0,"max_hp_loss":0,"event_name":"Ghosts","floor":21,"gold_loss":0},{"cards_removed":["Injury"],"damage_healed":0,"gold_gain":0,"player_choice":"Removed Curses","damage_taken":0,"max_hp_gain":0,"max_hp_loss":0,"event_name":"Fountain of Cleansing","floor":22,"gold_loss":0}],"is_beta":false,"boss_relics":[{"not_picked":["hermit:BartenderGlass","Empty Cage"],"picked":"SlaversCollar"}],"items_purged_floors":[],"is_endless":false,"potions_floor_spawned":[8,10,12,13,16],"killed_by":"Spheric Guardian","ascension_level":1}}