{"host":"grklf728wqifs9z9","time":1610437957,"event":{"mods":["BaseMod","Downfall","MarisaÅiñ∂âJÅ@ñÇóùçπÅj","Minty Spire (QoL Compilation)","Replay The Spire","Shop Mod","StSLib","The Animator","The Bug Knight","The Cursed","The Disciple","The Necromancer","The Servant 0.9.4"],"gold_per_floor":[113,113,129,148,148,148,178,89,136,136,311,311,326,360,360,474,474,496,541,68,91,119,119,119,139,139,139,47,47,62,92,92,102,102],"floor_reached":33,"playtime":2778,"items_purged":[],"score":239,"play_id":"b1233249-e43b-425a-8bac-6b7b947a2c7c","local_time":"20210112165237","is_ascension_mode":false,"campfire_choices":[{"floor":6,"key":"RECALL"},{"data":"animator:Shinoa","floor":10,"key":"SMITH"},{"data":"animator:Mikaela","floor":12,"key":"SMITH"},{"floor":15,"key":"REST"},{"floor":23,"key":"REST"},{"data":"animator:Emilia","floor":27,"key":"SMITH"},{"floor":29,"key":"REST"}],"circlet_count":0,"master_deck":["animator:Strike_OwariNoSeraph","animator:Defend_OwariNoSeraph","animator:Shinoa+1","animator:Mikaela+1","animator:Shalltear+1","animator:Mikaela","animator:Mikaela","animator:Arpeggio","animator:Strike_Kancolle","animator:Strike_HitsugiNoChaika","animator:Strike_Katanagatari","animator:Defend_AccelWorld","animator:Defend_Elsword","animator:Defend_Kancolle","Doubt","animator:LeleiLaLalena","animator:HiiragiShinya","animator:Ainz","animator:Yoichi","animator:Berserker+1","animator:Yuuichirou","animator:IrohaTamaki+1","animator:Emilia+1","animator:Cirno+1","animator:Lelouch","animator:Evileye","animator:CrowleyEusford","animator:Lu","animator:Magilou","animator:Berserker+1","animator:Shigure"],"relics":["animator:LivingPicture","animator:TheMissingPiece","animator:PurgingStone","Red Mask","Mummified Hand","ReplayTheSpireMod:ShopPack","Nloth\u0027s Gift","Paper Crane"],"acts_visited":["Exordium","TheCity"],"potions_floor_usage":[13,16,30,33],"damage_taken":[{"damage":10,"enemies":"Jaw Worm","floor":1,"turns":5},{"damage":4,"enemies":"2 Louse","floor":3,"turns":4},{"damage":3,"enemies":"Small Slimes","floor":4,"turns":3},{"damage":2,"enemies":"Looter","floor":7,"turns":4},{"damage":0,"enemies":"Exordium Thugs","floor":13,"turns":5},{"damage":12,"enemies":"3 Louse","floor":14,"turns":4},{"damage":20,"enemies":"Hexaghost","floor":16,"turns":18},{"damage":18,"enemies":"Chosen","floor":18,"turns":9},{"damage":29,"enemies":"Masked Bandits","floor":19,"turns":8},{"damage":3,"enemies":"2 Thieves","floor":21,"turns":5},{"damage":0,"enemies":"Cultist and Chosen","floor":22,"turns":6},{"damage":4,"enemies":"Chosen and Byrds","floor":25,"turns":7},{"damage":9,"enemies":"3 Cultists","floor":30,"turns":6},{"damage":29,"enemies":"Shelled Parasite and Fungi","floor":31,"turns":9},{"damage":58,"enemies":"Automaton","floor":33,"turns":6}],"seed_played":"-4358546213863932702","potions_obtained":[{"floor":3,"key":"Strength Potion"},{"floor":4,"key":"SteroidPotion"},{"floor":22,"key":"animator:FalseLifePotion"},{"floor":25,"key":"Fire Potion"}],"is_trial":false,"path_per_floor":["M","?","M","M","?","R","M","?","T","R","?","R","M","M","R","B",null,"M","?","$","M","M","R","?","M","T","R","$","R","M","M","R","B"],"character_chosen":"THE_ANIMATOR","items_purchased":["animator:Yuuichirou","Mummified Hand","ReplayTheSpireMod:ShopPack","animator:IrohaTamaki+1","animator:Magilou"],"campfire_rested":3,"item_purchase_floors":[20,20,20,20,28],"current_hp_per_floor":[62,62,58,55,55,55,53,53,53,53,53,53,54,42,63,43,73,56,27,27,24,24,46,46,42,42,42,42,64,55,27,49,0,0],"gold":102,"neow_bonus":"TEN_PERCENT_HP_BONUS","is_daily":false,"chose_seed":false,"campfire_upgraded":3,"win_rate":0.0,"timestamp":1610437957,"path_taken":["M","?","M","M","?","R","M","?","T","R","?","R","M","M","R","BOSS","M","?","$","M","M","R","?","?","T","R","?","R","M","M","R","BOSS"],"items_purchased_type":["Card","Relic","Relic","Card","Card"],"build_version":"2020-12-22","purchased_purges":0,"victory":false,"max_hp_per_floor":[72,72,72,72,72,72,72,72,72,72,72,72,73,73,73,73,73,74,74,74,74,74,74,74,74,74,74,74,74,74,75,75,75,75],"card_choices":[{"not_picked":["animator:Ciel","animator:ChlammyZell"],"picked":"animator:Shalltear","floor":1},{"not_picked":["animator:Berserker","animator:SayakaMiki"],"picked":"animator:Mikaela","floor":3},{"not_picked":["animator:Demiurge","animator:DolaSchwi"],"picked":"animator:Mikaela","floor":4},{"not_picked":["animator:TukaLunaMarceau","animator:Tyuule"],"picked":"animator:Arpeggio","floor":7},{"not_picked":["animator:Elsword","animator:NarberalGamma"],"picked":"animator:LeleiLaLalena","floor":13},{"not_picked":["animator:DolaSchwi","animator:YaoHaDucy"],"picked":"animator:HiiragiShinya","floor":14},{"not_picked":["animator:Shizu","animator:Kyubey"],"picked":"animator:Ainz","floor":16},{"not_picked":["animator:Lu+1","animator:DolaRiku"],"picked":"animator:Yoichi","floor":18},{"not_picked":["animator:TukaLunaMarceau+1","animator:Tyuule"],"picked":"animator:Berserker+1","floor":19},{"not_picked":["animator:TanyaDegurechaff","animator:HououinKyouma"],"picked":"animator:Emilia","floor":20},{"not_picked":["animator:MisakiNakahara","animator:NononJakuzure"],"picked":"animator:Cirno","floor":20},{"not_picked":["animator:Magilou","animator:MisakiNakahara"],"picked":"animator:Lelouch","floor":20},{"not_picked":["animator:NarberalGamma","animator:Cocytus"],"picked":"animator:Evileye","floor":21},{"not_picked":["animator:Illya+1","animator:GuildGirl"],"picked":"animator:CrowleyEusford","floor":22},{"not_picked":["animator:DolaCouronne","animator:YuiTsuruno+1"],"picked":"animator:Lu","floor":25},{"not_picked":["animator:Hakurou","animator:DolaSchwi"],"picked":"animator:Berserker+1","floor":30},{"not_picked":["animator:Yoichi","animator:HiiragiShinya"],"picked":"animator:Shigure","floor":31}],"player_experience":123776,"relics_obtained":[{"floor":19,"key":"Red Mask"},{"floor":26,"key":"Paper Crane"}],"event_choices":[{"damage_healed":0,"gold_gain":0,"player_choice":"Ignored","damage_taken":0,"max_hp_gain":0,"max_hp_loss":0,"event_name":"Golden Wing","floor":2,"gold_loss":0},{"damage_healed":0,"gold_gain":0,"player_choice":"Grow","damage_taken":0,"max_hp_gain":0,"max_hp_loss":0,"event_name":"Living Wall","floor":5,"gold_loss":0,"cards_upgraded":["animator:Shalltear"]},{"damage_healed":0,"gold_gain":175,"player_choice":"AGREE","damage_taken":0,"max_hp_gain":0,"max_hp_loss":0,"event_name":"Liars Game","floor":11,"gold_loss":0,"cards_obtained":["Doubt"]},{"damage_healed":0,"gold_gain":0,"player_choice":"Fought Bandits","damage_taken":0,"max_hp_gain":0,"max_hp_loss":0,"event_name":"Masked Bandits","floor":19,"gold_loss":0},{"damage_healed":0,"gold_gain":0,"player_choice":"Traded Relic","damage_taken":0,"relics_obtained":["Nloth\u0027s Gift"],"max_hp_gain":0,"max_hp_loss":0,"event_name":"N\u0027loth","floor":24,"relics_lost":["Cursed Key"],"gold_loss":0}],"is_beta":false,"boss_relics":[{"not_picked":["Replay:Bronze Core","Ectoplasm"],"picked":"Cursed Key"}],"items_purged_floors":[],"is_endless":false,"potions_floor_spawned":[3,4,22,25],"killed_by":"Automaton","ascension_level":0}}