{"host":"q6ff4ns2kep02ti6","time":1610486832,"event":{"mods":["AchievementEnabler","BaseMod","Minty Spire (QoL Compilation)","Relic Stats","StSLib","Unceasing Turn Reminder"],"gold_per_floor":[118,136,146,156,156,156,189,189,189,218,237,237,5,5,5,77,77,94,114,127,127,127,127,127,127,127,160,29,61,61,81,81,160,210,221,221,236,236,255,255,255,255],"floor_reached":41,"language":"ENG","playtime":3849,"items_purged":[],"score":943,"play_id":"bff0a363-fdc2-4258-a95d-7676ff95b310","local_time":"20210112222712","is_ascension_mode":true,"campfire_choices":[{"data":"Uppercut","floor":6,"key":"SMITH"},{"floor":8,"key":"REST"},{"data":"Demon Form","floor":12,"key":"SMITH"},{"floor":15,"key":"REST"},{"floor":24,"key":"REST"},{"data":"Pommel Strike","floor":30,"key":"SMITH"},{"floor":32,"key":"REST"},{"floor":40,"key":"REST"}],"circlet_count":0,"master_deck":["AscendersBane","Defend_R","Defend_R","Defend_R","Defend_R","Bash","Clothesline+1","Pommel Strike+1","Uppercut+1","Battle Trance","Demon Form+1","Decay","Sentinel+1","Sever Soul+1","Thinking Ahead+1","Dark Embrace","Double Tap+1","Whirlwind+1","Bite+1","Bite+1","Bite+1","Bite+1","Bite+1","Doubt","Offering+1","Feed+1","Dark Embrace+1","Shockwave+1","Parasite","Rage+1"],"relics":["Cursed Key","Happy Flower","Molten Egg 2","Toxic Egg 2","Mark of Pain","Enchiridion","The Courier","Boot","Lee\u0027s Waffle","StoneCalendar","Tiny House"],"acts_visited":["Exordium","TheCity","TheBeyond"],"potions_floor_usage":[10,14,23,27,39,41],"damage_taken":[{"damage":2,"enemies":"Jaw Worm","floor":1,"turns":4},{"damage":1,"enemies":"2 Louse","floor":2,"turns":3},{"damage":10,"enemies":"Small Slimes","floor":3,"turns":4},{"damage":16,"enemies":"3 Louse","floor":4,"turns":3},{"damage":24,"enemies":"Gremlin Nob","floor":7,"turns":4},{"damage":18,"enemies":"3 Sentries","floor":10,"turns":3},{"damage":11,"enemies":"Exordium Wildlife","floor":11,"turns":4},{"damage":36,"enemies":"Hexaghost","floor":16,"turns":8},{"damage":0,"enemies":"Chosen","floor":18,"turns":3},{"damage":11,"enemies":"2 Thieves","floor":19,"turns":3},{"damage":31,"enemies":"Cultist and Chosen","floor":20,"turns":4},{"damage":0,"enemies":"Book of Stabbing","floor":23,"turns":1},{"damage":49,"enemies":"Slavers","floor":27,"turns":5},{"damage":37,"enemies":"Book of Stabbing","floor":29,"turns":4},{"damage":30,"enemies":"Snake Plant","floor":31,"turns":4},{"damage":48,"enemies":"Champ","floor":33,"turns":8},{"damage":55,"enemies":"3 Shapes","floor":35,"turns":6},{"damage":6,"enemies":"Orb Walker","floor":37,"turns":2},{"damage":28,"enemies":"Writhing Mass","floor":39,"turns":6},{"damage":50,"enemies":"Nemesis","floor":41,"turns":3}],"seed_played":"464642795485454407","potions_obtained":[{"floor":7,"key":"ColorlessPotion"},{"floor":10,"key":"Fruit Juice"},{"floor":11,"key":"SmokeBomb"},{"floor":19,"key":"Regen Potion"},{"floor":27,"key":"Explosive Potion"},{"floor":33,"key":"FearPotion"},{"floor":34,"key":"Dexterity Potion"},{"floor":39,"key":"SpeedPotion"}],"is_trial":false,"path_per_floor":["M","M","M","M","?","R","E","R","T","E","M","R","$","?","R","B",null,"M","M","M","?","?","E","R","?","T","E","$","E","R","M","R","B",null,"M","?","M","?","M","R","E"],"character_chosen":"IRONCLAD","items_purchased":["Thinking Ahead+1","Dark Embrace","Lee\u0027s Waffle"],"campfire_rested":5,"item_purchase_floors":[13,13,28],"current_hp_per_floor":[66,65,55,39,44,44,20,44,44,26,15,15,15,20,45,9,66,66,55,24,3,3,9,26,26,26,9,66,41,41,26,45,33,63,24,24,27,27,20,41,0,0],"gold":255,"neow_bonus":"BOSS_RELIC","is_daily":false,"chose_seed":false,"campfire_upgraded":3,"win_rate":0.0,"timestamp":1610486832,"path_taken":["M","M","M","M","?","R","E","R","T","E","M","R","$","?","R","BOSS","M","M","M","?","?","E","R","?","T","E","$","E","R","M","R","BOSS","M","?","M","?","M","R","E"],"items_purchased_type":["Card","Card","Relic"],"build_version":"2020-12-22","purchased_purges":0,"victory":false,"max_hp_per_floor":[75,75,75,75,80,80,80,80,80,80,80,80,80,85,85,85,85,85,85,85,85,59,59,59,59,59,59,66,66,66,66,66,66,71,75,75,75,71,71,71,71,71],"relic_stats":{"Lee\u0027s Waffle":57,"Happy Flower":[21],"counters":[20,82],"StoneCalendar":[52],"Cursed Key":2,"Boot":[17],"obtain_stats":[{"Lee\u0027s Waffle":28,"Tiny House":34,"Happy Flower":7,"Enchiridion":21,"Molten Egg 2":9,"StoneCalendar":29,"Mark of Pain":17,"The Courier":26,"Toxic Egg 2":10,"Cursed Key":0,"Boot":27,"Burning Blood":0},{"Lee\u0027s Waffle":13,"Tiny House":16,"Happy Flower":5,"Enchiridion":11,"Molten Egg 2":5,"StoneCalendar":14,"Mark of Pain":8,"The Courier":12,"Toxic Egg 2":6,"Cursed Key":0,"Boot":13,"Burning Blood":0},{"Lee\u0027s Waffle":49,"Tiny House":65,"Happy Flower":18,"Enchiridion":43,"Molten Egg 2":18,"StoneCalendar":53,"Mark of Pain":33,"The Courier":44,"Toxic Egg 2":21,"Cursed Key":0,"Boot":49,"Burning Blood":0}]},"card_choices":[{"not_picked":["Body Slam","Burning Pact"],"picked":"Clothesline","floor":1},{"not_picked":["Clash","True Grit"],"picked":"Pommel Strike","floor":2},{"not_picked":["Sword Boomerang","Heavy Blade"],"picked":"Uppercut","floor":3},{"not_picked":["Iron Wave","Perfected Strike"],"picked":"Battle Trance","floor":4},{"not_picked":["Rage","Pummel"],"picked":"Demon Form","floor":7},{"not_picked":["Armaments+1","Body Slam+1"],"picked":"Sentinel+1","floor":10},{"not_picked":["Dark Embrace","Entrench+1"],"picked":"Sever Soul+1","floor":11},{"not_picked":["Offering+1","Bludgeon+1"],"picked":"Double Tap+1","floor":16},{"not_picked":["Perfected Strike+1","Power Through+1","Clothesline+1"],"picked":"SKIP","floor":18},{"not_picked":["Sentinel+1","Sword Boomerang+1"],"picked":"True Grit+1","floor":19},{"not_picked":["Shockwave+1","Flex+1"],"picked":"Whirlwind+1","floor":20},{"not_picked":["Reckless Charge+1","Cleave+1","Headbutt+1"],"picked":"SKIP","floor":27},{"not_picked":["Sever Soul+1","Flex+1"],"picked":"Offering+1","floor":29},{"not_picked":["Thunderclap+1","Flex+1","Blood for Blood+1"],"picked":"SKIP","floor":31},{"not_picked":["Barricade","Offering+1"],"picked":"Feed+1","floor":33},{"not_picked":["Infernal Blade+1","Bloodletting+1"],"picked":"Dark Embrace+1","floor":34},{"not_picked":["Clash+1","Combust"],"picked":"Shockwave+1","floor":35},{"not_picked":["Whirlwind+1","Twin Strike+1","Sword Boomerang+1"],"picked":"SKIP","floor":37},{"not_picked":["Feel No Pain","Clothesline+1"],"picked":"Rage+1","floor":39}],"player_experience":926832,"relics_obtained":[{"floor":7,"key":"Happy Flower"},{"floor":9,"key":"Molten Egg 2"},{"floor":10,"key":"Toxic Egg 2"},{"floor":21,"key":"Enchiridion"},{"floor":26,"key":"The Courier"},{"floor":27,"key":"Boot"},{"floor":29,"key":"StoneCalendar"}],"event_choices":[{"damage_healed":0,"gold_gain":0,"player_choice":"Donut","damage_taken":0,"max_hp_gain":5,"max_hp_loss":0,"event_name":"Big Fish","floor":5,"gold_loss":0},{"damage_healed":0,"gold_gain":0,"player_choice":"Ignored","damage_taken":0,"max_hp_gain":0,"max_hp_loss":0,"event_name":"Shining Light","floor":14,"gold_loss":0},{"damage_healed":0,"gold_gain":0,"player_choice":"Obtained Book","damage_taken":21,"max_hp_gain":0,"max_hp_loss":0,"event_name":"Cursed Tome","floor":21,"gold_loss":0},{"damage_healed":0,"gold_gain":0,"player_choice":"Became a vampire","damage_taken":0,"max_hp_gain":0,"max_hp_loss":26,"event_name":"Vampires","floor":22,"gold_loss":0,"cards_obtained":["Bite","Bite","Bite","Bite","Bite"]},{"damage_healed":0,"gold_gain":0,"player_choice":"Ignored","damage_taken":0,"max_hp_gain":0,"max_hp_loss":0,"event_name":"The Mausoleum","floor":25,"gold_loss":0},{"cards_removed":["True Grit"],"damage_healed":0,"gold_gain":0,"player_choice":"Removed Skill","damage_taken":0,"max_hp_gain":0,"max_hp_loss":0,"event_name":"Falling","floor":36,"gold_loss":0},{"damage_healed":0,"gold_gain":0,"player_choice":"Max HP","damage_taken":0,"max_hp_gain":0,"max_hp_loss":4,"event_name":"Winding Halls","floor":38,"gold_loss":0}],"is_beta":false,"boss_relics":[{"not_picked":["Velvet Choker","Runic Cube"],"picked":"Mark of Pain"},{"not_picked":["SlaversCollar","Philosopher\u0027s Stone"],"picked":"Tiny House"}],"items_purged_floors":[],"is_endless":false,"potions_floor_spawned":[7,10,11,19,27,33,37,39],"killed_by":"Nemesis","ascension_level":20}}