{"host":"sf9jac3ppl7h88gj","time":1610487377,"event":{"mods":["AchievementEnabler","Ascension Unlocker","BaseMod","Colored Map","Custom Start","Force Act Four","Minty Spire (QoL Compilation)","Replay The Spire","StSLib"],"gold_per_floor":[114,134,134,151,166,196,196,215,215,233,198,198,15,15,15,111,111,121,141,158,172,184,215,215,125,206,206,217,217,217,217,217,313,313,328,328,92,111,126,126,155,167,194,214,234,41,57,57,57,57,57],"floor_reached":50,"language":"ENG","playtime":5148,"items_purged":["Defend_B"],"score":548,"play_id":"d80ed36b-3912-4a3e-a80a-06758ca2f4fc","local_time":"20210112163617","is_ascension_mode":false,"campfire_choices":[{"floor":7,"key":"REST"},{"data":"Barrage","floor":12,"key":"SMITH"},{"data":"Dualcast","floor":15,"key":"SMITH"},{"floor":27,"key":"REST"},{"floor":30,"key":"REST"},{"data":"Electrodynamics","floor":40,"key":"SMITH"},{"floor":49,"key":"RECALL"}],"circlet_count":0,"master_deck":["Strike_B+1","Defend_B","Defend_B","Zap+1","Dualcast+1","Steam+1","ReplayGash","Barrage+1","Reinforced Body","Rebound","ReplayTheSpireMod:Calculation Training","Streamline","Go for the Eyes","Sweeping Beam","Finesse","Electrodynamics+1","ReplayGash+1","Conserve Battery+1","Scrape","Steam","Auto Shields","Go for the Eyes","Rebound+1","Thunder Strike","FTL+1","Echo Form+1","Genetic Algorithm+1","Coolheaded+1","Streamline+1","Recycle+1","Capacitor+1","Parasite","ReplayGash","Storm+1","Bandage Up","Capacitor+1"],"relics":["Cracked Core","ReplayTheSpireMod:Lightbulb","ReplayTheSpireMod:TigerMarble","Philosopher\u0027s Stone","ReplayFunnel","Frozen Egg 2","Nuclear Battery","Solar Panel"],"acts_visited":["Exordium","TheCity","TheBeyond"],"potions_floor_usage":[2,6,20,23,23,33,33,33,38,39,41,47,47,50,50],"damage_taken":[{"damage":1,"enemies":"Cultist","floor":1,"turns":3},{"damage":3,"enemies":"Jaw Worm","floor":2,"turns":3},{"damage":0,"enemies":"2 Louse","floor":4,"turns":1},{"damage":10,"enemies":"Red Slaver","floor":5,"turns":3},{"damage":7,"enemies":"Gremlin Nob","floor":6,"turns":4},{"damage":9,"enemies":"2 Fungi Beasts","floor":8,"turns":3},{"damage":0,"enemies":"Large Slime","floor":10,"turns":4},{"damage":47,"enemies":"Fading Forest","floor":16,"turns":11},{"damage":2,"enemies":"Spheric Guardian","floor":18,"turns":5},{"damage":16,"enemies":"3 Byrds","floor":19,"turns":5},{"damage":8,"enemies":"Centurion and Healer","floor":20,"turns":5},{"damage":3,"enemies":"3 Cultists","floor":21,"turns":4},{"damage":21,"enemies":"Snecko","floor":22,"turns":5},{"damage":0,"enemies":"Gremlin Leader","floor":23,"turns":5},{"damage":21,"enemies":"Snake Plant","floor":28,"turns":4},{"damage":34,"enemies":"Automaton","floor":33,"turns":9},{"damage":2,"enemies":"3 Shapes","floor":35,"turns":3},{"damage":4,"enemies":"3 Darklings","floor":38,"turns":3},{"damage":5,"enemies":"Jaw Worm Horde","floor":39,"turns":3},{"damage":28,"enemies":"Nemesis","floor":41,"turns":7},{"damage":7,"enemies":"Sphere and 2 Shapes","floor":42,"turns":3},{"damage":7,"enemies":"4 Shapes","floor":44,"turns":5},{"damage":7,"enemies":"Writhing Mass","floor":45,"turns":6},{"damage":0,"enemies":"Transient","floor":47,"turns":5},{"damage":72,"enemies":"Donu and Deca","floor":50,"turns":7}],"seed_played":"-312727875948326058","potions_obtained":[{"floor":1,"key":"Weak Potion"},{"floor":5,"key":"SteroidPotion"},{"floor":19,"key":"Swift Potion"},{"floor":21,"key":"Fire Potion"},{"floor":22,"key":"LiquidBronze"},{"floor":23,"key":"Fire Potion"},{"floor":32,"key":"Cursed Concoction"},{"floor":32,"key":"Strength Potion"},{"floor":39,"key":"AttackPotion"},{"floor":44,"key":"SkillPotion"},{"floor":45,"key":"SpeedPotion"},{"floor":47,"key":"Weak Potion"}],"is_trial":false,"path_per_floor":["M","M","?","M","M","E","R","M","T","M","?","R","$","$","R","B",null,"M","M","M","M","M","E","?","?","T","R","M","?","R","?","R_BF","B",null,"M","?","$","M","M","R","E","M","T","M","M","$","M","?","R","B"],"character_chosen":"DEFECT","items_purchased":["Sweeping Beam","Finesse","Echo Form+1","AttackPotion","AttackPotion","Storm+1","PowerPotion","Bandage Up"],"campfire_rested":3,"item_purchase_floors":[13,13,37,37,37,46,46,46],"current_hp_per_floor":[74,71,56,56,46,39,61,52,52,52,70,70,70,70,70,43,75,73,57,49,46,29,29,29,29,29,51,30,30,52,38,38,4,80,78,80,80,76,71,71,43,46,46,43,42,42,58,58,58,0,0],"gold":57,"neow_bonus":"TRANSFORM_CARD","is_daily":false,"chose_seed":false,"campfire_upgraded":3,"win_rate":0.0,"timestamp":1610487377,"path_taken":["M","M","?","M","M","E","R","M","T","M","?","R","?","$","R","BOSS","M","M","M","M","M","E","?","?","T","R","?","?","R","?","R_BF","BOSS","M","?","$","M","?","R","E","M","T","M","M","$","M","?","R","BOSS"],"items_purchased_type":["Card","Card","Card","Potion","Potion","Card","Potion","Card"],"build_version":"2020-12-22","purchased_purges":1,"victory":false,"max_hp_per_floor":[75,75,75,75,75,75,75,75,75,75,75,75,75,75,75,75,75,75,75,75,75,75,75,75,75,75,75,75,75,75,80,80,80,80,80,80,80,80,80,80,80,80,80,80,80,80,80,80,80,80,80],"card_choices":[{"not_picked":["Panic Button","Steam"],"picked":"ReplayGash","floor":1},{"not_picked":["Steam","Coolheaded"],"picked":"Barrage","floor":2},{"not_picked":["ReplaySort","Rebound"],"picked":"Reinforced Body","floor":4},{"not_picked":["Steam Power","Stack"],"picked":"Rebound","floor":5},{"not_picked":["Panic Button","Coolheaded"],"picked":"ReplayTheSpireMod:Calculation Training","floor":6},{"not_picked":["ReplayTheSpireMod:Reroute Power","Hello World"],"picked":"Streamline","floor":8},{"not_picked":["Defragment","ReplayTheSpireMod:Repulse"],"picked":"Go for the Eyes","floor":10},{"not_picked":["Amplify","All For One"],"picked":"Electrodynamics","floor":16},{"not_picked":["Go for the Eyes+1","Leap"],"picked":"ReplayGash+1","floor":18},{"not_picked":["Force Field","Beam Cell"],"picked":"Conserve Battery+1","floor":19},{"not_picked":["Conserve Battery","Turbo","Skim"],"picked":"SKIP","floor":20},{"not_picked":["Streamline","Steam Power"],"picked":"Scrape","floor":21},{"not_picked":["Gash","Streamline+1"],"picked":"Steam","floor":22},{"not_picked":["Buffer","Gash"],"picked":"Auto Shields","floor":23},{"not_picked":["Cold Snap","Streamline"],"picked":"Rebound+1","floor":28},{"not_picked":["Mirror Shield","ReplayTheSpireMod:Fabricate Wheel"],"picked":"Thunder Strike","floor":33},{"not_picked":["ReplayTheSpireMod:System Scan+1","Panic Button"],"picked":"FTL+1","floor":35},{"not_picked":["Time Bomb+1","Conserve Battery"],"picked":"Genetic Algorithm+1","floor":38},{"not_picked":["Leap","Gash+1"],"picked":"Coolheaded+1","floor":39},{"not_picked":["Glacier+1","Conserve Battery"],"picked":"Streamline+1","floor":41},{"not_picked":["Hologram+1","Gash+1"],"picked":"Recycle+1","floor":42},{"not_picked":["Ball Lightning+1","Reinforced Body+1"],"picked":"Capacitor+1","floor":44},{"not_picked":["Rebound","Hologram"],"picked":"ReplayGash","floor":45},{"not_picked":["Buffer+1","Auto Shields"],"picked":"Capacitor+1","floor":47}],"player_experience":1108439,"relics_obtained":[{"floor":6,"key":"ReplayTheSpireMod:Lightbulb"},{"floor":9,"key":"ReplayTheSpireMod:TigerMarble"},{"floor":23,"key":"ReplayFunnel"},{"floor":26,"key":"Frozen Egg 2"},{"floor":41,"key":"Solar Panel"}],"event_choices":[{"damage_healed":0,"gold_gain":0,"player_choice":"Entered Light","damage_taken":15,"max_hp_gain":0,"max_hp_loss":0,"event_name":"Shining Light","floor":3,"gold_loss":0,"cards_upgraded":["Strike_B","Zap"]},{"damage_healed":18,"gold_gain":0,"player_choice":"Healed","damage_taken":0,"max_hp_gain":0,"max_hp_loss":0,"event_name":"The Cleric","floor":11,"gold_loss":35},{"damage_healed":0,"gold_gain":0,"cards_transformed":["Strike_B","Defend_B"],"player_choice":"Became Test Subject","damage_taken":0,"max_hp_gain":0,"max_hp_loss":0,"event_name":"Drug Dealer","floor":24,"gold_loss":0,"cards_obtained":["Reprogram","Go for the Eyes"]},{"cards_removed":["Strike_B"],"damage_healed":0,"gold_gain":0,"player_choice":"Upgrade and Remove","damage_taken":0,"max_hp_gain":0,"max_hp_loss":0,"event_name":"Designer","floor":25,"gold_loss":90,"cards_upgraded":["Steam"]},{"damage_healed":0,"gold_gain":0,"player_choice":"Ignored","damage_taken":0,"max_hp_gain":0,"max_hp_loss":0,"event_name":"The Mausoleum","floor":29,"gold_loss":0},{"damage_healed":0,"gold_gain":0,"player_choice":"Shed Blood","damage_taken":19,"max_hp_gain":5,"max_hp_loss":0,"event_name":"Forgotten Altar","floor":31,"gold_loss":0},{"cards_removed":["Reprogram"],"damage_healed":2,"gold_gain":0,"player_choice":"Offered Uncommon","damage_taken":0,"max_hp_gain":0,"max_hp_loss":0,"event_name":"Bonfire Elementals","floor":36,"gold_loss":0}],"is_beta":false,"boss_relics":[{"not_picked":["Empty Cage","Ectoplasm"],"picked":"Philosopher\u0027s Stone"},{"not_picked":["Inserter","Cursed Key"],"picked":"Nuclear Battery"}],"items_purged_floors":[13],"is_endless":false,"potions_floor_spawned":[1,5,19,21,22,23,39,44,45,47],"killed_by":"Donu and Deca","ascension_level":0}}