{"host":"on8kfoejf6vp3cg3","time":1610419732,"event":{"mods":["AchievementEnabler","BaseMod","Better Match","Better Third Choice","Block Reminder","Colored Map","Colored Powertips","Disable Question Mark Monsters","Googly Eyes","Hermit","Highlight Path","Minty Spire (QoL Compilation)","Permanent Neow","Poor People Problems","Rare Cards Sparkle","Replay The Spire","StSLib","The Blackbeard","The Bladedancer","The Cursed"],"gold_per_floor":[111,126,160,174,86,112,139,70,95,62,58,58,58,90,90,189,189,103,113,113,43,37,68,93,93,165,165,190,221,66,66,66,161,161,178,151,49,49,49,49,0,0,25,25,25,25,25,247,247,47],"floor_reached":51,"playtime":3001,"items_purged":[],"score":1592,"play_id":"08a49e9a-5113-4db8-b5f3-eeb24358b58b","local_time":"20210111214852","daily_mods":["Insanity","Vintage","Heirloom","Time Dilation","Flight"],"is_ascension_mode":true,"campfire_choices":[{"floor":13,"key":"REST"},{"data":"blademaster:Cut","floor":15,"key":"SMITH"},{"data":"blademaster:EyeOfTheStorm","floor":32,"key":"SMITH"},{"data":"blademaster:Cut","floor":40,"key":"SMITH"},{"data":"blademaster:Cut","floor":42,"key":"SMITH"},{"data":"blademaster:Cut","floor":46,"key":"SMITH"},{"data":"blademaster:Cut","floor":47,"key":"SMITH"}],"circlet_count":0,"master_deck":["blademaster:DaggerAndCloak","blademaster:AspectOfWind","blademaster:Sunder","blademaster:AspectOfLightning","blademaster:Breeze","blademaster:Discharge","blademaster:CullingStrike","blademaster:ChargingUp","blademaster:AspectOfWind","blademaster:FuriousStrike","blademaster:AncestralHealing","blademaster:Flurry","blademaster:BloodyBlow","blademaster:DaggerAndCloak","blademaster:AspectOfWind","blademaster:ParryingStrike","blademaster:Flurry","blademaster:ThunderingOpener+1","blademaster:ChargingUp","blademaster:TraverseCut","blademaster:AwakeningDefend","blademaster:DragonStrike","blademaster:Quickness","blademaster:AspectOfLightning","blademaster:Havoc","blademaster:Thrust","blademaster:DaggerAndCloak","blademaster:AspectOfLightning","blademaster:AspectOfWind","blademaster:AwakeningStrike","blademaster:Thrust","blademaster:Frontflip","blademaster:Stability","blademaster:BloodyBlow","blademaster:DaggerAndCloak","blademaster:Safeguard","blademaster:ThunderSlash","blademaster:Thrust","blademaster:Slice","blademaster:Sharpen","blademaster:AirSlash","blademaster:Slice","blademaster:Flurry","blademaster:CombatPrep","blademaster:BladeCross","blademaster:Safeguard","blademaster:FuriousStrike","blademaster:BloodyBlow","ReplayTheSpireMod:IOU","blademaster:Cut","ReplayTheSpireMod:IOU","blademaster:Safeguard","blademaster:Momentum","blademaster:Flurry","blademaster:BladeDance","ReplayTheSpireMod:IOU","ReplayTheSpireMod:IOU","ReplayTheSpireMod:IOU","blademaster:Sharpen","ReplayTheSpireMod:IOU","blademaster:AwakeningStrike+1","ReplayTheSpireMod:IOU","ReplayTheSpireMod:IOU","blademaster:LeechingStrike","blademaster:KiBarrier","blademaster:RollingTyphoon","blademaster:SlyStabs+1","ReplayTheSpireMod:IOU","ReplayTheSpireMod:IOU","ReplayTheSpireMod:IOU","blademaster:Sharpen","blademaster:Stability+1","blademaster:ThunderSlash+1","blademaster:EyeOfTheStorm+1","blademaster:Empower","blademaster:Cut","ReplayTheSpireMod:IOU","Madness","Madness","Hallucinations"],"relics":["Unceasing Top","Incense Burner","Replay:Wax Seal","Replay:Baseball","Pondfish Scales","Tiny Chest","Lantern","Replay:PocketPolymizer","Eternal Feather","Juzu Bracelet","Bag of Preparation","Akabeko","Ginger","Mummified Hand","ReplayTheSpireMod:TigerMarble","SlaversCollar","Dead Branch","Potion Belt","Red Mask","MealTicket","Matryoshka","TungstenRod","Onion Ring","Pen Nib","StrikeDummy","Boot","Chameleon Ring","Bronze Scales","ReplayFunnel","Busted Crown","Simple Rune","Replay:Mystery Machine"],"acts_visited":["Exordium","TheCity","TheBeyond"],"potions_floor_usage":[16,33,33,33,33,33,50,50,50,50],"damage_taken":[{"damage":12.0,"enemies":"Small Slimes","floor":1.0,"turns":3.0},{"damage":0.0,"enemies":"Jaw Worm","floor":2.0,"turns":3.0},{"damage":0.0,"enemies":"Cultist","floor":4.0,"turns":2.0},{"damage":1.0,"enemies":"2 Fungi Beasts","floor":5.0,"turns":2.0},{"damage":2.0,"enemies":"3 Sentries","floor":6.0,"turns":5.0},{"damage":11.0,"enemies":"Replay:BlueRogue","floor":7.0,"turns":4.0},{"damage":30,"enemies":"Gremlin Nob","floor":8,"turns":4},{"damage":8,"enemies":"3 Sentries","floor":14,"turns":4},{"damage":17,"enemies":"The Guardian","floor":16,"turns":7},{"damage":0,"enemies":"3 Byrds","floor":18,"turns":3},{"damage":0,"enemies":"2 Thieves","floor":19,"turns":1},{"damage":0,"enemies":"Masked Bandits","floor":21,"turns":2},{"damage":0,"enemies":"Gremlin Leader","floor":23,"turns":2},{"damage":0,"enemies":"Replay:Snechameleon","floor":24,"turns":1},{"damage":0,"enemies":"Slavers","floor":28,"turns":1},{"damage":0,"enemies":"Gremlin Leader","floor":29,"turns":1},{"damage":0,"enemies":"Collector","floor":33,"turns":3},{"damage":0,"enemies":"Orb Walker","floor":35,"turns":2},{"damage":6,"enemies":"Time Eater","floor":50,"turns":6}],"seed_played":"448374404586414868","potions_obtained":[{"floor":4.0,"key":"Flashbang"},{"floor":8,"key":"Ancient Potion"},{"floor":19,"key":"Doom Potion"},{"floor":21,"key":"Adrenaline Potion"},{"floor":27,"key":"DistilledChaos"},{"floor":27,"key":"Languid Potion"},{"floor":29,"key":"SkillPotion"},{"floor":33,"key":"Flashbang"},{"floor":49,"key":"CultistPotion"}],"is_trial":true,"path_per_floor":["M","M","$","M","M","E","E","E","T","$","$","?","R","E","R","B",null,"M","M","?","?","$","E","E","T","T","R","E","E","$","$","R","B",null,"M","$","$","?","?","R","$","R","T","?","T","R","R","?","R","B",null],"character_chosen":"THE_BLADEMASTER","items_purchased":["Pondfish Scales","blademaster:Cut","blademaster:Safeguard","Akabeko","Ginger","blademaster:Sharpen","blademaster:AwakeningStrike+1","Mummified Hand","ReplayTheSpireMod:TigerMarble","MealTicket","Matryoshka","ReplayFunnel","blademaster:Cut","Simple Rune","AttackPotion","SkillPotion"],"campfire_rested":1,"item_purchase_floors":[3,3,3,10,10,10,10,11,11,22,22,30,36,37,37,41],"current_hp_per_floor":[56,56,56,56,55,59,54,30,30,30,30,30,75,73,75,64,72,75,75,75,75,75,75,75,75,75,75,75,75,75,75,75,75,75,75,75,75,75,67,75,75,75,75,75,75,75,75,75,75,75],"gold":47,"neow_bonus":"","is_daily":false,"chose_seed":false,"campfire_upgraded":6,"win_rate":0.0,"timestamp":1610419732,"path_taken":["M","M","$","M","M","E","E","E","T","$","$","?","R","E","R","BOSS","M","M","?","?","$","E","E","?","T","R","E","E","$","$","R","BOSS","M","$","$","?","?","R","$","R","T","?","?","R","R","?","R","BOSS"],"items_purchased_type":["Relic","Card","Card","Relic","Relic","Card","Card","Relic","Relic","Relic","Relic","Relic","Card","Relic","Potion","Potion"],"build_version":"2020-12-22","purchased_purges":0,"victory":true,"max_hp_per_floor":[75,75,75,75,75,75,75,75,75,75,75,75,75,75,75,75,75,75,75,75,75,75,75,75,75,75,75,75,75,75,75,75,75,75,75,75,75,75,75,75,75,75,75,75,75,75,75,75,75,75],"card_choices":[{"not_picked":["blademaster:Safeguard","blademaster:DancingEdge"],"picked":"blademaster:Momentum","floor":6.0},{"not_picked":["blademaster:BladeDance","blademaster:Thrust"],"picked":"blademaster:Flurry","floor":7.0},{"not_picked":["blademaster:ParryingStrike","blademaster:CullingStrike"],"picked":"blademaster:BladeDance","floor":8},{"not_picked":["blademaster:AspectOfLightning","blademaster:AwakeningStrike"],"picked":"blademaster:KiBarrier","floor":14},{"not_picked":["blademaster:LightningDraw","blademaster:UnrelentingWind"],"picked":"blademaster:RollingTyphoon","floor":16},{"not_picked":["blademaster:AspectOfLightning+1","blademaster:CombatPrep+1"],"picked":"blademaster:SlyStabs+1","floor":21},{"not_picked":["blademaster:AwakeningDefend","blademaster:DaggerAndCloak+1"],"picked":"blademaster:Sharpen","floor":23},{"not_picked":["blademaster:DragonStrike+1","blademaster:DaggerAndCloak"],"picked":"blademaster:Stability+1","floor":24},{"not_picked":["blademaster:ThunderingOpener+1","blademaster:AspectOfWind"],"picked":"blademaster:ThunderSlash+1","floor":28},{"not_picked":["blademaster:Stability","blademaster:Frenzy"],"picked":"blademaster:EyeOfTheStorm","floor":29},{"not_picked":["blademaster:Flash","blademaster:CloudOfSteel"],"picked":"blademaster:Empower","floor":33}],"player_experience":441086,"relics_obtained":[{"floor":1.0,"key":"Replay:Wax Seal"},{"floor":1.0,"key":"blademaster:RandomBladePerk"},{"floor":2.0,"key":"Replay:Baseball"},{"floor":2.0,"key":"blademaster:StrongPerk"},{"floor":4.0,"key":"Tiny Chest"},{"floor":4.0,"key":"blademaster:OnAttackedChargePerk"},{"floor":5.0,"key":"Lantern"},{"floor":5.0,"key":"blademaster:StanceHealPerk"},{"floor":6.0,"key":"Replay:PocketPolymizer"},{"floor":6.0,"key":"blademaster:DextrousPerk"},{"floor":7.0,"key":"Eternal Feather"},{"floor":7.0,"key":"blademaster:BonusFuryPerk"},{"floor":8,"key":"Juzu Bracelet"},{"floor":8,"key":"blademaster:LightningChargePerk"},{"floor":9,"key":"Bag of Preparation"},{"floor":14,"key":"blademaster:RandomStancePerk"},{"floor":18,"key":"Dead Branch"},{"floor":18,"key":"blademaster:BleedingLaceratePerk"},{"floor":19,"key":"Potion Belt"},{"floor":19,"key":"blademaster:BleedingMoreDamagePerk"},{"floor":21,"key":"Red Mask"},{"floor":23,"key":"TungstenRod"},{"floor":23,"key":"blademaster:BonusComboPerk"},{"floor":24,"key":"Onion Ring"},{"floor":24,"key":"blademaster:ComboEveryTurnPerk"},{"floor":25,"key":"Pen Nib"},{"floor":25,"key":"StrikeDummy"},{"floor":26,"key":"Boot"},{"floor":26,"key":"Chameleon Ring"},{"floor":28,"key":"blademaster:WindChargePerk"},{"floor":29,"key":"Bronze Scales"},{"floor":29,"key":"blademaster:FuryEveryTurnPerk"},{"floor":35,"key":"blademaster:FinisherDrawCardPerk"},{"floor":43,"key":"Replay:Mystery Machine"}],"event_choices":[{"cards_removed":["blademaster:Breeze"],"damage_healed":0,"gold_gain":0,"player_choice":"Offered Uncommon","damage_taken":0,"max_hp_gain":0,"max_hp_loss":0,"event_name":"Bonfire Elementals","floor":20,"gold_loss":0},{"damage_healed":0,"gold_gain":0,"player_choice":"Fought Bandits","damage_taken":0,"max_hp_gain":0,"max_hp_loss":0,"event_name":"Masked Bandits","floor":21,"gold_loss":0},{"damage_healed":0,"gold_gain":0,"player_choice":"Embrace Madness","damage_taken":9,"max_hp_gain":0,"max_hp_loss":0,"event_name":"Winding Halls","floor":39,"gold_loss":0,"cards_obtained":["Madness","Madness"]},{"damage_healed":0,"gold_gain":0,"player_choice":"Heal","damage_taken":0,"max_hp_gain":0,"max_hp_loss":0,"event_name":"MindBloom","floor":44,"gold_loss":0,"cards_obtained":["Doubt"]},{"damage_healed":0,"gold_gain":222,"player_choice":"Wore Mask","damage_taken":0,"max_hp_gain":0,"max_hp_loss":0,"event_name":"Tomb of Lord Red Mask","floor":48,"gold_loss":0}],"is_beta":false,"boss_relics":[{"not_picked":["Kintsugi","Tiny House"],"picked":"SlaversCollar"},{"not_picked":["Replay:Bronze Core","Philosopher\u0027s Stone"],"picked":"Busted Crown"}],"items_purged_floors":[],"is_endless":false,"potions_floor_spawned":[4,8,14,19,21,29,33],"ascension_level":9}}