{"host":"Stephanie","time":1610472201,"event":{"mods":["BaseMod","Colored Powertips","Minty Spire (QoL Compilation)","Rare Cards Sparkle","Relic Stats","Robot Space Explorer","StSLib"],"gold_per_floor":[116,130,130,148,165,191,191,222,258,270,301,313,325,337,349,457,469,493,505,517,544,556,598,610,610],"floor_reached":24,"playtime":1075,"items_purged":[],"score":249,"play_id":"df613320-c1bd-4073-80c2-890ced37ca87","local_time":"20210112122321","is_ascension_mode":false,"campfire_choices":[{"data":"RobotSpaceExplorer:PlasmaMissile","floor":7,"key":"SMITH"},{"data":"RobotSpaceExplorer:StarDust","floor":10,"key":"SMITH"},{"floor":13,"key":"REST"},{"data":"RobotSpaceExplorer:Pulsar","floor":15,"key":"SMITH"}],"circlet_count":0,"master_deck":["RobotSpaceExplorer:Strike","RobotSpaceExplorer:Strike","RobotSpaceExplorer:Strike","RobotSpaceExplorer:Defend","RobotSpaceExplorer:Defend","RobotSpaceExplorer:Defend","RobotSpaceExplorer:Defend","RobotSpaceExplorer:Scan","RobotSpaceExplorer:MiniLasers","RobotSpaceExplorer:PlasmaMissile+1","RobotSpaceExplorer:StarDust+1","RobotSpaceExplorer:GearShield","RobotSpaceExplorer:SurgingStrike","RobotSpaceExplorer:ScrapMissile","RobotSpaceExplorer:Asteroid","RobotSpaceExplorer:Pulsar+1","RobotSpaceExplorer:TrailblazerForm","RobotSpaceExplorer:ToxicBomb+1","RobotSpaceExplorer:SelfCleaning"],"relics":["RobotSpaceExplorer:TurboCore","Tiny Chest","PreservedInsect","MawBank","Vajra","InkBottle"],"acts_visited":["Exordium","TheCity"],"potions_floor_usage":[8,8],"damage_taken":[{"damage":4,"enemies":"Jaw Worm","floor":1,"turns":4},{"damage":3,"enemies":"Small Slimes","floor":2,"turns":4},{"damage":7,"enemies":"2 Louse","floor":4,"turns":3},{"damage":4,"enemies":"Exordium Thugs","floor":5,"turns":5},{"damage":28,"enemies":"Gremlin Nob","floor":6,"turns":4},{"damage":5,"enemies":"3 Sentries","floor":8,"turns":4},{"damage":0,"enemies":"Looter","floor":11,"turns":2},{"damage":20,"enemies":"The Guardian","floor":16,"turns":8},{"damage":2,"enemies":"Chosen","floor":18,"turns":4},{"damage":16,"enemies":"Shell Parasite","floor":21,"turns":6},{"damage":24,"enemies":"Gremlin Leader","floor":23,"turns":6},{"damage":41,"enemies":"3 Cultists","floor":24,"turns":5}],"seed_played":"8711339164670015834","potions_obtained":[{"floor":4,"key":"Ancient Potion"},{"floor":5,"key":"ColorlessPotion"},{"floor":6,"key":"SmokeBomb"},{"floor":8,"key":"DistilledChaos"},{"floor":16,"key":"Regen Potion"}],"is_trial":false,"path_per_floor":["M","M","?","M","M","E","R","E","T","R","M","?","R","?","R","B",null,"M","?","T","M","?","E","M"],"character_chosen":"RobotSpaceExplorer","items_purchased":[],"campfire_rested":1,"item_purchase_floors":[],"current_hp_per_floor":[78,75,68,61,57,29,29,24,24,24,24,24,48,53,53,33,87,85,68,68,52,52,28,0,0],"gold":610,"neow_bonus":"TEN_PERCENT_HP_BONUS","is_daily":false,"chose_seed":false,"campfire_upgraded":3,"win_rate":0.0,"timestamp":1610472201,"path_taken":["M","M","?","M","M","E","R","E","T","R","M","?","R","?","R","BOSS","M","?","?","?","?","E","M"],"items_purchased_type":[],"build_version":"2020-12-18","purchased_purges":0,"victory":false,"max_hp_per_floor":[82,82,82,82,82,82,82,82,82,82,82,82,82,87,87,87,87,87,92,92,92,92,92,92,92],"relic_stats":{"counters":[12,55],"Tiny Chest":1,"PreservedInsect":74,"MawBank":192,"obtain_stats":[{"Vajra":9,"RobotSpaceExplorer:RoboCore":0,"Tiny Chest":3,"PreservedInsect":6,"MawBank":8,"RobotSpaceExplorer:TurboCore":17,"InkBottle":23},{"Vajra":6,"RobotSpaceExplorer:RoboCore":0,"Tiny Chest":2,"PreservedInsect":5,"MawBank":6,"RobotSpaceExplorer:TurboCore":8,"InkBottle":11},{"Vajra":24,"RobotSpaceExplorer:RoboCore":0,"Tiny Chest":8,"PreservedInsect":20,"MawBank":24,"RobotSpaceExplorer:TurboCore":34,"InkBottle":50}],"InkBottle":[1]},"card_choices":[{"not_picked":["RobotSpaceExplorer:StunGrenade","RobotSpaceExplorer:ScrapMissile"],"picked":"RobotSpaceExplorer:PlasmaMissile","floor":1},{"not_picked":["RobotSpaceExplorer:FrostMissile","RobotSpaceExplorer:Counterblock"],"picked":"RobotSpaceExplorer:StarDust","floor":2},{"not_picked":["RobotSpaceExplorer:SurgingShield","RobotSpaceExplorer:SwiftStep"],"picked":"RobotSpaceExplorer:GearShield","floor":4},{"not_picked":["RobotSpaceExplorer:ToxicBomb","RobotSpaceExplorer:Ammunition"],"picked":"RobotSpaceExplorer:SurgingStrike","floor":5},{"not_picked":["RobotSpaceExplorer:ShovelStrike","RobotSpaceExplorer:FranticSearch"],"picked":"RobotSpaceExplorer:ScrapMissile","floor":6},{"not_picked":["RobotSpaceExplorer:ShovelStrike","RobotSpaceExplorer:StunGrenade"],"picked":"RobotSpaceExplorer:Asteroid","floor":8},{"not_picked":["RobotSpaceExplorer:IronShell","RobotSpaceExplorer:GlueSpray"],"picked":"RobotSpaceExplorer:Pulsar","floor":11},{"not_picked":["RobotSpaceExplorer:HighVoltage","RobotSpaceExplorer:Comet"],"picked":"RobotSpaceExplorer:TrailblazerForm","floor":16},{"not_picked":["RobotSpaceExplorer:GlueSpray","RobotSpaceExplorer:Probe","RobotSpaceExplorer:ImprovisedAttack+1"],"picked":"SKIP","floor":18},{"not_picked":["RobotSpaceExplorer:FrostMissile+1","RobotSpaceExplorer:ScrapMissile"],"picked":"RobotSpaceExplorer:ToxicBomb+1","floor":21},{"not_picked":["RobotSpaceExplorer:Electropulse","RobotSpaceExplorer:Electroshield"],"picked":"RobotSpaceExplorer:SelfCleaning","floor":23}],"player_experience":843033,"relics_obtained":[{"floor":6,"key":"PreservedInsect"},{"floor":8,"key":"MawBank"},{"floor":9,"key":"Vajra"},{"floor":23,"key":"InkBottle"}],"event_choices":[{"damage_healed":0,"gold_gain":0,"player_choice":"Success","damage_taken":7,"relics_obtained":["Tiny Chest"],"max_hp_gain":0,"max_hp_loss":0,"event_name":"Scrap Ooze","floor":3,"gold_loss":0},{"damage_healed":0,"gold_gain":0,"player_choice":"Ignored","damage_taken":0,"max_hp_gain":0,"max_hp_loss":0,"event_name":"Liars Game","floor":12,"gold_loss":0},{"damage_healed":0,"gold_gain":0,"player_choice":"Donut","damage_taken":0,"max_hp_gain":5,"max_hp_loss":0,"event_name":"Big Fish","floor":14,"gold_loss":0},{"damage_healed":0,"gold_gain":0,"player_choice":"Shed Blood","damage_taken":22,"max_hp_gain":5,"max_hp_loss":0,"event_name":"Forgotten Altar","floor":19,"gold_loss":0},{"cards_removed":["RobotSpaceExplorer:Strike"],"damage_healed":0,"gold_gain":0,"player_choice":"Elegance","damage_taken":0,"max_hp_gain":0,"max_hp_loss":0,"event_name":"Back to Basics","floor":22,"gold_loss":0}],"is_beta":true,"boss_relics":[{"not_picked":["RobotSpaceExplorer:Reprocessor","Coffee Dripper"],"picked":"RobotSpaceExplorer:TurboCore"}],"items_purged_floors":[],"is_endless":false,"potions_floor_spawned":[4,5,6,8,16],"killed_by":"3 Cultists","ascension_level":0}}