{"host":"873t0y8ybyo38pfq","time":1610463869,"event":{"mods":["BaseMod","Bestiary","Colored Map","Colored Powertips","Highlight Path","Minty Spire (QoL Compilation)","Quick Restart","RNG Fix","Rare Cards Sparkle","Relic Stats","StSLib"],"gold_per_floor":[115,180,180,200,11,38,38,66,91,91,126,126,138,167,167,239,239,258,284,284,94,68,68,81,97,97,97,44,56,86,101,101,180,180,192,192,192,192],"floor_reached":37,"playtime":2560,"items_purged":["Regret","Strike_B"],"score":920,"play_id":"297fc591-d335-4eb2-83f6-04cf7f4b525a","local_time":"20210112100429","is_ascension_mode":true,"campfire_choices":[{"data":"Echo Form","floor":10,"key":"SMITH"},{"data":"Fusion","floor":12,"key":"SMITH"},{"floor":15,"key":"REST"},{"floor":23,"key":"REST"},{"floor":32,"key":"REST"}],"circlet_count":0,"master_deck":["AscendersBane","Strike_B","Strike_B","Strike_B+1","Defend_B","Defend_B","Defend_B","Defend_B","Zap","Dualcast","Doom and Gloom+1","Conserve Battery","Steam","Tempest","Fusion+1","Echo Form+1","Conserve Battery","Genetic Algorithm","Electrodynamics","Coolheaded","Double Energy","Defragment","Defragment","Reboot","Conserve Battery","Shame","Compile Driver","Hologram","Rainbow","Reboot","CurseOfTheBell","Reinforced Body"],"relics":["Cracked Core","NeowsBlessing","Blue Candle","WingedGreaves","Happy Flower","Mummified Hand","Whetstone","Mango","Cursed Key","Red Mask","Eternal Feather","PreservedInsect","Calling Bell","Boot","Cables","Thread and Needle"],"acts_visited":["Exordium","TheCity","TheBeyond"],"potions_floor_usage":[11,14,19,24,27,30,33,33],"damage_taken":[{"damage":0,"enemies":"2 Louse","floor":1,"turns":1},{"damage":0,"enemies":"Jaw Worm","floor":4,"turns":1},{"damage":0,"enemies":"Gremlin Nob","floor":6,"turns":1},{"damage":13,"enemies":"Lagavulin","floor":8,"turns":5},{"damage":6,"enemies":"Gremlin Nob","floor":11,"turns":3},{"damage":0,"enemies":"Small Slimes","floor":13,"turns":2},{"damage":18,"enemies":"3 Sentries","floor":14,"turns":3},{"damage":19,"enemies":"The Guardian","floor":16,"turns":8},{"damage":13,"enemies":"3 Byrds","floor":18,"turns":3},{"damage":12,"enemies":"Masked Bandits","floor":19,"turns":2},{"damage":13,"enemies":"2 Thieves","floor":22,"turns":4},{"damage":18,"enemies":"Cultist and Chosen","floor":24,"turns":4},{"damage":0,"enemies":"Sentry and Sphere","floor":25,"turns":3},{"damage":0,"enemies":"Gremlin Leader","floor":27,"turns":2},{"damage":14,"enemies":"Snake Plant","floor":29,"turns":3},{"damage":22,"enemies":"Book of Stabbing","floor":30,"turns":4},{"damage":0,"enemies":"Cultist and Chosen","floor":31,"turns":2},{"damage":49,"enemies":"Automaton","floor":33,"turns":12},{"damage":56,"enemies":"3 Shapes","floor":35,"turns":5},{"damage":21,"enemies":"3 Darklings","floor":37,"turns":3}],"seed_played":"5861755269835642483","potions_obtained":[{"floor":1,"key":"DuplicationPotion"},{"floor":11,"key":"Explosive Potion"},{"floor":16,"key":"Ancient Potion"},{"floor":19,"key":"SkillPotion"},{"floor":22,"key":"SmokeBomb"},{"floor":29,"key":"AttackPotion"},{"floor":30,"key":"AttackPotion"}],"is_trial":false,"path_per_floor":["M","?","?","M","$","E","?","E","T","R","E","R","M","E","R","B",null,"M","?","?","$","M","R","M","M","T","E","$","M","E","M","R","B",null,"M","?","M"],"character_chosen":"DEFECT","items_purchased":["Steam","Tempest","Defragment","Fire Potion"],"campfire_rested":3,"item_purchase_floors":[5,5,21,28],"current_hp_per_floor":[64,64,64,64,64,64,53,40,40,40,34,34,34,30,55,36,73,60,48,65,65,52,77,59,59,59,59,59,45,23,23,63,14,67,11,11,0,0],"gold":192,"neow_bonus":"THREE_ENEMY_KILL","is_daily":false,"chose_seed":false,"campfire_upgraded":2,"win_rate":0.0,"timestamp":1610463869,"path_taken":["M","?","?","?","$","E","?","E","T","R","E","R","?","E","R","BOSS","M","?","?","$","M","R","M","?","T","E","$","M","E","M","R","BOSS","M","?","M"],"items_purchased_type":["Card","Card","Card","Potion"],"build_version":"2020-12-22","purchased_purges":2,"victory":false,"max_hp_per_floor":[71,71,71,71,71,71,71,71,71,71,71,71,71,85,85,85,85,85,85,85,85,85,85,85,85,85,85,85,85,85,85,85,85,85,85,85,85,85],"relic_stats":{"Happy Flower":[22],"counters":[20,71],"Mummified Hand":[34],"Blue Candle":[6],"Eternal Feather":15,"PreservedInsect":0,"Whetstone":["Strike_B","Doom and Gloom"],"Cursed Key":1,"Boot":[0],"obtain_stats":[{"NeowsBlessing":0,"Happy Flower":7,"Blue Candle":3,"Mango":14,"Eternal Feather":26,"Thread and Needle":34,"PreservedInsect":30,"Whetstone":11,"Cursed Key":17,"Boot":34,"Cables":34,"Calling Bell":34,"Mummified Hand":8,"WingedGreaves":6,"Red Mask":19,"Cracked Core":0},{"NeowsBlessing":0,"Happy Flower":3,"Blue Candle":1,"Mango":7,"Eternal Feather":13,"Thread and Needle":18,"PreservedInsect":16,"Whetstone":5,"Cursed Key":8,"Boot":18,"Cables":18,"Calling Bell":18,"Mummified Hand":4,"WingedGreaves":3,"Red Mask":10,"Cracked Core":0},{"NeowsBlessing":0,"Happy Flower":3,"Blue Candle":1,"Mango":16,"Eternal Feather":40,"Thread and Needle":63,"PreservedInsect":49,"Whetstone":11,"Cursed Key":24,"Boot":63,"Cables":63,"Calling Bell":63,"Mummified Hand":8,"WingedGreaves":3,"Red Mask":29,"Cracked Core":0}],"Cables":[7,6,0,0,1]},"card_choices":[{"not_picked":["BootSequence","Genetic Algorithm"],"picked":"Doom and Gloom","floor":1},{"not_picked":["Steam","Sunder"],"picked":"Conserve Battery","floor":4},{"not_picked":["Reprogram","Rip and Tear"],"picked":"Fusion","floor":6},{"not_picked":["Capacitor","Streamline"],"picked":"Echo Form","floor":8},{"not_picked":["Streamline","Ball Lightning","Scrape"],"picked":"SKIP","floor":11},{"not_picked":["Ball Lightning","Stack"],"picked":"Conserve Battery","floor":13},{"not_picked":["Coolheaded","Chill"],"picked":"Genetic Algorithm","floor":14},{"not_picked":["Hyperbeam","Buffer"],"picked":"Electrodynamics","floor":16},{"not_picked":["Ball Lightning","Leap+1"],"picked":"Coolheaded","floor":18},{"not_picked":["Conserve Battery","Lockon"],"picked":"Double Energy","floor":19},{"not_picked":["FTL","Redo"],"picked":"Defragment","floor":22},{"not_picked":["Gash","Lockon"],"picked":"Reboot","floor":24},{"not_picked":["Stack","Reprogram"],"picked":"Conserve Battery","floor":25},{"not_picked":["Conserve Battery+1","Redo"],"picked":"Compile Driver","floor":29},{"not_picked":["Sweeping Beam","Force Field"],"picked":"Hologram","floor":30},{"not_picked":["Go for the Eyes","Stack"],"picked":"Rainbow","floor":31},{"not_picked":["Creative AI","Fission"],"picked":"Reboot","floor":33},{"not_picked":["Tempest","Beam Cell"],"picked":"Reinforced Body","floor":35}],"player_experience":1596350,"relics_obtained":[{"floor":6,"key":"WingedGreaves"},{"floor":8,"key":"Mummified Hand"},{"floor":11,"key":"Whetstone"},{"floor":14,"key":"Mango"},{"floor":19,"key":"Red Mask"},{"floor":26,"key":"Eternal Feather"},{"floor":30,"key":"PreservedInsect"},{"floor":34,"key":"Boot"},{"floor":34,"key":"Cables"},{"floor":34,"key":"Thread and Needle"}],"event_choices":[{"damage_healed":0,"gold_gain":65,"player_choice":"Gained Gold","damage_taken":0,"max_hp_gain":0,"max_hp_loss":0,"event_name":"Golden Wing","floor":2,"gold_loss":0},{"damage_healed":0,"gold_gain":0,"player_choice":"Box","damage_taken":0,"relics_obtained":["Blue Candle"],"max_hp_gain":0,"max_hp_loss":0,"event_name":"Big Fish","floor":3,"gold_loss":0,"cards_obtained":["Regret"]},{"damage_healed":0,"gold_gain":0,"player_choice":"Success","damage_taken":11,"relics_obtained":["Happy Flower"],"max_hp_gain":0,"max_hp_loss":0,"event_name":"Scrap Ooze","floor":7,"gold_loss":0},{"damage_healed":0,"gold_gain":0,"player_choice":"Fought Bandits","damage_taken":0,"max_hp_gain":0,"max_hp_loss":0,"event_name":"Masked Bandits","floor":19,"gold_loss":0},{"damage_healed":17,"gold_gain":0,"player_choice":"Heal","damage_taken":0,"max_hp_gain":0,"max_hp_loss":0,"event_name":"The Library","floor":20,"gold_loss":0},{"damage_healed":0,"gold_gain":0,"player_choice":"0 cards matched","damage_taken":0,"max_hp_gain":0,"max_hp_loss":0,"event_name":"Match and Keep!","floor":36,"gold_loss":0,"cards_obtained":[]}],"is_beta":false,"boss_relics":[{"not_picked":["Nuclear Battery","Ectoplasm"],"picked":"Cursed Key"},{"not_picked":["Tiny House","Black Star"],"picked":"Calling Bell"}],"items_purged_floors":[5,21],"is_endless":false,"potions_floor_spawned":[1,11,16,19,22,29,30,31],"killed_by":"3 Darklings","ascension_level":20}}