{"host":"1c52r9kaxdyo25eq","time":1610424218,"event":{"mods":["AchievementEnabler","BaseMod","Minty Spire (QoL Compilation)","Rare Cards Sparkle","SuperFastMode","everything is the same but u backflip on backflip"],"gold_per_floor":[117,134,59,59,59,94,94,117,117,117,117,117,131,154,154,253,253,266,93,93,112,112,112,127,150,150,165,165,165],"floor_reached":28,"playtime":407,"items_purged":["Catalyst"],"score":590,"play_id":"3b445e75-4a1c-4349-9e04-16fefa8561a6","local_time":"20210112130338","is_ascension_mode":true,"campfire_choices":[{"data":"Accuracy","floor":7.0,"key":"SMITH"},{"floor":12.0,"key":"REST"},{"floor":15.0,"key":"REST"},{"data":"Prepared","floor":23.0,"key":"SMITH"}],"circlet_count":0,"master_deck":["AscendersBane","Strike_G","Strike_G+1","Strike_G","Strike_G","Strike_G","Defend_G","Defend_G","Defend_G","Defend_G","Survivor","Neutralize","Blade Dance","Accuracy+1","Backstab+1","Phantasmal Killer","Corpse Explosion","Blade Dance","Prepared+1","Eviscerate","Tactician","Reflex"],"relics":["Ring of the Snake","NeowsBlessing","Mummified Hand","Golden Idol","Tingsha","Potion Belt","HornCleat","HoveringKite","Paper Crane"],"acts_visited":["Exordium","TheCity"],"potions_floor_usage":[25],"damage_taken":[{"damage":0.0,"enemies":"Jaw Worm","floor":1.0,"turns":1.0},{"damage":0.0,"enemies":"2 Louse","floor":2.0,"turns":1.0},{"damage":0.0,"enemies":"Lagavulin","floor":6.0,"turns":1.0},{"damage":1.0,"enemies":"Cultist","floor":8.0,"turns":3.0},{"damage":19.0,"enemies":"Exordium Wildlife","floor":13.0,"turns":4.0},{"damage":0.0,"enemies":"Lots of Slimes","floor":14.0,"turns":3.0},{"damage":0.0,"enemies":"Slime Boss","floor":16.0,"turns":5.0},{"damage":0.0,"enemies":"Spheric Guardian","floor":18.0,"turns":3.0},{"damage":13.0,"enemies":"Shell Parasite","floor":21.0,"turns":3.0},{"damage":25.0,"enemies":"Snake Plant","floor":24.0,"turns":3.0},{"damage":4,"enemies":"Centurion and Healer","floor":25,"turns":2},{"damage":0,"enemies":"Sentry and Sphere","floor":27,"turns":3},{"damage":0,"enemies":"Shelled Parasite and Fungi","floor":28,"turns":1}],"seed_played":"7917136641232287449","potions_obtained":[{"floor":6.0,"key":"LiquidBronze"},{"floor":14.0,"key":"Strength Potion"},{"floor":18.0,"key":"Block Potion"},{"floor":24.0,"key":"Poison Potion"}],"is_trial":false,"path_per_floor":["M","M","?","?","?","E","R","M","T","?","T","R","M","M","R","B",null,"M","$","?","M","?","R","M","M","T","M","M"],"character_chosen":"THE_SILENT","items_purchased":["Prepared","Eviscerate"],"campfire_rested":2,"item_purchase_floors":[19,19],"current_hp_per_floor":[59,59,59,33,33,33,33,32,32,14,14,32,13,13,31,31,53,53,53,53,40,40,40,15,11,11,11,11,11],"gold":165,"neow_bonus":"THREE_ENEMY_KILL","is_daily":false,"chose_seed":false,"campfire_upgraded":2,"win_rate":0.0,"timestamp":1610424218,"path_taken":["M","M","?","?","?","E","R","M","T","?","?","R","?","M","R","BOSS","M","$","?","M","?","R","M","M","T","M","M"],"items_purchased_type":["Card","Card"],"build_version":"2020-12-22","purchased_purges":1,"victory":false,"max_hp_per_floor":[66,66,66,66,60,60,60,60,60,60,60,60,60,60,60,60,60,60,60,60,60,60,60,60,60,60,60,60,60],"card_choices":[{"not_picked":["Distraction","All Out Attack"],"picked":"Blade Dance","floor":1.0},{"not_picked":["Skewer","Poisoned Stab"],"picked":"Catalyst","floor":2.0},{"not_picked":["Poisoned Stab","Sucker Punch"],"picked":"Accuracy","floor":6.0},{"not_picked":["Poisoned Stab","PiercingWail"],"picked":"Backstab","floor":8.0},{"not_picked":["Dagger Throw","Poisoned Stab"],"picked":"Phantasmal Killer","floor":13.0},{"not_picked":["Deadly Poison","Quick Slash","Heel Hook"],"picked":"SKIP","floor":14.0},{"not_picked":["Grand Finale","Night Terror"],"picked":"Corpse Explosion","floor":16.0},{"not_picked":["Sucker Punch","Dagger Throw"],"picked":"Blade Dance","floor":18.0},{"not_picked":["Endless Agony+1","Poisoned Stab","Skewer"],"picked":"SKIP","floor":21.0},{"not_picked":["Eviscerate","Outmaneuver"],"picked":"Reflex","floor":24.0},{"not_picked":["Skewer","Backflip","Predator"],"picked":"SKIP","floor":25},{"not_picked":["Riddle With Holes","Deadly Poison","Backstab"],"picked":"SKIP","floor":27}],"player_experience":580161,"relics_obtained":[{"floor":6.0,"key":"Tingsha"},{"floor":9.0,"key":"Potion Belt"},{"floor":11.0,"key":"HornCleat"},{"floor":26,"key":"Paper Crane"}],"event_choices":[{"cards_removed":["Defend_G"],"damage_healed":0.0,"max_hp_gain":0.0,"max_hp_loss":0.0,"gold_gain":0.0,"event_name":"The Cleric","player_choice":"Card Removal","floor":3.0,"gold_loss":75.0,"damage_taken":0.0},{"damage_healed":0.0,"max_hp_gain":0.0,"max_hp_loss":0.0,"gold_gain":0.0,"event_name":"Scrap Ooze","player_choice":"Success","floor":4.0,"gold_loss":0.0,"damage_taken":26.0,"relics_obtained":["Mummified Hand"]},{"damage_healed":0.0,"max_hp_gain":0.0,"max_hp_loss":6.0,"gold_gain":0.0,"event_name":"Golden Idol","player_choice":"Lose Max HP","floor":5.0,"gold_loss":0.0,"damage_taken":0.0,"relics_obtained":["Golden Idol"]},{"damage_healed":0.0,"max_hp_gain":0.0,"max_hp_loss":0.0,"gold_gain":0.0,"event_name":"Shining Light","player_choice":"Entered Light","floor":10.0,"gold_loss":0.0,"damage_taken":18.0,"cards_upgraded":["Strike_G","Backstab"]},{"damage_healed":0.0,"max_hp_gain":0.0,"max_hp_loss":0.0,"gold_gain":0.0,"event_name":"Ghosts","player_choice":"Ignored","floor":20.0,"gold_loss":0.0,"damage_taken":0.0},{"damage_healed":0.0,"max_hp_gain":0.0,"max_hp_loss":0.0,"gold_gain":0.0,"event_name":"The Library","player_choice":"Read","floor":22.0,"gold_loss":0.0,"damage_taken":0.0,"cards_obtained":["Tactician"]}],"is_beta":false,"boss_relics":[{"not_picked":["Black Star","Fusion Hammer"],"picked":"HoveringKite"}],"items_purged_floors":[19],"is_endless":false,"potions_floor_spawned":[6,14,18,24],"killed_by":"Shelled Parasite and Fungi","ascension_level":20}}