{"host":"5icjlaq41ghjcr7h","time":1610445773,"event":{"mods":["AchievementEnabler","BaseMod","Colored Map","Minty Spire (QoL Compilation)","SuperFastMode","everything is the same but u backflip on backflip"],"gold_per_floor":[115,115,131,142,153,153,123,149,149,29,47,47,47],"floor_reached":12,"playtime":335,"items_purged":["Strike_B"],"score":88,"play_id":"08ee005f-6e61-4197-8899-e19dc001c1c4","local_time":"20210112190253","is_ascension_mode":true,"campfire_choices":[{"floor":6,"key":"RECALL"}],"circlet_count":0,"master_deck":["Strike_B","Strike_B","Strike_B","Defend_B","Defend_B","Defend_B","Defend_B","Zap","Dualcast","Go for the Eyes","Streamline","Conserve Battery","Static Discharge","Doom and Gloom","Sunder"],"relics":["Cracked Core","NeowsBlessing","The Courier","Sundial","HornCleat"],"acts_visited":["Exordium"],"potions_floor_usage":[8,12],"damage_taken":[{"damage":0.0,"enemies":"2 Louse","floor":1.0,"turns":1.0},{"damage":0.0,"enemies":"Small Slimes","floor":3.0,"turns":1.0},{"damage":0.0,"enemies":"Cultist","floor":4.0,"turns":1.0},{"damage":10.0,"enemies":"3 Louse","floor":5.0,"turns":3.0},{"damage":26,"enemies":"Lagavulin","floor":8,"turns":8},{"damage":16,"enemies":"Lots of Slimes","floor":11,"turns":3},{"damage":12,"enemies":"Gremlin Nob","floor":12,"turns":3}],"seed_played":"2848990787279060962","potions_obtained":[{"floor":4.0,"key":"AttackPotion"},{"floor":8,"key":"CultistPotion"}],"is_trial":false,"path_per_floor":["M","?","M","M","M","R","?","E","T","$","M","E"],"character_chosen":"DEFECT","items_purchased":["Doom and Gloom"],"campfire_rested":0,"item_purchase_floors":[10],"current_hp_per_floor":[75,63,63,63,53,53,53,27,27,27,11,0,0],"gold":47,"neow_bonus":"THREE_ENEMY_KILL","is_daily":false,"chose_seed":false,"campfire_upgraded":0,"win_rate":0.0,"timestamp":1610445773,"path_taken":["M","?","M","M","M","R","?","E","T","$","M","E"],"items_purchased_type":["Card"],"build_version":"2020-12-22","purchased_purges":1,"victory":false,"max_hp_per_floor":[75,75,75,75,75,75,75,75,75,75,75,75,75],"card_choices":[{"not_picked":["Barrage","Rebound"],"picked":"Go for the Eyes","floor":1.0},{"not_picked":["Hologram","Leap"],"picked":"Streamline","floor":3.0},{"not_picked":["Leap","Fission","Redo"],"picked":"SKIP","floor":4.0},{"not_picked":["Streamline","Stack"],"picked":"Conserve Battery","floor":5.0},{"not_picked":["Leap","Scrape"],"picked":"Static Discharge","floor":8},{"not_picked":["Auto Shields","Multi-Cast"],"picked":"Sunder","floor":11}],"player_experience":115987,"relics_obtained":[{"floor":8,"key":"Sundial"},{"floor":9,"key":"HornCleat"}],"event_choices":[{"damage_healed":0.0,"max_hp_gain":0.0,"max_hp_loss":0.0,"gold_gain":0.0,"event_name":"Scrap Ooze","player_choice":"Success","floor":2.0,"gold_loss":0.0,"damage_taken":12.0,"relics_obtained":["The Courier"]},{"damage_healed":0,"gold_gain":0,"player_choice":"Bought 2 Potions","damage_taken":0,"max_hp_gain":0,"max_hp_loss":0,"event_name":"The Woman in Blue","floor":7,"gold_loss":0}],"is_beta":false,"boss_relics":[],"items_purged_floors":[10],"is_endless":false,"potions_floor_spawned":[4,8],"killed_by":"Gremlin Nob","ascension_level":2}}