{"host":"0nnch38g0slmkwok","time":1610462374,"event":{"mods":["BaseMod","Minty Spire (QoL Compilation)","Replay The Spire","StSLib"],"gold_per_floor":[117,117,136,86,104,129,129,159,159,172,172,247,275,286,286,286,286],"floor_reached":16,"playtime":826,"items_purged":[],"score":156,"play_id":"f98d3582-4dcc-4a98-adb6-62d225e6304a","local_time":"20210112223934","is_ascension_mode":true,"campfire_choices":[{"data":"Armaments","floor":7.0,"key":"SMITH"},{"data":"Bash","floor":11.0,"key":"SMITH"},{"floor":15.0,"key":"REST"}],"circlet_count":0,"master_deck":["Strike_R","Strike_R","Strike_R","Strike_R","Strike_R","Defend_R","Defend_R","Bash+1","Cleave","Armaments+1","Twin Strike","Dropkick","Offering","Clash"],"relics":["Burning Blood","NeowsBlessing","Bag of Marbles","ReplayTheSpireMod:Shallot","PreservedInsect","TungstenRod"],"acts_visited":["Exordium"],"potions_floor_usage":[16],"damage_taken":[{"damage":0.0,"enemies":"Small Slimes","floor":1.0,"turns":1.0},{"damage":0.0,"enemies":"Cultist","floor":3.0,"turns":1.0},{"damage":0.0,"enemies":"Jaw Worm","floor":5.0,"turns":1.0},{"damage":43.0,"enemies":"Lagavulin","floor":6.0,"turns":7.0},{"damage":30.0,"enemies":"3 Sentries","floor":8.0,"turns":7.0},{"damage":0.0,"enemies":"2 Fungi Beasts","floor":10.0,"turns":3.0},{"damage":5.0,"enemies":"Lagavulin","floor":13.0,"turns":3.0},{"damage":5.0,"enemies":"Exordium Wildlife","floor":14.0,"turns":3.0},{"damage":35,"enemies":"Slime Boss","floor":16,"turns":8}],"seed_played":"4243608511993551826","potions_obtained":[{"floor":3.0,"key":"Block Potion"},{"floor":5.0,"key":"SpeedPotion"},{"floor":8.0,"key":"HeartOfIron"},{"floor":10.0,"key":"DuplicationPotion"}],"is_trial":false,"path_per_floor":["M","?","M","?","M","E","R","E","T","M","R","?","E","M","R","B"],"character_chosen":"IRONCLAD","items_purchased":[],"campfire_rested":1,"item_purchase_floors":[],"current_hp_per_floor":[78,78,80,80,80,43,43,19,19,25,25,14,15,16,40,5,5],"gold":286,"neow_bonus":"THREE_ENEMY_KILL","is_daily":false,"chose_seed":false,"campfire_upgraded":2,"win_rate":0.0,"timestamp":1610462374,"path_taken":["M","?","?","?","M","E","R","E","T","M","R","?","E","M","R","BOSS"],"items_purchased_type":[],"build_version":"2020-12-22","purchased_purges":0,"victory":false,"max_hp_per_floor":[80,80,80,80,80,80,80,80,80,80,80,80,80,80,80,80,80],"card_choices":[{"not_picked":["Twin Strike","Pommel Strike"],"picked":"Cleave","floor":1.0},{"not_picked":["Armaments","Cleave","True Grit"],"picked":"SKIP","floor":3.0},{"not_picked":["Cleave","True Grit"],"picked":"Armaments","floor":3.0},{"not_picked":["Pommel Strike","Twin Strike","Clothesline"],"picked":"SKIP","floor":5.0},{"not_picked":["Pommel Strike","Clothesline"],"picked":"Twin Strike","floor":5.0},{"not_picked":["Rupture","Heavy Blade","Run Through"],"picked":"SKIP","floor":6.0},{"not_picked":["Feel No Pain","Cleave"],"picked":"Dropkick","floor":8.0},{"not_picked":["Rupture","ReplayTheSpireMod:Corrosion Curse","Perfected Strike"],"picked":"SKIP","floor":10.0},{"not_picked":["Second Wind","Rampage"],"picked":"Offering","floor":13.0},{"not_picked":["Anger","Carnage"],"picked":"Clash","floor":14.0}],"player_experience":59391,"relics_obtained":[{"floor":6.0,"key":"Bag of Marbles"},{"floor":8.0,"key":"ReplayTheSpireMod:Shallot"},{"floor":9.0,"key":"PreservedInsect"},{"floor":13.0,"key":"TungstenRod"}],"event_choices":[{"cards_removed":["Defend_R"],"damage_healed":0.0,"max_hp_gain":0.0,"max_hp_loss":0.0,"gold_gain":0.0,"event_name":"Bonfire Elementals","player_choice":"Offered Basic","floor":2.0,"gold_loss":0.0,"damage_taken":0.0},{"cards_removed":["Defend_R"],"damage_healed":0.0,"max_hp_gain":0.0,"max_hp_loss":0.0,"gold_gain":0.0,"event_name":"The Cleric","player_choice":"Card Removal","floor":4.0,"gold_loss":50.0,"damage_taken":0.0},{"damage_healed":0.0,"max_hp_gain":0.0,"max_hp_loss":0.0,"gold_gain":75.0,"event_name":"World of Goop","player_choice":"Gather Gold","floor":12.0,"gold_loss":0.0,"damage_taken":11.0}],"is_beta":false,"boss_relics":[],"items_purged_floors":[],"is_endless":false,"potions_floor_spawned":[3,5,8,10],"killed_by":"Slime Boss","ascension_level":6}}