{"host":"1a3cjta80tad0aqj","time":1610465245,"event":{"mods":["2.2 Compatiblity","AchievementEnabler","BaseMod","Colored Map","DeckTracker","KOR Keyword Fix","Keyboard Shortcuts","Minty Spire (QoL Compilation)","Permanent Neow","Quick Restart","Random Character Button","StSLib","SuperFastMode","everything is the same but u backflip on backflip"],"gold_per_floor":[117,117,130,18,18,18,45,58,107,107,124,142,155,169,169,169,169],"floor_reached":16,"playtime":835,"items_purged":["Defend_B"],"score":154,"play_id":"d1ab4683-16b3-4238-9c44-6e2f7c55e90d","local_time":"20210113002725","is_ascension_mode":false,"campfire_choices":[{"data":"Dualcast","floor":6.0,"key":"SMITH"},{"floor":10.0,"key":"REST"},{"data":"Sunder","floor":15,"key":"SMITH"}],"circlet_count":0,"master_deck":["Strike_B","Strike_B","Strike_B","Strike_B","Defend_B","Defend_B","Defend_B","Zap","Dualcast+1","Hologram","Sunder+1","Rebound","Capacitor","Fusion","Skim","Steam","Coolheaded","Reinforced Body"],"relics":["Cracked Core","Lantern","Orichalcum"],"acts_visited":["Exordium"],"potions_floor_usage":[],"damage_taken":[{"damage":6.0,"enemies":"Jaw Worm","floor":1.0,"turns":2.0},{"damage":2.0,"enemies":"Small Slimes","floor":3.0,"turns":3.0},{"damage":32.0,"enemies":"3 Sentries","floor":7.0,"turns":8.0},{"damage":0.0,"enemies":"2 Louse","floor":8.0,"turns":2.0},{"damage":0.0,"enemies":"2 Fungi Beasts","floor":11.0,"turns":2.0},{"damage":5.0,"enemies":"Blue Slaver","floor":12.0,"turns":3.0},{"damage":8.0,"enemies":"Large Slime","floor":13.0,"turns":5.0},{"damage":3,"enemies":"3 Louse","floor":14,"turns":2}],"seed_played":"8010900525862990249","potions_obtained":[{"floor":1.0,"key":"SkillPotion"},{"floor":11.0,"key":"PotionOfCapacity"},{"floor":13.0,"key":"Ancient Potion"}],"is_trial":false,"path_per_floor":["M","$","M","$","?","R","E","M","T","R","M","M","M","M","R","B"],"character_chosen":"DEFECT","items_purchased":["Capacitor"],"campfire_rested":1,"item_purchase_floors":[4],"current_hp_per_floor":[69,69,67,67,67,67,35,35,35,57,57,52,44,41,41,0,0],"gold":169,"neow_bonus":"THREE_CARDS","is_daily":false,"chose_seed":true,"campfire_upgraded":2,"win_rate":0.0,"timestamp":1610465245,"path_taken":["M","$","M","$","?","R","E","M","T","R","M","M","M","M","R","BOSS"],"items_purchased_type":["Card"],"build_version":"2020-12-22","purchased_purges":1,"victory":false,"max_hp_per_floor":[75,75,75,75,75,75,75,75,75,75,75,75,75,75,75,75,75],"card_choices":[{"not_picked":["Leap","Stack"],"picked":"Hologram","floor":0.0},{"not_picked":["Steam Power","Go for the Eyes"],"picked":"Sunder","floor":1.0},{"not_picked":["Compile Driver","Gash"],"picked":"Rebound","floor":3.0},{"not_picked":["Double Energy","BootSequence"],"picked":"Fusion","floor":7.0},{"not_picked":["Redo","Fusion"],"picked":"Skim","floor":8.0},{"not_picked":["Self Repair","Scrape"],"picked":"Steam","floor":11.0},{"not_picked":["Rebound","Steam"],"picked":"Coolheaded","floor":12.0},{"not_picked":["Cold Snap","Sweeping Beam"],"picked":"Reinforced Body","floor":13.0},{"not_picked":["Gash","Reprogram","Compile Driver"],"picked":"SKIP","floor":14}],"player_experience":329539,"relics_obtained":[{"floor":7.0,"key":"Lantern"},{"floor":9.0,"key":"Orichalcum"}],"event_choices":[{"damage_healed":0.0,"max_hp_gain":0.0,"max_hp_loss":0.0,"gold_gain":0.0,"event_name":"Liars Game","player_choice":"Ignored","floor":5.0,"gold_loss":0.0,"damage_taken":0.0}],"is_beta":false,"boss_relics":[],"items_purged_floors":[4],"is_endless":false,"potions_floor_spawned":[1,11,13],"killed_by":"The Guardian","ascension_level":0}}