{"host":"li7nr9q4d53iu1rb","time":1610469413,"event":{"mods":["AchievementEnabler","BaseMod","Colored Map","Colored Powertips","Highlight Path","Minty Spire (QoL Compilation)","Permanent Neow","Quick Restart","Random Character Button","StSLib"],"gold_per_floor":[110,35,49,49,0,32,32,57,108,108,122,132,167,180,180,277,277,291,257,332,342,342,342],"floor_reached":22,"playtime":1238,"items_purged":["Strike_R"],"score":235,"play_id":"c3655794-06e5-489d-85f8-8ddfecc5473c","local_time":"20210112123653","is_ascension_mode":true,"campfire_choices":[{"floor":7,"key":"RECALL"},{"floor":15,"key":"REST"}],"circlet_count":0,"master_deck":["Strike_R+1","Strike_R+1","Strike_R","Defend_R","Defend_R+1","Defend_R+1","Bash","Demon Form","Clash","Dropkick","Flex","Dropkick","Dual Wield","Ghostly Armor","Headbutt","Heavy Blade","Berserk","Dropkick","Intimidate"],"relics":["Burning Blood","Whetstone","Potion Belt","War Paint","Gremlin Horn","Empty Cage"],"acts_visited":["Exordium","TheCity"],"potions_floor_usage":[13,13,21],"damage_taken":[{"damage":4,"enemies":"Jaw Worm","floor":1,"turns":4},{"damage":6,"enemies":"2 Louse","floor":3,"turns":3},{"damage":16,"enemies":"Gremlin Nob","floor":6,"turns":3},{"damage":35,"enemies":"3 Sentries","floor":8,"turns":7},{"damage":0,"enemies":"Cultist","floor":11,"turns":2},{"damage":0,"enemies":"2 Fungi Beasts","floor":12,"turns":3},{"damage":36,"enemies":"Lagavulin","floor":13,"turns":6},{"damage":0,"enemies":"Exordium Wildlife","floor":14,"turns":1},{"damage":29,"enemies":"Slime Boss","floor":16,"turns":7},{"damage":19,"enemies":"Spheric Guardian","floor":18,"turns":4},{"damage":24,"enemies":"3 Byrds","floor":21,"turns":6},{"damage":46,"enemies":"3 Cultists","floor":22,"turns":5}],"seed_played":"-7582623419247428411","potions_obtained":[{"floor":3,"key":"CultistPotion"},{"floor":8,"key":"FearPotion"},{"floor":12,"key":"ColorlessPotion"},{"floor":18,"key":"SkillPotion"}],"is_trial":false,"path_per_floor":["M","$","M","?","$","E","R","E","T","T","M","M","E","M","R","B",null,"M","$","?","M","M"],"character_chosen":"IRONCLAD","items_purchased":["Flex","Dropkick"],"campfire_rested":1,"item_purchase_floors":[5,19],"current_hp_per_floor":[72,72,72,77,77,67,67,38,38,38,44,50,20,26,49,26,77,64,64,57,39,0,0],"gold":342,"neow_bonus":"THREE_RARE_CARDS","is_daily":false,"chose_seed":false,"campfire_upgraded":0,"win_rate":0.0,"timestamp":1610469413,"path_taken":["M","$","M","?","$","E","R","E","T","?","M","M","E","M","R","BOSS","M","$","?","M","?"],"items_purchased_type":["Card","Card"],"build_version":"2020-12-22","purchased_purges":1,"victory":false,"max_hp_per_floor":[72,72,72,77,77,77,77,77,77,77,77,77,77,77,77,77,77,77,77,77,77,77,77],"card_choices":[{"not_picked":["Reaper","Limit Break"],"picked":"Demon Form","floor":0},{"not_picked":["Sword Boomerang","Thunderclap"],"picked":"Clash","floor":1},{"not_picked":["Perfected Strike","Thunderclap"],"picked":"Dropkick","floor":3},{"not_picked":["Hemokinesis","Pommel Strike"],"picked":"Dropkick","floor":6},{"not_picked":["Clash","Blood for Blood"],"picked":"Dual Wield","floor":8},{"not_picked":["Anger","Sentinel"],"picked":"Ghostly Armor","floor":11},{"not_picked":["Warcry","Sword Boomerang"],"picked":"Headbutt","floor":12},{"not_picked":["Sword Boomerang","Thunderclap"],"picked":"Heavy Blade","floor":13},{"not_picked":["Rampage","Combust","Searing Blow"],"picked":"SKIP","floor":14},{"not_picked":["Fiend Fire","Reaper"],"picked":"Berserk","floor":16},{"not_picked":["Searing Blow+1","Bloodletting+1","Havoc+1"],"picked":"SKIP","floor":18},{"not_picked":["Perfected Strike","Rupture+1"],"picked":"Intimidate","floor":21}],"player_experience":238534,"relics_obtained":[{"floor":6,"key":"Whetstone"},{"floor":8,"key":"Potion Belt"},{"floor":9,"key":"War Paint"},{"floor":13,"key":"Gremlin Horn"}],"event_choices":[{"damage_healed":0,"gold_gain":0,"player_choice":"Donut","damage_taken":0,"max_hp_gain":5,"max_hp_loss":0,"event_name":"Big Fish","floor":4,"gold_loss":0},{"damage_healed":0,"gold_gain":75,"player_choice":"Touch","damage_taken":7,"max_hp_gain":0,"max_hp_loss":0,"event_name":"FaceTrader","floor":20,"gold_loss":0}],"is_beta":false,"boss_relics":[{"not_picked":["Ectoplasm","Black Blood"],"picked":"Empty Cage"}],"items_purged_floors":[2],"is_endless":false,"potions_floor_spawned":[3,8,12,18],"killed_by":"3 Cultists","ascension_level":3}}