{"host":"ctlqibkg0sskiu65","time":1610433741,"event":{"mods":["2.2 Compatiblity","AchievementEnabler","Aspiration","BaseMod","BetterRewards","Colored Map","Colored Powertips","Conspire","Downfall","Fiend Mod","Infinite Spire","Minty Spire (QoL Compilation)","Quick Restart","Replay The Spire","Shop Mod","StSLib","The Bladedancer","The Cursed","The Hierophant","The Jungle","The Kombatant","The Poker Player","The Servant 0.9.4","TheBandit"],"gold_per_floor":[112,124,124,124,8,42,42,42,42,68,68,18,18,45,45,141,141,157,175,44,44,44,69,69,103,126,143,155,155,189,215,215,313,313,328,328,328,200,200,200,227,227,227,227,247,261,276,276,276,276,276],"floor_reached":50,"playtime":1800,"items_purged":["Strike_G","Strike_G","Strike_G","Defend_G"],"score":1273,"play_id":"0c030716-1074-43ed-9c3d-8922123c7221","local_time":"20210112004221","is_ascension_mode":true,"campfire_choices":[{"data":"Poison Darts","floor":8,"key":"SMITH"},{"data":"Footwork","floor":11,"key":"SMITH"},{"data":"Deadly Poison","floor":13,"key":"SMITH"},{"data":"Deadly Poison","floor":15,"key":"SMITH"},{"floor":29,"key":"REST"},{"floor":32,"key":"REST"},{"data":"Replay:Bag of Tricks","floor":40,"key":"SMITH"},{"data":"Noxious Fumes","floor":44,"key":"SMITH"},{"floor":49,"key":"REST"}],"circlet_count":0,"master_deck":["AscendersBane","Strike_G","Strike_G","Defend_G","Defend_G","Defend_G","Defend_G","Survivor","Neutralize","Poisoned Stab+1","Deadly Poison+1","Deadly Poison+1","Footwork+1","Deflect+1","Poison Darts+1","expansioncontent:ManipulateTime","ReplayTheSpireMod:Haul","Deadly Poison","Deflect","Replay:Bag of Tricks+1","Noxious Fumes+1","Anger"],"relics":["Ring of the Snake","FossilizedHelix","conspire:Dentures","Smiling Mask","Ninja Scroll","Busted Crown","Torii","infinitespire:Joker Card","conspire:SpecialSausage","Iron Hammer","Toy Ornithopter","HornCleat","Anchor","aspiration:IroncladSkillbook","Gambling Chip","infinitespire:CheckeredPen","Incense Burner"],"acts_visited":["Exordium","TheCity","TheBeyond"],"potions_floor_usage":[16,28,33,33,47,50],"damage_taken":[{"damage":0,"enemies":"Cultist","floor":1,"turns":4},{"damage":0,"enemies":"2 Louse","floor":2,"turns":2},{"damage":17,"enemies":"3 Sentries","floor":6,"turns":12},{"damage":0,"enemies":"Gremlin Nob","floor":14,"turns":4},{"damage":15,"enemies":"Hexaghost","floor":16,"turns":7},{"damage":20,"enemies":"3 Byrds","floor":18,"turns":5},{"damage":0,"enemies":"Spheric Guardian","floor":19,"turns":4},{"damage":12,"enemies":"Gremlin Leader","floor":23,"turns":6},{"damage":9,"enemies":"Book of Stabbing","floor":25,"turns":6},{"damage":0,"enemies":"conspire:HollyBat","floor":27,"turns":7},{"damage":0,"enemies":"Cultist and Chosen","floor":28,"turns":4},{"damage":36,"enemies":"Gremlin Leader","floor":30,"turns":5},{"damage":0,"enemies":"Automaton","floor":33,"turns":6},{"damage":0,"enemies":"3 Shapes","floor":35,"turns":6},{"damage":21,"enemies":"Giant Head","floor":41,"turns":8},{"damage":28,"enemies":"3 Darklings","floor":45,"turns":5},{"damage":0,"enemies":"Transient","floor":46,"turns":5},{"damage":0,"enemies":"4 Shapes","floor":47,"turns":5},{"damage":69,"enemies":"Donu and Deca","floor":50,"turns":9}],"seed_played":"7847572741477181969","potions_obtained":[{"floor":6,"key":"Weak Potion"},{"floor":18,"key":"Death Potion"},{"floor":23,"key":"GamblersBrew"},{"floor":25,"key":"Poison Potion"},{"floor":30,"key":"Reflective Coating"},{"floor":45,"key":"Weak Potion"},{"floor":46,"key":"Dexterity Potion"}],"is_trial":false,"path_per_floor":["M","M","?","?","$","E","?","R","T","T","R","$","R","E","R","B",null,"M","M","$","?","?","E","AVR","E","T","M","M","R","E","T","R","B",null,"M","?","?","$","?","R","E","T","T","R","M","M","M","?","R","B"],"character_chosen":"THE_SILENT","items_purchased":["Poisoned Stab","Footwork","Deflect","expansioncontent:ManipulateTime","Noxious Fumes"],"campfire_rested":3,"item_purchase_floors":[0,5,5,20,38],"current_hp_per_floor":[63,63,63,63,63,46,46,46,46,46,46,46,46,46,46,31,60,40,40,40,40,40,28,28,19,19,19,24,45,9,9,30,40,63,67,67,67,67,66,66,49,49,49,49,25,29,38,38,57,0,0],"gold":276,"neow_bonus":"","is_daily":false,"chose_seed":false,"campfire_upgraded":6,"win_rate":0.0,"timestamp":1610433741,"path_taken":["M","M","?","?","$","E","?","R","T","?","R","?","R","E","R","BOSS","M","?","$","?","?","E","AVR","E","T","M","M","R","E","?","R","BOSS","M","?","?","?","?","R","E","?","T","R","?","?","M","?","R","BOSS"],"items_purchased_type":["Card","Card","Card","Card","Card"],"build_version":"2020-12-22","purchased_purges":4,"victory":false,"max_hp_per_floor":[70,70,70,70,70,70,70,70,70,70,70,70,70,70,70,70,70,70,70,70,70,70,70,70,70,70,70,70,70,70,70,70,70,70,70,70,70,70,66,66,66,66,66,66,66,66,66,66,66,66,66],"card_choices":[{"not_picked":["Hidden Blade","Outmaneuver"],"picked":"Deadly Poison","floor":1},{"not_picked":["Dagger Spray","ReplayTheSpireMod:Scrap Shanks"],"picked":"Deadly Poison","floor":2},{"not_picked":["Poisoned Stab","Deadly Poison"],"picked":"Poison Darts","floor":6},{"not_picked":["Underhanded Strike","Caltrops","Slice"],"picked":"SKIP","floor":14},{"not_picked":["Cloak And Dagger"],"picked":"SKIP","floor":18},{"not_picked":["Dodge and Roll"],"picked":"SKIP","floor":19},{"not_picked":["Quick Slash"],"picked":"SKIP","floor":23},{"not_picked":["Phantasmal Killer"],"picked":"SKIP","floor":25},{"not_picked":[],"picked":"Deadly Poison","floor":27},{"not_picked":["Sucker Punch"],"picked":"SKIP","floor":28},{"not_picked":[],"picked":"Deflect","floor":30},{"not_picked":[],"picked":"Replay:Bag of Tricks","floor":33},{"not_picked":["Dagger Throw","Expertise"],"picked":"SKIP","floor":35},{"not_picked":["Quick Slash","Eviscerate"],"picked":"SKIP","floor":41},{"not_picked":["Bane","Havoc"],"picked":"SKIP","floor":45},{"not_picked":["Shrug It Off"],"picked":"Anger","floor":46},{"not_picked":["Prepared","Heavy Blade"],"picked":"SKIP","floor":47}],"player_experience":199155,"relics_obtained":[{"floor":6,"key":"conspire:Dentures"},{"floor":10,"key":"Smiling Mask"},{"floor":14,"key":"Ninja Scroll"},{"floor":23,"key":"Torii"},{"floor":25,"key":"Iron Hammer"},{"floor":26,"key":"Toy Ornithopter"},{"floor":30,"key":"HornCleat"},{"floor":31,"key":"Anchor"},{"floor":41,"key":"Gambling Chip"},{"floor":42,"key":"infinitespire:CheckeredPen"},{"floor":43,"key":"Incense Burner"}],"event_choices":[{"damage_healed":0,"gold_gain":0,"player_choice":"Grow","damage_taken":0,"max_hp_gain":0,"max_hp_loss":0,"event_name":"Living Wall","floor":3,"gold_loss":0,"cards_upgraded":["Poisoned Stab"]},{"damage_healed":0,"gold_gain":0,"player_choice":"Ignored","damage_taken":0,"max_hp_gain":0,"max_hp_loss":0,"event_name":"Liars Game","floor":4,"gold_loss":0},{"damage_healed":0,"gold_gain":0,"player_choice":"Ignored","damage_taken":0,"max_hp_gain":0,"max_hp_loss":0,"event_name":"Vampires","floor":21,"gold_loss":0},{"damage_healed":0,"gold_gain":0,"player_choice":"Ignored","damage_taken":0,"max_hp_gain":0,"max_hp_loss":0,"event_name":"Ghosts","floor":22,"gold_loss":0},{"damage_healed":0,"gold_gain":0,"player_choice":"Max HP","damage_taken":0,"max_hp_gain":0,"max_hp_loss":4,"event_name":"Winding Halls","floor":39,"gold_loss":0}],"is_beta":false,"boss_relics":[{"not_picked":["aspiration:WatcherSkillbook","Black Star"],"picked":"Busted Crown"},{"not_picked":["WristBlade","Sozu"],"picked":"aspiration:IroncladSkillbook"}],"items_purged_floors":[0,12,20,38],"is_endless":false,"potions_floor_spawned":[6,18,23,25,30,45,46],"killed_by":"Donu and Deca","ascension_level":12}}