{"host":"ocllwaoi18j60ltd","time":1610459741,"event":{"mods":["BaseMod","DeckTracker","Minty Spire (QoL Compilation)","Permanent Neow","Quick Restart","StSLib","SuperFastMode"],"gold_per_floor":[113,133,152,152,165,165,207,132,155,155,80,80,33,86,86,86,86],"floor_reached":16,"playtime":270,"items_purged":["Strike_G"],"score":216,"play_id":"1137d26d-6f2e-4c2d-803b-81cb5b64fcb3","local_time":"20210112225541","is_ascension_mode":true,"campfire_choices":[{"data":"Eviscerate","floor":6.0,"key":"SMITH"},{"data":"Crippling Poison","floor":10,"key":"SMITH"},{"data":"Neutralize","floor":12,"key":"SMITH"},{"data":"Blur","floor":15,"key":"SMITH"}],"circlet_count":0,"master_deck":["AscendersBane","Strike_G","Strike_G","Strike_G","Defend_G","Defend_G","Defend_G","Defend_G","Defend_G","Survivor","Neutralize+1","Glass Knife","Eviscerate+1","Setup","Well Laid Plans","Crippling Poison+1","Flying Knee","PiercingWail","Blur+1"],"relics":["Ring of the Snake","Golden Idol","CeramicFish","Omamori","Ancient Tea Set"],"acts_visited":["Exordium"],"potions_floor_usage":[7,7,7,14,16],"damage_taken":[{"damage":0.0,"enemies":"Cultist","floor":1.0,"turns":3.0},{"damage":0.0,"enemies":"2 Louse","floor":2.0,"turns":2.0},{"damage":0.0,"enemies":"Jaw Worm","floor":3.0,"turns":4.0},{"damage":14.0,"enemies":"3 Louse","floor":5.0,"turns":4.0},{"damage":3,"enemies":"Gremlin Nob","floor":7,"turns":4},{"damage":10,"enemies":"Lagavulin","floor":14,"turns":5},{"damage":34,"enemies":"Slime Boss","floor":16,"turns":8}],"seed_played":"-1582033994663815633","potions_obtained":[{"floor":1.0,"key":"EntropicBrew"},{"floor":5.0,"key":"Strength Potion"},{"floor":7,"key":"SneckoOil"}],"is_trial":false,"path_per_floor":["M","M","M","?","M","R","E","?","T","R","$","R","$","E","R","B"],"character_chosen":"THE_SILENT","items_purchased":["PiercingWail"],"campfire_rested":0,"item_purchase_floors":[13],"current_hp_per_floor":[59,59,59,59,45,45,42,42,42,42,42,42,42,32,32,0,0],"gold":86,"neow_bonus":"ONE_RANDOM_RARE_CARD","is_daily":false,"chose_seed":false,"campfire_upgraded":4,"win_rate":0.0,"timestamp":1610459741,"path_taken":["M","M","M","?","M","R","E","?","T","R","$","R","$","E","R","BOSS"],"items_purchased_type":["Card"],"build_version":"2020-12-22","purchased_purges":1,"victory":false,"max_hp_per_floor":[66,66,66,60,60,60,60,60,60,60,60,60,60,60,60,60,60],"card_choices":[{"not_picked":["Dash","Deadly Poison"],"picked":"Eviscerate","floor":1.0},{"not_picked":["Poisoned Stab","Eviscerate"],"picked":"Setup","floor":2.0},{"not_picked":["Slice","PiercingWail"],"picked":"Well Laid Plans","floor":3.0},{"not_picked":["Leg Sweep","Outmaneuver"],"picked":"Crippling Poison","floor":5.0},{"not_picked":["Blade Dance","Cloak And Dagger"],"picked":"Flying Knee","floor":7},{"not_picked":["Tactician","Choke"],"picked":"Blur","floor":14}],"player_experience":838738,"relics_obtained":[{"floor":7,"key":"CeramicFish"},{"floor":9,"key":"Omamori"},{"floor":14,"key":"Ancient Tea Set"}],"event_choices":[{"damage_healed":0.0,"max_hp_gain":0.0,"max_hp_loss":6.0,"gold_gain":0.0,"event_name":"Golden Idol","player_choice":"Lose Max HP","floor":4.0,"gold_loss":0.0,"damage_taken":0.0,"relics_obtained":["Golden Idol"]},{"cards_removed":["Strike_G"],"damage_healed":0,"gold_gain":0,"player_choice":"Card Removal","damage_taken":0,"max_hp_gain":0,"max_hp_loss":0,"event_name":"The Cleric","floor":8,"gold_loss":75}],"is_beta":false,"boss_relics":[],"items_purged_floors":[11],"is_endless":false,"potions_floor_spawned":[1,5,7],"killed_by":"Slime Boss","ascension_level":20}}