{"host":"61r95uy0hn86b9iu","time":1610424988,"event":{"mods":["AchievementEnabler","BaseMod","Better Vampires","BetterRewards","Colored Powertips","Hubris","Minty Spire (QoL Compilation)","Shop Mod","StSLib"],"gold_per_floor":[60,60,80,95,109,141,141,159,182,194,206,206,53,66,66,169,169,185,17,27,27,27,27,53,65,65,97,97,35,35,48,48,147,147,162,172,190,240,140,140,174,189,189,219,219,239,239,239,239,239,239,239,35,66,66],"floor_reached":56,"playtime":3985,"items_purged":["Strike_B","Strike_B","Shame"],"score":2328,"play_id":"7f751564-6f4e-454a-beb9-80bdd4e9594f","local_time":"20210111221628","is_ascension_mode":true,"campfire_choices":[{"data":"Consume","floor":7.0,"key":"SMITH"},{"data":"Defragment","floor":12.0,"key":"SMITH"},{"floor":15.0,"key":"REST"},{"data":"Fission","floor":23.0,"key":"SMITH"},{"data":"Seek","floor":28.0,"key":"SMITH"},{"data":"Zap","floor":30.0,"key":"SMITH"},{"data":"Doom and Gloom","floor":32.0,"key":"SMITH"},{"data":"Electrodynamics","floor":40.0,"key":"SMITH"},{"floor":45.0,"key":"RECALL"},{"data":"White Noise","floor":49.0,"key":"SMITH"},{"data":"Blind","floor":52.0,"key":"SMITH"}],"circlet_count":0,"master_deck":["AscendersBane","Strike_B","Strike_B","Defend_B","Defend_B","Defend_B","Defend_B","Zap+1","Dualcast","Apotheosis+1","Self Repair","Multi-Cast","Blind+1","Defragment+1","Glacier","Consume+1","Leap","Fission+1","Core Surge","Coolheaded","Seek+1","Doom and Gloom+1","Sweeping Beam","Core Surge","Coolheaded+1","Electrodynamics+1","Conserve Battery","Hyperbeam","White Noise+1","Rainbow"],"relics":["Cracked Core","Happy Flower","Symbiotic Virus","Runic Capacitor","Pantograph","FossilizedHelix","MerchantsRug","Blue Candle","hubris:Potato","Frozen Eye","hubris:BundleOfHerbs","Lantern","hubris:GlazedTorus","Blood Vial","hubris:RunicObelisk","hubris:Zylophone","Art of War","hubris:Towel","hubris:BallOfYels","Ginger"],"acts_visited":["Exordium","TheCity","TheBeyond","TheEnding"],"potions_floor_usage":[55,55],"damage_taken":[{"damage":0.0,"enemies":"Jaw Worm","floor":1.0,"turns":3.0},{"damage":0.0,"enemies":"Cultist","floor":3.0,"turns":3.0},{"damage":0.0,"enemies":"2 Louse","floor":4.0,"turns":2.0},{"damage":0.0,"enemies":"Blue Slaver","floor":5.0,"turns":3.0},{"damage":10.0,"enemies":"Gremlin Nob","floor":6.0,"turns":4.0},{"damage":0.0,"enemies":"Gremlin Gang","floor":8.0,"turns":6.0},{"damage":0.0,"enemies":"2 Fungi Beasts","floor":10.0,"turns":3.0},{"damage":0.0,"enemies":"Exordium Thugs","floor":11.0,"turns":3.0},{"damage":46.0,"enemies":"Gremlin Gang","floor":14.0,"turns":4.0},{"damage":32.0,"enemies":"Hexaghost","floor":16.0,"turns":15.0},{"damage":0.0,"enemies":"Chosen","floor":18.0,"turns":6.0},{"damage":0.0,"enemies":"Shell Parasite","floor":20.0,"turns":4.0},{"damage":23.0,"enemies":"Gremlin Leader","floor":24.0,"turns":13.0},{"damage":18.0,"enemies":"Snake Plant","floor":25.0,"turns":5.0},{"damage":0.0,"enemies":"Slavers","floor":27.0,"turns":7.0},{"damage":7.0,"enemies":"Chosen and Byrds","floor":31.0,"turns":8.0},{"damage":0.0,"enemies":"Collector","floor":33.0,"turns":14.0},{"damage":6.0,"enemies":"3 Shapes","floor":35.0,"turns":3.0},{"damage":40.0,"enemies":"3 Darklings","floor":36.0,"turns":5.0},{"damage":18.0,"enemies":"Maw","floor":37.0,"turns":8.0},{"damage":21.0,"enemies":"Mind Bloom Boss Battle","floor":38.0,"turns":8.0},{"damage":5.0,"enemies":"Nemesis","floor":41.0,"turns":3.0},{"damage":0.0,"enemies":"4 Shapes","floor":42.0,"turns":2.0},{"damage":0.0,"enemies":"Reptomancer","floor":44.0,"turns":5.0},{"damage":25.0,"enemies":"Spire Growth","floor":46.0,"turns":5.0},{"damage":32.0,"enemies":"Time Eater","floor":50.0,"turns":9.0},{"damage":44.0,"enemies":"Shield and Spear","floor":54.0,"turns":5.0},{"damage":48,"enemies":"The Heart","floor":55,"turns":11}],"seed_played":"3646425782669796724","potions_obtained":[{"floor":4.0,"key":"Fire Potion"},{"floor":8.0,"key":"Dexterity Potion"},{"floor":11.0,"key":"Strength Potion"},{"floor":24.0,"key":"DuplicationPotion"},{"floor":25.0,"key":"Energy Potion"},{"floor":27.0,"key":"Energy Potion"},{"floor":33.0,"key":"Fire Potion"},{"floor":35.0,"key":"Dexterity Potion"},{"floor":36.0,"key":"FairyPotion"},{"floor":38.0,"key":"FocusPotion"},{"floor":41.0,"key":"Dexterity Potion"},{"floor":54.0,"key":"Ancient Potion"}],"is_trial":false,"path_per_floor":["M","?","M","M","M","E","R","M","T","M","M","R","$","M","R","B",null,"M","$","M","$","?","R","E","M","T","E","R","$","R","M","R","B",null,"M","M","M","?","$","R","E","M","T","E","R","M","?","?","R","B",null,"R","$","E","B",null],"character_chosen":"DEFECT","items_purchased":["Happy Flower","Symbiotic Virus","Apotheosis","Fruit Juice","Runic Capacitor","Pantograph","FossilizedHelix","MerchantsRug","Self Repair","Blind","Fission","Frozen Eye","Potion Belt","Doom and Gloom","hubris:BallOfYels"],"campfire_rested":1,"item_purchase_floors":[0,0,0,0,0,0,0,0,0,0,13,19,19,29,53],"current_hp_per_floor":[36,36,46,56,66,63,63,73,73,80,80,80,80,34,58,55,74,80,80,80,80,80,80,67,56,56,72,72,72,72,74,74,80,80,80,50,80,69,69,69,66,71,71,87,87,72,72,72,72,65,82,82,82,50,29],"gold":66,"neow_bonus":"","is_daily":false,"chose_seed":false,"campfire_upgraded":9,"win_rate":0.0,"timestamp":1610424988,"path_taken":["M","?","M","?","M","E","R","M","T","M","M","R","$","M","R","BOSS","M","$","M","$","?","R","E","M","T","E","R","$","R","M","R","BOSS","M","M","M","?","$","R","E","M","T","E","R","M","?","?","R","BOSS","R","$","E","BOSS"],"items_purchased_type":["Relic","Relic","Card","Potion","Relic","Relic","Relic","Relic","Card","Card","Card","Relic","Relic","Card","Relic"],"build_version":"2020-12-22","purchased_purges":3,"victory":true,"max_hp_per_floor":[80,80,80,80,80,80,80,80,80,80,80,80,80,80,80,80,80,80,80,80,80,80,80,80,80,80,80,80,80,80,80,80,80,80,80,80,80,80,80,80,80,80,80,87,87,87,87,87,87,87,87,87,87,87,87],"card_choices":[{"not_picked":["Stack","Reprogram"],"picked":"Defragment","floor":1.0},{"not_picked":["Rebound","Beam Cell","Go for the Eyes"],"picked":"SKIP","floor":3.0},{"not_picked":["Cold Snap","Reboot"],"picked":"Glacier","floor":4.0},{"not_picked":["Redo","Chaos","Hello World"],"picked":"SKIP","floor":5.0},{"not_picked":["Conserve Battery","Coolheaded"],"picked":"Consume","floor":6.0},{"not_picked":["Hello World","Turbo","Consume"],"picked":"SKIP","floor":8.0},{"not_picked":["Barrage","Sweeping Beam","Tempest"],"picked":"SKIP","floor":10.0},{"not_picked":["Barrage","Hologram"],"picked":"Leap","floor":11.0},{"not_picked":["Sunder","FTL","Stack"],"picked":"SKIP","floor":14.0},{"not_picked":["All For One","Biased Cognition"],"picked":"Core Surge","floor":16.0},{"not_picked":["Loop","Streamline","Redo"],"picked":"SKIP","floor":18.0},{"not_picked":["Reprogram","Leap"],"picked":"Coolheaded","floor":20.0},{"not_picked":["Compile Driver","Cold Snap","Aggregate"],"picked":"SKIP","floor":24.0},{"not_picked":["Steam Power","Barrage","Stack"],"picked":"SKIP","floor":25.0},{"not_picked":["Redo","Beam Cell"],"picked":"Seek","floor":27.0},{"not_picked":["Recycle","Conserve Battery"],"picked":"Sweeping Beam","floor":31.0},{"not_picked":["Hyperbeam","Reboot"],"picked":"Core Surge","floor":33.0},{"not_picked":["Gash","Scrape","Stack"],"picked":"SKIP","floor":35.0},{"not_picked":["Heatsinks+1","Ball Lightning","Turbo+1"],"picked":"SKIP","floor":36.0},{"not_picked":["Hologram","Blizzard"],"picked":"Coolheaded+1","floor":37.0},{"not_picked":["Stack","Barrage"],"picked":"Electrodynamics","floor":38.0},{"not_picked":["Double Energy","Beam Cell+1"],"picked":"Conserve Battery","floor":41.0},{"not_picked":["Stack","Undo"],"picked":"Hyperbeam","floor":42.0},{"not_picked":["Hologram","Ball Lightning","Streamline"],"picked":"SKIP","floor":44.0},{"not_picked":["Scrape","Glacier"],"picked":"White Noise","floor":46.0},{"not_picked":["Turbo","White Noise"],"picked":"Rainbow","floor":54.0}],"player_experience":3276670,"relics_obtained":[{"floor":6.0,"key":"Blue Candle"},{"floor":24.0,"key":"Lantern"},{"floor":26.0,"key":"hubris:GlazedTorus"},{"floor":27.0,"key":"Blood Vial"},{"floor":38.0,"key":"hubris:Zylophone"},{"floor":41.0,"key":"Art of War"},{"floor":43.0,"key":"hubris:TenFootPole"},{"floor":44.0,"key":"Strawberry"},{"floor":54.0,"key":"Ginger"}],"event_choices":[{"damage_healed":0.0,"max_hp_gain":0.0,"max_hp_loss":0.0,"gold_gain":0.0,"event_name":"Accursed Blacksmith","player_choice":"Forge","floor":2.0,"gold_loss":0.0,"damage_taken":0.0,"cards_upgraded":["Apotheosis"]},{"damage_healed":0.0,"max_hp_gain":0.0,"max_hp_loss":0.0,"gold_gain":0.0,"event_name":"Addict","player_choice":"Stole Relic","floor":22.0,"gold_loss":0.0,"damage_taken":0.0,"relics_obtained":["hubris:BundleOfHerbs"],"cards_obtained":["Shame"]},{"damage_healed":0.0,"max_hp_gain":0.0,"max_hp_loss":0.0,"gold_gain":0.0,"event_name":"MindBloom","player_choice":"Fight","floor":38.0,"gold_loss":0.0,"damage_taken":0.0},{"damage_healed":0.0,"max_hp_gain":0.0,"max_hp_loss":0.0,"gold_gain":0.0,"event_name":"Tomb of Lord Red Mask","player_choice":"Ignored","floor":48.0,"gold_loss":0.0,"damage_taken":0.0}],"is_beta":false,"boss_relics":[{"not_picked":["hubris:VirtuousBlindfold","hubris:BlackHole"],"picked":"hubris:Backtick"},{"not_picked":["Philosopher\u0027s Stone","hubris:ScarierMask"],"picked":"hubris:RunicObelisk"}],"items_purged_floors":[0,39,53],"is_endless":false,"potions_floor_spawned":[4,8,11,14,24,25,27,33,35,36,38,41,42,54],"ascension_level":12}}