{"host":"3x36qx7z3zqcvkt0","time":1610462827,"event":{"mods":["Act Like it!","Arknights The Spire","BaseMod","Colored Map","Colored Powertips","Downfall","Friendly Minions","Gensokyo","Koishi","LagranYue(拉格朗・月)","Marisa（F雨　魔理沙）","Minty Spire (QoL Compilation)","Prisma Mod","Replay The Spire","Shop Mod","StSLib","The Cursed","The Servant 0.9.4","Yuyuko","【功能Mod】聪明的最终Boss"],"gold_per_floor":[111,111,286,26,26,51,68,98,98,109,109,109,120,133,133,133,133],"floor_reached":16,"playtime":4474,"items_purged":[],"score":135,"play_id":"ff1a384c-610e-4440-b814-dc1ec08f7395","local_time":"20210112224707","is_ascension_mode":false,"campfire_choices":[{"floor":15,"key":"REST"}],"circlet_count":0,"master_deck":["ats:Strike C","ats:Strike G","ats:Strike S","ats:Strike V","ats:Armor Crushing Shot","ats:Defend","ats:Defend","ats:Defend","ats:Defend","ats:Emotion Absorption","ats:Curse Doll","Doubt","ats:Shell Defense","ats:Leaping Hammer+1","ats:Ambush+1","ats:Poison Spread+1","ats:Song Of Battle+1","ats:Shadow Raid"],"relics":["ats:Sanity","LagranYue:RandomDrawCardRelic","NeowsBlessing","Molten Egg 2","Frozen Egg 2","ats:Originium","Regal Pillow","Ornamental Fan","Bottled Tornado"],"acts_visited":["Exordium"],"potions_floor_usage":[16,16],"damage_taken":[{"damage":0,"enemies":"2 Louse","floor":1,"turns":1},{"damage":0,"enemies":"Gremlin Nob","floor":6,"turns":1},{"damage":0,"enemies":"Jaw Worm","floor":7,"turns":1},{"damage":36,"enemies":"Lagavulin","floor":8,"turns":8},{"damage":0,"enemies":"Cultist","floor":10,"turns":5},{"damage":9,"enemies":"Blue Slaver","floor":13,"turns":4},{"damage":12,"enemies":"Large Slime","floor":14,"turns":7},{"damage":81,"enemies":"Hexaghost","floor":16,"turns":16}],"seed_played":"-4265544847576195810","potions_obtained":[{"floor":6,"key":"SkillPotion"},{"floor":14,"key":"Adrenaline Potion"}],"is_trial":false,"path_per_floor":["M","?","?","$","?","E","M","E","T","M","?","T","M","M","R","B"],"character_chosen":"DOCTOR_CLASS","items_purchased":["Frozen Egg 2"],"campfire_rested":1,"item_purchase_floors":[4],"current_hp_per_floor":[72,72,72,72,72,72,72,40,40,45,45,45,38,31,67,0,0],"gold":133,"neow_bonus":"THREE_ENEMY_KILL","is_daily":false,"chose_seed":false,"campfire_upgraded":0,"win_rate":0.0,"timestamp":1610462827,"path_taken":["M","?","?","$","?","E","M","E","T","?","?","?","M","M","R","BOSS"],"items_purchased_type":["Relic"],"build_version":"2020-12-22","purchased_purges":0,"victory":false,"max_hp_per_floor":[72,72,72,72,72,72,72,72,72,72,72,72,72,72,72,72,72],"card_choices":[{"not_picked":["ats:Revitalization","ats:Assault Order"],"picked":"ats:Curse Doll","floor":1},{"not_picked":["ats:Flame Of Heaven","ats:Assault Order"],"picked":"ats:Shell Defense","floor":6},{"not_picked":["ats:LN2 Cannon+1","ats:Powerful Strike+1"],"picked":"ats:Leaping Hammer+1","floor":7},{"not_picked":["ats:Shell Defense","ats:Poison Spread+1"],"picked":"ats:Ambush+1","floor":8},{"not_picked":["ats:Childhood Dance","ats:Shell Defense"],"picked":"ats:Poison Spread+1","floor":10},{"not_picked":["ats:Consecutive Shot Auto+1","ats:Leaping Hammer+1"],"picked":"ats:Song Of Battle+1","floor":13},{"not_picked":["ats:Shell Defense","ats:Revitalization"],"picked":"ats:Shadow Raid","floor":14}],"player_experience":243880,"relics_obtained":[{"floor":6,"key":"ats:Originium"},{"floor":6,"key":"Regal Pillow"},{"floor":8,"key":"ats:Originium"},{"floor":8,"key":"Ornamental Fan"},{"floor":12,"key":"Bottled Tornado"}],"event_choices":[{"damage_healed":0,"gold_gain":0,"player_choice":"Box","damage_taken":0,"relics_obtained":["Molten Egg 2"],"max_hp_gain":0,"max_hp_loss":0,"event_name":"Big Fish","floor":2,"gold_loss":0,"cards_obtained":["Regret"]},{"damage_healed":0,"gold_gain":175,"player_choice":"AGREE","damage_taken":0,"max_hp_gain":0,"max_hp_loss":0,"event_name":"Liars Game","floor":3,"gold_loss":0,"cards_obtained":["Doubt"]},{"cards_removed":["Regret"],"damage_healed":0,"gold_gain":0,"player_choice":"Card Removal","damage_taken":0,"max_hp_gain":0,"max_hp_loss":0,"event_name":"Wheel of Change","floor":5,"gold_loss":0}],"is_beta":false,"boss_relics":[],"items_purged_floors":[],"is_endless":false,"potions_floor_spawned":[6,14],"killed_by":"Hexaghost","ascension_level":0}}