{"host":"vm3f1ccwgbs4oygt","time":1610435209,"event":{"mods":["BaseMod","BetterRewards","Colored Powertips","Energized Spire","Minty Spire (QoL Compilation)","Permanent Neow","Shop Mod","StSLib"],"gold_per_floor":[209,209,209,169,187,214,214,225,225,225,242,255,271,271,271,399,399,413,413,413,118,141,176,176,200,226,226,241,259,274,58,58,181,131,151,169,232,293,35,68,68,68,93,93,106,38,38,58,58,58,58],"floor_reached":50,"playtime":6968,"items_purged":[],"score":517,"play_id":"50e49e2d-cf91-46b0-be1a-769b2554bc55","local_time":"20210112080649","is_ascension_mode":false,"campfire_choices":[{"data":"Choke","floor":7.0,"key":"SMITH"},{"data":"Infinite Blades","floor":10.0,"key":"SMITH"},{"data":"Cloak And Dagger","floor":15.0,"key":"SMITH"},{"floor":24.0,"key":"REST"},{"data":"After Image","floor":27.0,"key":"SMITH"},{"floor":32.0,"key":"REST"},{"floor":41,"key":"REST"},{"floor":44,"key":"REST"},{"floor":49,"key":"REST"}],"circlet_count":0,"master_deck":["Strike_G","Strike_G","Strike_G","Strike_G","Strike_G","Defend_G","Defend_G","Defend_G","Defend_G","Defend_G","Survivor","Neutralize","Underhanded Strike","Choke+1","Infinite Blades+1","Slice","Cloak And Dagger+1","Deflect","Prepared","Injury","After Image+1","Noxious Fumes","Outmaneuver","Flying Knee","Backstab","Backstab+1","Infinite Blades","Quick Slash","Quick Slash+1","Infinite Blades","Burst","Strike_G","Dash","Leg Sweep+1","Skewer+1","Slice","Deflect","Bouncing Flask","Night Terror","Terror","Deadly Poison"],"relics":["Ring of the Snake","Ninja Scroll","Lantern","Golden Idol","Sozu","Kunai","Mummified Hand","Blood Vial","Juzu Bracelet","PreservedInsect","energizedSpire:HugeHouse","Shovel","Ice Cream","Pantograph","Bottled Tornado","Strawberry"],"acts_visited":["Exordium","TheCity","TheBeyond"],"potions_floor_usage":[],"damage_taken":[{"damage":0.0,"enemies":"2 Louse","floor":1.0,"turns":4.0},{"damage":0.0,"enemies":"Cultist","floor":5.0,"turns":3.0},{"damage":5.0,"enemies":"3 Sentries","floor":6.0,"turns":10.0},{"damage":0.0,"enemies":"Jaw Worm","floor":8.0,"turns":2.0},{"damage":2.0,"enemies":"Exordium Wildlife","floor":11.0,"turns":3.0},{"damage":0.0,"enemies":"Red Slaver","floor":12.0,"turns":2.0},{"damage":0.0,"enemies":"2 Fungi Beasts","floor":13.0,"turns":2.0},{"damage":38.0,"enemies":"The Guardian","floor":16.0,"turns":11.0},{"damage":0.0,"enemies":"3 Byrds","floor":18.0,"turns":4.0},{"damage":8.0,"enemies":"Shell Parasite","floor":22.0,"turns":4.0},{"damage":23.0,"enemies":"Gremlin Leader","floor":23.0,"turns":5.0},{"damage":0.0,"enemies":"Snecko","floor":25.0,"turns":2.0},{"damage":25.0,"enemies":"Cultist and Chosen","floor":28.0,"turns":6.0},{"damage":0.0,"enemies":"Centurion and Healer","floor":29.0,"turns":7.0},{"damage":0.0,"enemies":"Snecko","floor":30.0,"turns":4.0},{"damage":43.0,"enemies":"Automaton","floor":33.0,"turns":8.0},{"damage":0,"enemies":"3 Shapes","floor":35,"turns":4},{"damage":12,"enemies":"3 Darklings","floor":36,"turns":4},{"damage":0,"enemies":"Mind Bloom Boss Battle","floor":37,"turns":8},{"damage":21,"enemies":"2 Orb Walkers","floor":38,"turns":5},{"damage":21,"enemies":"Giant Head","floor":40,"turns":8},{"damage":14,"enemies":"Writhing Mass","floor":45,"turns":5},{"damage":3,"enemies":"Transient","floor":48,"turns":5},{"damage":73,"enemies":"Time Eater","floor":50,"turns":9}],"seed_played":"-5634427548635276503","potions_obtained":[{"floor":4.0,"key":"Strength Potion"},{"floor":4.0,"key":"GhostInAJar"},{"floor":4.0,"key":"CunningPotion"},{"floor":5.0,"key":"Block Potion"},{"floor":8.0,"key":"EssenceOfSteel"},{"floor":11.0,"key":"Dexterity Potion"},{"floor":16.0,"key":"CultistPotion"}],"is_trial":false,"path_per_floor":["M","?","?","?","M","E","R","M","T","R","M","M","M","?","R","B",null,"M","?","?","$","M","E","R","M","T","R","M","M","M","$","R","B",null,"M","M","?","?","$","E","R","$","T","R","M","$","?","M","R","B"],"character_chosen":"THE_SILENT","items_purchased":["Mummified Hand","Flying Knee","PreservedInsect","Infinite Blades","Pantograph","Terror"],"campfire_rested":5,"item_purchase_floors":[21,21,31,31,39,46],"current_hp_per_floor":[70,70,70,70,70,65,65,65,65,65,63,63,63,63,63,25,70,70,70,70,70,62,39,60,62,62,62,39,41,43,43,64,23,65,65,53,55,36,36,17,36,36,43,64,52,52,52,51,72,0,0],"gold":58,"neow_bonus":"HUNDRED_GOLD","is_daily":false,"chose_seed":false,"campfire_upgraded":4,"win_rate":0.0,"timestamp":1610435209,"path_taken":["M","?","?","?","M","E","R","?","T","R","M","M","M","?","R","BOSS","M","?","?","$","M","E","R","?","T","R","M","M","M","$","R","BOSS","M","M","?","?","$","E","R","?","T","R","M","$","?","M","R","BOSS"],"items_purchased_type":["Relic","Card","Relic","Card","Relic","Card"],"build_version":"2020-12-22","purchased_purges":0,"victory":false,"max_hp_per_floor":[70,70,70,70,70,70,70,70,70,70,70,70,70,70,70,70,70,70,70,70,70,70,70,70,70,70,70,70,70,70,70,70,70,65,65,65,65,65,65,65,65,65,72,72,72,72,72,72,72,72,72],"card_choices":[{"not_picked":["Slice","Flechettes"],"picked":"Underhanded Strike","floor":1.0},{"not_picked":["Blade Dance","Distraction"],"picked":"Choke","floor":5.0},{"not_picked":["Underhanded Strike","Predator"],"picked":"Infinite Blades","floor":6.0},{"not_picked":["Sucker Punch","Masterful Stab"],"picked":"Slice","floor":8.0},{"not_picked":["Dagger Spray","Reflex"],"picked":"Cloak And Dagger","floor":11.0},{"not_picked":["Poisoned Stab","PiercingWail"],"picked":"Deflect","floor":12.0},{"not_picked":["Underhanded Strike","Expertise"],"picked":"Prepared","floor":13.0},{"not_picked":["Wraith Form v2","Malaise"],"picked":"After Image","floor":16.0},{"not_picked":["Bane","Flechettes"],"picked":"Noxious Fumes","floor":18.0},{"not_picked":["Quick Slash+1","Leg Sweep"],"picked":"Backstab","floor":22.0},{"not_picked":["Prepared","Dagger Throw"],"picked":"Backstab+1","floor":23.0},{"not_picked":["Crippling Poison","Blade Dance"],"picked":"Infinite Blades","floor":25.0},{"not_picked":["Flying Knee","Footwork"],"picked":"Crippling Poison+1","floor":28.0},{"not_picked":["Prepared+1","Deadly Poison"],"picked":"Quick Slash","floor":29.0},{"not_picked":["Tactician","Deflect"],"picked":"Quick Slash+1","floor":30.0},{"not_picked":["Die Die Die","Malaise"],"picked":"Burst","floor":33.0},{"not_picked":["Outmaneuver","Quick Slash"],"picked":"Leg Sweep+1","floor":35},{"not_picked":["Poisoned Stab+1","Deflect+1"],"picked":"Skewer+1","floor":36},{"not_picked":["Glass Knife","Dodge and Roll+1"],"picked":"Slice","floor":37},{"not_picked":["Cloak And Dagger","Acrobatics"],"picked":"Deflect","floor":38},{"not_picked":["Bane+1","Masterful Stab"],"picked":"Bouncing Flask","floor":40},{"not_picked":["Dagger Throw+1","Crippling Poison"],"picked":"Night Terror","floor":45},{"not_picked":["Dagger Spray","Bane"],"picked":"Deadly Poison","floor":48}],"player_experience":304185,"relics_obtained":[{"floor":6.0,"key":"Ninja Scroll"},{"floor":9.0,"key":"Lantern"},{"floor":20.0,"key":"Kunai"},{"floor":23.0,"key":"Blood Vial"},{"floor":26.0,"key":"Juzu Bracelet"},{"floor":37,"key":"Shovel"},{"floor":38,"key":"Ice Cream"},{"floor":40,"key":"Bottled Tornado"},{"floor":43,"key":"Strawberry"}],"event_choices":[{"damage_healed":0.0,"max_hp_gain":0.0,"max_hp_loss":0.0,"gold_gain":0.0,"event_name":"Liars Game","player_choice":"Ignored","floor":2.0,"gold_loss":0.0,"damage_taken":0.0},{"damage_healed":0.0,"max_hp_gain":0.0,"max_hp_loss":0.0,"gold_gain":0.0,"event_name":"The Cleric","player_choice":"Leave","floor":3.0,"gold_loss":0.0,"damage_taken":0.0},{"damage_healed":0.0,"max_hp_gain":0.0,"max_hp_loss":0.0,"gold_gain":0.0,"event_name":"The Woman in Blue","player_choice":"Bought 3 Potions","floor":4.0,"gold_loss":0.0,"damage_taken":0.0},{"damage_healed":0.0,"max_hp_gain":0.0,"max_hp_loss":0.0,"gold_gain":0.0,"event_name":"Golden Idol","player_choice":"Take Wound","floor":14.0,"gold_loss":0.0,"damage_taken":0.0,"relics_obtained":["Golden Idol"],"cards_obtained":["Injury"]},{"damage_healed":0.0,"max_hp_gain":0.0,"max_hp_loss":0.0,"gold_gain":0.0,"event_name":"The Library","player_choice":"Read","floor":19.0,"gold_loss":0.0,"damage_taken":0.0,"cards_obtained":["Outmaneuver"]},{"damage_healed":0.0,"max_hp_gain":0.0,"max_hp_loss":0.0,"gold_gain":0.0,"event_name":"Wheel of Change","player_choice":"Relic","floor":20.0,"gold_loss":0.0,"damage_taken":0.0},{"damage_healed":0,"gold_gain":0,"player_choice":"Fight","damage_taken":0,"max_hp_gain":0,"max_hp_loss":0,"event_name":"MindBloom","floor":37,"gold_loss":0},{"damage_healed":0,"gold_gain":0,"player_choice":"Fight","damage_taken":0,"max_hp_gain":0,"max_hp_loss":0,"event_name":"Mysterious Sphere","floor":38,"gold_loss":0},{"damage_healed":0,"gold_gain":0,"player_choice":"Ignored","damage_taken":0,"max_hp_gain":0,"max_hp_loss":0,"event_name":"The Moai Head","floor":47,"gold_loss":0}],"is_beta":false,"boss_relics":[{"not_picked":["energizedSpire:HighHeels","Snecko Eye"],"picked":"Sozu"},{"not_picked":["energizedSpire:OgreHead","energizedSpire:NeverEndingSparkler"],"picked":"energizedSpire:HugeHouse"}],"items_purged_floors":[],"is_endless":false,"potions_floor_spawned":[5,8,11,16,18,29,30,33,38,40,45],"killed_by":"Time Eater","ascension_level":0}}