{"host":"s8k08j4eybfen9r6","time":1610444374,"event":{"mods":["Aspiration","BaseMod","Better Altar","Better Match","Better Note","Better Sensory Stone","Better Skull","Better Third Choice","BetterRewards","Downfall","Duelist Mod","Hubris","Minty Spire (QoL Compilation)","MostiFishMod","Rare Cards Sparkle","Shop Mod","Spicy Shops","StSLib","The Animator"],"gold_per_floor":[118,118,118,130,147,147,182,182,205,205,205],"floor_reached":10,"playtime":327,"items_purged":[],"score":69,"play_id":"e0c3675e-8beb-454a-a2c9-559152e2048e","local_time":"20210112193934","is_ascension_mode":true,"campfire_choices":[{"data":"Coolheaded","floor":6,"key":"SMITH"},{"data":"Zap","floor":8,"key":"SMITH"}],"circlet_count":0,"master_deck":["Strike_B","Strike_B","Strike_B","Strike_B","Defend_B","Defend_B","Defend_B","Defend_B","Zap+1","Dualcast","expansioncontent:PolyBeam","Lockon","Coolheaded+1","MostiFishMod:GatherIntelligence","Turbo"],"relics":["Cracked Core","DaveBox","SynthV:TestCard","OriginationStaff","Bag of Marbles","hubris:ToyBattleship"],"acts_visited":["Exordium"],"potions_floor_usage":[],"damage_taken":[{"damage":4,"enemies":"Jaw Worm","floor":1,"turns":4},{"damage":0,"enemies":"Small Slimes","floor":4,"turns":3},{"damage":1,"enemies":"Cultist","floor":5,"turns":3},{"damage":14,"enemies":"Gremlin Nob","floor":7,"turns":4},{"damage":0,"enemies":"Lagavulin","floor":10,"turns":1}],"seed_played":"7843037783457228131","potions_obtained":[{"floor":1,"key":"PotionOfCapacity"}],"is_trial":false,"path_per_floor":["M","?","?","M","M","R","E","R","T","E"],"character_chosen":"DEFECT","items_purchased":[],"campfire_rested":0,"item_purchase_floors":[],"current_hp_per_floor":[71,71,75,75,74,74,60,60,60,60,60],"gold":205,"neow_bonus":"RANDOM_COLORLESS","is_daily":false,"chose_seed":false,"campfire_upgraded":2,"win_rate":0.0,"timestamp":1610444374,"path_taken":["M","?","?","M","M","R","E","R","T","E"],"items_purchased_type":[],"build_version":"2020-12-22","purchased_purges":0,"victory":false,"max_hp_per_floor":[75,75,75,75,75,75,75,75,75,75,75],"card_choices":[{"not_picked":["expansioncontent:SlimeTackle","expansioncontent:FaceSlap"],"picked":"expansioncontent:PolyBeam","floor":0},{"not_picked":["Redo","MostiFishMod:PushDownKick"],"picked":"Lockon","floor":1},{"not_picked":["Auto Shields","Steam","Redo","Conserve Battery"],"picked":"Coolheaded","floor":4},{"not_picked":["Compile Driver","Double Energy","Sweeping Beam","Streamline"],"picked":"MostiFishMod:GatherIntelligence","floor":5},{"not_picked":["MostiFishMod:Tomorrow","Chill","Go for the Eyes","Static Discharge"],"picked":"Turbo","floor":7}],"player_experience":412932,"relics_obtained":[{"floor":1,"key":"SynthV:TestCard"},{"floor":7,"key":"Bag of Marbles"},{"floor":9,"key":"hubris:ToyBattleship"}],"event_choices":[{"damage_healed":0,"gold_gain":0,"player_choice":"Leave","damage_taken":0,"max_hp_gain":0,"max_hp_loss":0,"event_name":"The Cleric","floor":2,"gold_loss":0}],"is_beta":false,"boss_relics":[],"items_purged_floors":[],"is_endless":false,"potions_floor_spawned":[1],"killed_by":"Lagavulin","ascension_level":1}}