{"host":"ue3qa4y58fiwdsvn","time":1610474196,"event":{"mods":["BaseMod","BetterRewards","Colored Map","Colored Powertips","Downfall","Friendly Minions","Hubris","Infinite Spire","Minty Spire (QoL Compilation)","Replay The Spire","Shop Mod","StSLib","The Bug Knight","The Construct","The Cursed","The Gatherer","UnlockEverythingMod"],"gold_per_floor":[119,134,134,134,152,152,152,152],"floor_reached":6,"playtime":402,"items_purged":["Gatherer:Strike_Gatherer"],"score":36,"play_id":"a54555f7-8b5c-4362-932e-42e8d8f5251b","local_time":"20210113015636","is_ascension_mode":false,"metric_token":1109,"campfire_choices":[],"circlet_count":0,"master_deck":["Gatherer:Strike_Gatherer","Gatherer:Strike_Gatherer","Gatherer:Strike_Gatherer","Gatherer:Strike_Gatherer","Gatherer:Defend_Gatherer","Gatherer:Defend_Gatherer","Gatherer:Defend_Gatherer","Gatherer:Defend_Gatherer","Gatherer:Defend_Gatherer","Gatherer:Centralize","Gatherer:FlowerWhip+1","Gatherer:FlamingBottle","ReplayTheSpireMod:Uncanny Aura","Gatherer:Nutrients","Gatherer:AlchemyTrial"],"relics":["Gatherer:AlchemyBag","MerchantsRug","infinitespire:Joker Card","hubris:Spice","hubris:Icosahedron"],"acts_visited":["Exordium"],"potions_floor_usage":[],"damage_taken":[{"damage":6,"enemies":"Cultist","floor":1,"turns":3},{"damage":10,"enemies":"Small Slimes","floor":2,"turns":2},{"damage":10,"enemies":"2 Louse","floor":5,"turns":3},{"damage":16,"enemies":"Replay:BlueRogue","floor":6,"turns":3}],"seed_played":"1152114814563089778","potions_obtained":[{"floor":1,"key":"LiquidBronze"}],"is_trial":false,"path_per_floor":["M","M","?","?","M","E"],"character_chosen":"THE_GATHERER","items_purchased":["Gatherer:FlamingBottle","MerchantsRug"],"campfire_rested":0,"item_purchase_floors":[0,0],"current_hp_per_floor":[34,24,24,24,14,0,0,0],"gold":152,"neow_bonus":"","is_daily":false,"chose_seed":false,"campfire_upgraded":0,"win_rate":0.0,"timestamp":1610474196,"path_taken":["M","?","?","?","M","E"],"items_purchased_type":["Card","Relic"],"build_version":"2020-12-22","purchased_purges":1,"victory":false,"max_hp_per_floor":[80,80,80,80,80,80,80,80],"card_choices":[{"not_picked":["Gatherer:TreeGrowth","Gatherer:BalancedGrowth"],"picked":"Gatherer:Nutrients","floor":1},{"not_picked":["Gatherer:EchoOfNature","Gatherer:PotentialSlash"],"picked":"Gatherer:AlchemyTrial","floor":2},{"not_picked":["Gatherer:Uplift","Gatherer:SmartManeuver","Gatherer:ScentOfRosmari"],"picked":"SKIP","floor":5}],"player_experience":6650,"relics_obtained":[],"event_choices":[],"is_beta":false,"boss_relics":[],"items_purged_floors":[0],"is_endless":false,"potions_floor_spawned":[1],"killed_by":"Replay:BlueRogue","ascension_level":0}}