{"host":"ec09novo68szpe7d","time":1610486088,"event":{"mods":["AchievementEnabler","BaseMod","Bestiary","BetterRewards","Minty Spire (QoL Compilation)","StSLib"],"gold_per_floor":[119,132,147,147,165,165,192,207,233,251,176,209,222,233,233,336,336,354,354,10,10,22,51,51,78,105,125,125,125,144,179,179,284,284,302,302,321,196,215,249,249,249,330,330,180,228,274,294,294,294,294],"floor_reached":50,"language":"ENG","playtime":4915,"items_purged":["Strike_R","Strike_R","Bash","Perfected Strike+1"],"score":1151,"play_id":"e0c71056-1b5a-41bb-8add-c65a37b4ffea","local_time":"20210112221448","is_ascension_mode":true,"campfire_choices":[{"floor":6.0,"key":"RECALL"},{"floor":15.0,"key":"REST"},{"floor":24.0,"key":"REST"},{"data":"Battle Trance","floor":32.0,"key":"SMITH"},{"data":"Impervious","floor":42,"key":"SMITH"},{"data":"Battle Trance","floor":44,"key":"SMITH"},{"floor":49,"key":"REST"}],"circlet_count":0,"master_deck":["AscendersBane","Defend_R+1","Defend_R","Defend_R+1","Defend_R","Pommel Strike","Armaments+1","Battle Trance+1","Shockwave","Clothesline","Fiend Fire","Shrug It Off","Entrench","Impervious","Body Slam+1","Impervious+1","Necronomicurse","Battle Trance+1","Barricade","Pommel Strike+1","Shrug It Off","Body Slam+1"],"relics":["Burning Blood","Mummified Hand","Ancient Tea Set","MealTicket","War Paint","Letter Opener","Snecko Eye","Matryoshka","Molten Egg 2","Ginger","Bag of Preparation","Happy Flower","Necronomicon","Question Card","Astrolabe","Bottled Flame","Dream Catcher","TungstenRod","Pen Nib"],"acts_visited":["Exordium","TheCity","TheBeyond"],"potions_floor_usage":[33,33],"damage_taken":[{"damage":6.0,"enemies":"Cultist","floor":1.0,"turns":3.0},{"damage":2.0,"enemies":"Jaw Worm","floor":2.0,"turns":3.0},{"damage":12.0,"enemies":"Small Slimes","floor":3.0,"turns":4.0},{"damage":13.0,"enemies":"3 Louse","floor":5.0,"turns":5.0},{"damage":26.0,"enemies":"3 Sentries","floor":7.0,"turns":11.0},{"damage":14.0,"enemies":"Large Slime","floor":8.0,"turns":6.0},{"damage":8.0,"enemies":"2 Fungi Beasts","floor":10.0,"turns":5.0},{"damage":12.0,"enemies":"Gremlin Nob","floor":12.0,"turns":3.0},{"damage":5.0,"enemies":"3 Louse","floor":13.0,"turns":3.0},{"damage":17.0,"enemies":"Large Slime","floor":14.0,"turns":5.0},{"damage":21.0,"enemies":"Hexaghost","floor":16.0,"turns":11.0},{"damage":40.0,"enemies":"2 Thieves","floor":18.0,"turns":5.0},{"damage":0.0,"enemies":"Spheric Guardian","floor":22.0,"turns":2.0},{"damage":4.0,"enemies":"Slavers","floor":23.0,"turns":4.0},{"damage":0.0,"enemies":"Gremlin Leader","floor":25.0,"turns":3.0},{"damage":0.0,"enemies":"Shelled Parasite and Fungi","floor":27.0,"turns":3.0},{"damage":13.0,"enemies":"Snecko","floor":30.0,"turns":3.0},{"damage":12.0,"enemies":"Book of Stabbing","floor":31.0,"turns":4.0},{"damage":58,"enemies":"Automaton","floor":33,"turns":10},{"damage":0,"enemies":"3 Darklings","floor":35,"turns":7},{"damage":0,"enemies":"3 Shapes","floor":37,"turns":5},{"damage":0,"enemies":"Transient","floor":39,"turns":5},{"damage":0,"enemies":"Giant Head","floor":40,"turns":8},{"damage":0,"enemies":"2 Orb Walkers","floor":46,"turns":2},{"damage":0,"enemies":"Maw","floor":48,"turns":4},{"damage":88,"enemies":"Donu and Deca","floor":50,"turns":8}],"seed_played":"-1455081238184900796","potions_obtained":[{"floor":7.0,"key":"SkillPotion"},{"floor":8.0,"key":"Strength Potion"},{"floor":10.0,"key":"AttackPotion"},{"floor":13.0,"key":"SkillPotion"},{"floor":16.0,"key":"PowerPotion"},{"floor":22.0,"key":"ElixirPotion"},{"floor":23.0,"key":"DistilledChaos"},{"floor":30.0,"key":"BloodPotion"},{"floor":31.0,"key":"Energy Potion"},{"floor":35,"key":"SteroidPotion"},{"floor":37,"key":"BloodPotion"}],"is_trial":false,"path_per_floor":["M","M","M","?","M","R","E","M","T","M","$","E","M","M","R","B",null,"M","?","$","?","M","E","R","E","T","M","?","?","M","E","R","B",null,"M","?","M","$","M","E","?","R","T","R","$","?","T","M","R","B"],"character_chosen":"IRONCLAD","items_purchased":["Matryoshka"],"campfire_rested":3,"item_purchase_floors":[20],"current_hp_per_floor":[72,76,70,70,63,63,43,35,35,33,48,42,43,32,56,41,70,36,21,36,36,42,44,69,75,75,81,65,65,58,69,69,17,68,74,74,80,85,85,85,81,81,81,81,81,81,81,81,81,0,0],"gold":294,"neow_bonus":"","is_daily":false,"chose_seed":false,"campfire_upgraded":3,"win_rate":0.0,"timestamp":1610486088,"path_taken":["M","M","M","?","M","R","E","M","T","M","$","E","?","M","R","BOSS","M","?","$","?","M","E","R","E","T","M","?","?","M","E","R","BOSS","M","?","M","$","M","E","?","R","T","R","$","?","?","?","R","BOSS"],"items_purchased_type":["Relic"],"build_version":"2020-12-22","purchased_purges":4,"victory":false,"max_hp_per_floor":[80,80,80,80,80,80,80,80,80,80,80,80,80,80,80,80,80,80,85,85,85,85,85,85,85,85,85,85,85,85,85,85,85,85,85,85,85,85,85,85,81,81,81,81,81,81,81,81,81,81,81],"card_choices":[{"not_picked":["Cleave","Havoc"],"picked":"Pommel Strike","floor":1.0},{"not_picked":["Hemokinesis","Cleave"],"picked":"Armaments","floor":2.0},{"not_picked":["Sword Boomerang","Pommel Strike"],"picked":"Battle Trance","floor":3.0},{"not_picked":["Metallicize","Fire Breathing"],"picked":"Shockwave","floor":5.0},{"not_picked":["Heavy Blade","Blood for Blood"],"picked":"Clothesline","floor":7.0},{"not_picked":["Havoc","Warcry"],"picked":"Fiend Fire","floor":8.0},{"not_picked":["Body Slam","Wild Strike"],"picked":"Shrug It Off","floor":10.0},{"not_picked":["Armaments","Rage"],"picked":"Entrench","floor":12.0},{"not_picked":["Iron Wave","Cleave","Evolve"],"picked":"SKIP","floor":13.0},{"not_picked":["Battle Trance","Pummel","Perfected Strike"],"picked":"SKIP","floor":14.0},{"not_picked":["Reaper","Berserk"],"picked":"Impervious","floor":16.0},{"not_picked":["Bloodletting","Pommel Strike"],"picked":"Body Slam+1","floor":18.0},{"not_picked":["Clash","Burning Pact","Dropkick+1"],"picked":"SKIP","floor":22.0},{"not_picked":["Hemokinesis+1","Seeing Red","Warcry+1"],"picked":"SKIP","floor":23.0},{"not_picked":["Perfected Strike+1","Power Through"],"picked":"Impervious","floor":25.0},{"not_picked":["Disarm","Clothesline+1","Pummel+1"],"picked":"SKIP","floor":27.0},{"not_picked":["Fire Breathing","Pommel Strike+1"],"picked":"Battle Trance","floor":30.0},{"not_picked":["Twin Strike+1","Sever Soul+1","Heavy Blade+1"],"picked":"SKIP","floor":31.0},{"not_picked":["Exhume","Demon Form","Feed+1"],"picked":"Barricade","floor":33},{"not_picked":["Intimidate","Armaments+1","Power Through","Wild Strike+1"],"picked":"SKIP","floor":35},{"not_picked":["Heavy Blade+1","Warcry","Thunderclap+1"],"picked":"Shrug It Off","floor":37},{"not_picked":["Clothesline+1","Armaments","Cleave+1","Second Wind"],"picked":"SKIP","floor":39},{"not_picked":["Immolate+1","Metallicize+1","Sword Boomerang+1"],"picked":"Body Slam+1","floor":40},{"not_picked":["Pommel Strike+1","Thunderclap+1","Cleave+1","Sever Soul+1"],"picked":"SKIP","floor":48}],"player_experience":264466,"relics_obtained":[{"floor":7.0,"key":"MealTicket"},{"floor":9.0,"key":"War Paint"},{"floor":12.0,"key":"Letter Opener"},{"floor":23.0,"key":"Molten Egg 2"},{"floor":25.0,"key":"Ginger"},{"floor":26.0,"key":"Bag of Preparation"},{"floor":26.0,"key":"Happy Flower"},{"floor":28.0,"key":"Necronomicon"},{"floor":31.0,"key":"Question Card"},{"floor":40,"key":"Bottled Flame"},{"floor":43,"key":"Dream Catcher"},{"floor":46,"key":"TungstenRod"},{"floor":47,"key":"Pen Nib"}],"event_choices":[{"damage_healed":0.0,"max_hp_gain":0.0,"max_hp_loss":0.0,"gold_gain":0.0,"event_name":"Upgrade Shrine","player_choice":"Upgraded","floor":4.0,"gold_loss":0.0,"damage_taken":0.0,"cards_upgraded":["Armaments"]},{"damage_healed":0.0,"max_hp_gain":5.0,"max_hp_loss":0.0,"gold_gain":0.0,"event_name":"Forgotten Altar","player_choice":"Shed Blood","floor":19.0,"gold_loss":0.0,"damage_taken":20.0},{"damage_healed":0.0,"max_hp_gain":0.0,"max_hp_loss":0.0,"gold_gain":0.0,"cards_transformed":["Strike_R","Strike_R"],"event_name":"Drug Dealer","player_choice":"Became Test Subject","floor":21.0,"gold_loss":0.0,"damage_taken":0.0,"cards_obtained":["Immolate","Rupture"]},{"damage_healed":0.0,"max_hp_gain":0.0,"max_hp_loss":0.0,"gold_gain":0.0,"event_name":"Cursed Tome","player_choice":"Obtained Book","floor":28.0,"gold_loss":0.0,"damage_taken":16.0},{"damage_healed":0.0,"max_hp_gain":0.0,"max_hp_loss":0.0,"gold_gain":0.0,"event_name":"Vampires","player_choice":"Ignored","floor":29.0,"gold_loss":0.0,"damage_taken":0.0},{"cards_removed":["Blood for Blood"],"damage_healed":0,"gold_gain":0,"player_choice":"Removed Attack","damage_taken":0,"max_hp_gain":0,"max_hp_loss":0,"event_name":"Falling","floor":36,"gold_loss":0},{"damage_healed":0,"gold_gain":0,"player_choice":"Max HP","damage_taken":0,"max_hp_gain":0,"max_hp_loss":4,"event_name":"Winding Halls","floor":41,"gold_loss":0},{"damage_healed":0,"gold_gain":0,"player_choice":"Fight","damage_taken":0,"max_hp_gain":0,"max_hp_loss":0,"event_name":"Mysterious Sphere","floor":46,"gold_loss":0}],"is_beta":false,"boss_relics":[{"not_picked":["Philosopher\u0027s Stone","Busted Crown"],"picked":"Snecko Eye"},{"not_picked":["Velvet Choker","Mark of Pain"],"picked":"Astrolabe"}],"items_purged_floors":[11,20,38,45],"is_endless":false,"potions_floor_spawned":[7,8,10,13,16,22,23,30,31,35,37],"killed_by":"Donu and Deca","ascension_level":10}}