{"host":"h5mpg8xef8fl8s1y","time":1610436322,"event":{"mods":["100% Spire Juice","AchievementEnabler","BaseMod","Bestiary","Block Reminder","Colored Map","Colored Powertips","Curses Come First","Dark Map","Displayed Cursed Tome","Googly Eyes","Hero for Fun","Marisa????????","Minty Spire (QoL Compilation)","Permanent Neow","Quick Restart","Random Character Button","Rare Cards Sparkle","Relic Stats","StSLib","Starting Relic: Pandora\u0027s Box","The Marked","The Senshi","The Servant 0.9.4","TheVelvet","Waifu the Spire","Yakumo Yukari mod","everything is the same but u backflip on backflip"],"gold_per_floor":[124,124,124,79,79,79,79],"floor_reached":6,"playtime":176,"items_purged":[],"score":35,"play_id":"89cca324-d04c-4f92-87a8-3b3448b93f29","local_time":"20210112022522","is_ascension_mode":true,"campfire_choices":[],"circlet_count":0,"master_deck":["Moonworks:Ambush+1","Moonworks:LongDistanceShot","Moonworks:CloudOfSeagulls","Moonworks:Poppoformation","Moonworks:ImOnFire","Moonworks:JonathanRush","Moonworks:SealedMemories","Moonworks:FinalSurgery","Moonworks:SakisCookie","Moonworks:Assault","Moonworks:ImmovableObject+1"],"relics":["Moonworks:BrokenBomb","Moonworks:Homemark","Art of War"],"acts_visited":["Exordium"],"potions_floor_usage":[],"damage_taken":[{"damage":0,"enemies":"Cultist","floor":1,"turns":2},{"damage":36,"enemies":"3 Sentries","floor":6,"turns":6}],"seed_played":"-4547377416105728453","potions_obtained":[],"is_trial":false,"path_per_floor":["M","$","?","?","?","E"],"character_chosen":"THE_STARBREAKER","items_purchased":[],"campfire_rested":0,"item_purchase_floors":[],"current_hp_per_floor":[54,54,51,40,29,0,0],"gold":79,"neow_bonus":"TWO_FIFTY_GOLD","is_daily":false,"chose_seed":false,"campfire_upgraded":0,"win_rate":0.0,"timestamp":1610436322,"path_taken":["M","?","?","?","?","E"],"items_purchased_type":[],"build_version":"2020-12-22","purchased_purges":0,"victory":false,"max_hp_per_floor":[54,54,54,54,54,54,54],"relic_stats":{"counters":[2,8],"Art of War":[1],"obtain_stats":[{"Moonworks:Homemark":0,"Art of War":3,"Moonworks:BrokenBomb":0},{"Moonworks:Homemark":0,"Art of War":1,"Moonworks:BrokenBomb":0},{"Moonworks:Homemark":0,"Art of War":2,"Moonworks:BrokenBomb":0}]},"card_choices":[{"not_picked":["Moonworks:BigMagnum","Moonworks:SealedMemories"],"picked":"Moonworks:ImmovableObject","floor":1}],"player_experience":217039,"relics_obtained":[],"event_choices":[{"damage_healed":0,"gold_gain":0,"player_choice":"Success","damage_taken":3,"relics_obtained":["Art of War"],"max_hp_gain":0,"max_hp_loss":0,"event_name":"Scrap Ooze","floor":3,"gold_loss":0},{"damage_healed":0,"gold_gain":75,"player_choice":"Gather Gold","damage_taken":11,"max_hp_gain":0,"max_hp_loss":0,"event_name":"World of Goop","floor":4,"gold_loss":0},{"damage_healed":0,"gold_gain":0,"player_choice":"Entered Light","damage_taken":11,"max_hp_gain":0,"max_hp_loss":0,"event_name":"Shining Light","floor":5,"gold_loss":0,"cards_upgraded":["Moonworks:ImmovableObject","Moonworks:Ambush"]}],"is_beta":false,"boss_relics":[],"items_purged_floors":[],"is_endless":false,"potions_floor_spawned":[],"killed_by":"3 Sentries","ascension_level":2}}