{"host":"jm9833yuloeli2yd","time":1610411085,"event":{"mods":["BaseMod","Better Altar","Better Match","Better Note","Better Sensory Stone","Better Skull","Better Third Choice","Better Vampires","BetterRewards","Colored Map","Colored Powertips","DeckTracker","Minty Spire (QoL Compilation)","Permanent Neow","Quick Restart","Slay-I","StSLib","SuperFastMode"],"gold_per_floor":[109,126,140,10,10,10,41,65,65,65,86,102,102,125,125,219,219,244,244,261,272,298,298,213,246,271,271,271,271,140,152,152,225,225,237,237,47,269,281,281,293,318,318,343,17,29,29,49,49,49,49],"floor_reached":50,"playtime":1966,"items_purged":["Strike_G","Distraction"],"score":1359,"play_id":"f643bb6d-5115-4203-a284-598cadfac8ee","local_time":"20210111192445","is_ascension_mode":true,"campfire_choices":[{"data":"Neutralize","floor":6,"key":"SMITH"},{"data":"Bouncing Flask","floor":13,"key":"SMITH"},{"data":"Blade Dance","floor":15,"key":"SMITH"},{"floor":23,"key":"REST"},{"data":"Cloak And Dagger","floor":29,"key":"SMITH"},{"data":"Catalyst","floor":32,"key":"SMITH"},{"data":"Acrobatics","floor":40,"key":"SMITH"},{"floor":47,"key":"RECALL"},{"data":"Accuracy","floor":49,"key":"SMITH"}],"circlet_count":0,"master_deck":["AscendersBane","Survivor","Neutralize+1","Backstab","Dagger Spray","Catalyst+1","Blade Dance+1","Footwork","Crippling Poison","Dagger Throw","Bouncing Flask+1","Heel Hook","Storm of Steel+1","Infinite Blades","Cloak And Dagger+1","Deflect+1","Footwork","Doppelganger","Flechettes","Predator","Predator","Acrobatics+1","Eviscerate","Backstab","Flechettes","Bouncing Flask","Leg Sweep","Flechettes+1","Accuracy+1","Purity","Blur+1"],"relics":["Ring of the Snake","Dead Branch","Bloody Idol","Lantern","Blue Candle","Busted Crown","Red Mask","Mercury Hourglass","Ninja Scroll","Strawberry","Bag of Preparation","Pandora\u0027s Box","Mango","HornCleat","War Paint"],"acts_visited":["Exordium","TheCity","TheBeyond"],"potions_floor_usage":[7,8,16,16,13020,20,25,33,46,50,50],"damage_taken":[{"damage":0,"enemies":"2 Louse","floor":1,"turns":2},{"damage":0,"enemies":"Small Slimes","floor":2,"turns":2},{"damage":0,"enemies":"Jaw Worm","floor":3,"turns":3},{"damage":5,"enemies":"3 Sentries","floor":7,"turns":6},{"damage":0,"enemies":"Blue Slaver","floor":8,"turns":1},{"damage":3,"enemies":"Large Slime","floor":11,"turns":6},{"damage":9,"enemies":"Exordium Wildlife","floor":12,"turns":4},{"damage":4,"enemies":"Exordium Thugs","floor":14,"turns":3},{"damage":15,"enemies":"Slime Boss","floor":16,"turns":8},{"damage":24,"enemies":"Shell Parasite","floor":18,"turns":4},{"damage":21,"enemies":"2 Thieves","floor":20,"turns":3},{"damage":13,"enemies":"Centurion and Healer","floor":21,"turns":5},{"damage":0,"enemies":"Masked Bandits","floor":22,"turns":3},{"damage":31,"enemies":"Book of Stabbing","floor":25,"turns":6},{"damage":0,"enemies":"Snake Plant","floor":31,"turns":4},{"damage":14,"enemies":"Automaton","floor":33,"turns":5},{"damage":0,"enemies":"3 Darklings","floor":35,"turns":3},{"damage":0,"enemies":"3 Shapes","floor":39,"turns":3},{"damage":42,"enemies":"Spire Growth","floor":41,"turns":4},{"damage":0,"enemies":"Mind Bloom Boss Battle","floor":42,"turns":3},{"damage":9,"enemies":"Giant Head","floor":44,"turns":4},{"damage":6,"enemies":"Transient","floor":46,"turns":6},{"damage":4,"enemies":"Sphere and 2 Shapes","floor":48,"turns":3},{"damage":50,"enemies":"Time Eater","floor":50,"turns":5}],"seed_played":"5821704720202067126","potions_obtained":[{"floor":1,"key":"GamblersBrew"},{"floor":7,"key":"SkillPotion"},{"floor":11,"key":"Poison Potion"},{"floor":12,"key":"LiquidMemories"},{"floor":21,"key":"Dexterity Potion"},{"floor":31,"key":"Explosive Potion"},{"floor":35,"key":"DuplicationPotion"},{"floor":44,"key":"Dexterity Potion"},{"floor":48,"key":"Dexterity Potion"}],"is_trial":false,"path_per_floor":["M","M","M","$","?","R","E","M","T","?","M","M","R","M","R","B",null,"M","?","M","M","?","R","?","E","T","?","T","R","$","M","R","B",null,"M","?","$","?","M","R","M","?","T","E","$","M","R","M","R","B"],"character_chosen":"THE_SILENT","items_purchased":["Dead Branch","Backstab","Footwork","Dexterity Potion","Swift Potion","Bouncing Flask","Accuracy","War Paint","Purity"],"campfire_rested":1,"item_purchase_floors":[0,0,4,4,30,37,45,45,45],"current_hp_per_floor":[46,46,46,46,46,46,41,41,41,46,43,34,34,30,30,15,53,29,9,19,11,16,35,35,9,21,21,21,21,21,26,26,17,58,63,63,63,68,72,72,35,54,54,50,50,49,49,50,50,0,0],"gold":49,"neow_bonus":"","is_daily":false,"chose_seed":false,"campfire_upgraded":7,"win_rate":0.0,"timestamp":1610411085,"path_taken":["M","M","M","$","?","R","E","M","T","?","M","M","R","M","R","BOSS","M","?","M","M","?","R","?","E","T","?","?","R","?","M","R","BOSS","M","?","$","?","M","R","M","?","T","E","$","?","R","M","R","BOSS"],"items_purchased_type":["Relic","Card","Card","Potion","Potion","Card","Card","Relic","Card"],"build_version":"2020-12-22","purchased_purges":2,"victory":false,"max_hp_per_floor":[66,66,66,66,60,60,60,60,60,65,65,65,65,65,65,65,65,65,65,65,65,65,65,65,65,72,72,72,72,72,72,72,72,72,72,72,72,72,72,72,72,86,86,86,86,86,86,86,86,86,86],"card_choices":[{"not_picked":["Setup","Bane"],"picked":"Dagger Spray","floor":1},{"not_picked":["Blade Dance","Escape Plan"],"picked":"Catalyst","floor":2},{"not_picked":["Heel Hook","Quick Slash"],"picked":"Blade Dance","floor":3},{"not_picked":["Bane","Deflect"],"picked":"Crippling Poison","floor":7},{"not_picked":["Quick Slash","Flying Knee"],"picked":"Dagger Throw","floor":8},{"not_picked":["Die Die Die","Outmaneuver"],"picked":"Bouncing Flask","floor":11},{"not_picked":["Prepared","Concentrate","Reflex"],"picked":"SKIP","floor":12},{"not_picked":["Prepared","Concentrate","Reflex"],"picked":"SKIP","floor":12},{"not_picked":["Concentrate","Cloak And Dagger"],"picked":"Heel Hook","floor":14},{"not_picked":["Grand Finale","Tools of the Trade"],"picked":"Storm of Steel","floor":16},{"not_picked":[],"picked":"Infinite Blades","floor":18},{"not_picked":[],"picked":"Cloak And Dagger","floor":20},{"not_picked":["Concentrate"],"picked":"SKIP","floor":21},{"not_picked":[],"picked":"Deflect","floor":25},{"not_picked":["Bane"],"picked":"SKIP","floor":31},{"not_picked":[],"picked":"Doppelganger","floor":33},{"not_picked":["Outmaneuver+1"],"picked":"SKIP","floor":35},{"not_picked":["Riddle With Holes+1"],"picked":"SKIP","floor":39},{"not_picked":[],"picked":"Leg Sweep","floor":41},{"not_picked":[],"picked":"Flechettes+1","floor":42},{"not_picked":["Slice"],"picked":"SKIP","floor":44},{"not_picked":["Terror"],"picked":"SKIP","floor":46},{"not_picked":["Terror"],"picked":"SKIP","floor":46},{"not_picked":[],"picked":"Blur+1","floor":48}],"player_experience":1306641,"relics_obtained":[{"floor":7,"key":"Lantern"},{"floor":9,"key":"Blue Candle"},{"floor":22,"key":"Red Mask"},{"floor":25,"key":"Ninja Scroll"},{"floor":26,"key":"Strawberry"},{"floor":28,"key":"Bag of Preparation"},{"floor":42,"key":"Mango"},{"floor":44,"key":"HornCleat"}],"event_choices":[{"damage_healed":0,"gold_gain":0,"player_choice":"Lose Max HP","damage_taken":0,"relics_obtained":["Golden Idol"],"max_hp_gain":0,"max_hp_loss":6,"event_name":"Golden Idol","floor":5,"gold_loss":0},{"damage_healed":0,"gold_gain":0,"player_choice":"Donut","damage_taken":0,"max_hp_gain":5,"max_hp_loss":0,"event_name":"Big Fish","floor":10,"gold_loss":0},{"damage_healed":0,"gold_gain":0,"player_choice":" GoldIdol Potion ","damage_taken":20,"relics_obtained":["Bloody Idol"],"max_hp_gain":29,"max_hp_loss":9,"event_name":"betterAltar:BetterAltar","floor":19,"potions_obtained":["betterAltar:AltarPotion"],"relics_lost":["Golden Idol"],"gold_loss":0},{"damage_healed":0,"gold_gain":0,"player_choice":"Fought Bandits","damage_taken":0,"max_hp_gain":0,"max_hp_loss":0,"event_name":"Masked Bandits","floor":22,"gold_loss":0},{"damage_healed":0,"gold_gain":0,"player_choice":"Obtained Relic","damage_taken":0,"relics_obtained":["Mercury Hourglass"],"max_hp_gain":0,"max_hp_loss":0,"event_name":"Addict","floor":24,"gold_loss":85},{"damage_healed":0,"gold_gain":0,"player_choice":"Read","damage_taken":0,"max_hp_gain":0,"max_hp_loss":0,"event_name":"The Library","floor":27,"gold_loss":0,"cards_obtained":["Footwork"]},{"cards_removed":["Sucker Punch"],"damage_healed":0,"gold_gain":0,"player_choice":"Removed Attack","damage_taken":0,"max_hp_gain":0,"max_hp_loss":0,"event_name":"Falling","floor":36,"gold_loss":0},{"damage_healed":0,"gold_gain":222,"player_choice":"Wore Mask","damage_taken":0,"max_hp_gain":0,"max_hp_loss":0,"event_name":"Tomb of Lord Red Mask","floor":38,"gold_loss":0},{"damage_healed":0,"gold_gain":0,"player_choice":"Fight","damage_taken":0,"max_hp_gain":0,"max_hp_loss":0,"event_name":"MindBloom","floor":42,"gold_loss":0}],"is_beta":false,"boss_relics":[{"not_picked":["Tiny House","Ectoplasm"],"picked":"Busted Crown"},{"not_picked":["Velvet Choker","Empty Cage"],"picked":"Pandora\u0027s Box"}],"items_purged_floors":[30,37],"is_endless":false,"potions_floor_spawned":[1,7,11,12,21,31,35,44,48],"killed_by":"Time Eater","ascension_level":20}}