{"host":"ormi09wwzv7sq47a","time":1610423584,"event":{"mods":["2.2 Compatiblity","AchievementEnabler","Act Like it!","BaseMod","Bestiary","Better Altar","Better Note","Better Sensory Stone","Better Silent Start","Better Skull","Better Third Choice","Better Vampires","BetterRewards","Block Reminder","Card Forge","Colored Map","Colored Powertips","Curses Come First","DeckTracker","Downfall","Highlight Path","Minty Spire (QoL Compilation)","Permanent Neow","Quick Restart","Rare Cards Sparkle","Relic Stats","Shop Mod","StSLib","The Jungle"],"gold_per_floor":[109,109,126,140,90,90,90,105,129,129,129,129,160,171,171,270,270,280,295,314,314,333,333,343,368,439,469,469,480,480,510,510,614,614,633,336,316,151,161,186,186,211,235,250,250,250,250,48,48,48,48,48,0,29,29],"floor_reached":56,"playtime":3531,"items_purged":["Strike_B","Strike_B","Strike_B"],"score":1779,"play_id":"bd921c3e-2aef-43c9-8163-60ba0f12bfd7","local_time":"20210112015304","is_ascension_mode":true,"campfire_choices":[{"data":"Zap","floor":6.0,"key":"SMITH"},{"data":"Dualcast","floor":10.0,"key":"SMITH"},{"data":"Biased Cognition","floor":12.0,"key":"SMITH"},{"data":"Consume","floor":15.0,"key":"SMITH"},{"data":"Doom and Gloom","floor":23.0,"key":"SMITH"},{"floor":28.0,"key":"REST"},{"data":"Force Field","floor":30.0,"key":"SMITH"},{"data":"Coolheaded","floor":32.0,"key":"SMITH"},{"floor":41.0,"key":"RECALL"},{"data":"Seek","floor":45.0,"key":"SMITH"},{"data":"Capacitor","floor":47,"key":"SMITH"},{"data":"Biased Cognition","floor":49,"key":"SMITH"},{"data":"Hologram","floor":52,"key":"SMITH"}],"circlet_count":0,"master_deck":["Defend_B","Defend_B","Defend_B","Defend_B","Zap+1","Dualcast+1","Cold Snap","Gash","Chill","Biased Cognition+1","Coolheaded+1","Echo Form","Consume+1","Doom and Gloom+1","Amplify","CurseOfTheBell","Hologram+1","Conserve Battery+1","Coolheaded+1","Glacier+1","Creative AI","Force Field+1","Biased Cognition+1","Recycle+1","Defragment","Capacitor+1","Reboot","Seek+1","Compile Driver+1","Panache+1","Skim"],"relics":["Cracked Core","Hammer of Thor","Seething Fire","Anvil of the Gods","Membership Card","Gambling Chip","Incense Burner","Runic Capacitor","MealTicket","Strawberry","Lantern","Blood Vial","Pantograph","Turnip","Nloth\u0027s Gift","Smiling Mask","Eternal Feather","Anchor","Toy Ornithopter","Philosopher\u0027s Stone","Oddly Smooth Stone","Symbiotic Virus","Medical Kit","Girya","Sundial","Mummified Hand","ClockworkSouvenir","Cables"],"acts_visited":["Exordium","TheCity","TheBeyond","TheEnding"],"potions_floor_usage":[55,55,55],"damage_taken":[{"damage":1.0,"enemies":"Cultist","floor":1.0,"turns":3.0},{"damage":0.0,"enemies":"2 Louse","floor":3.0,"turns":2.0},{"damage":0.0,"enemies":"Small Slimes","floor":4.0,"turns":3.0},{"damage":0.0,"enemies":"Gremlin Nob","floor":7.0,"turns":1.0},{"damage":7.0,"enemies":"Blue Slaver","floor":8.0,"turns":3.0},{"damage":0.0,"enemies":"3 Sentries","floor":13.0,"turns":6.0},{"damage":0.0,"enemies":"3 Louse","floor":14.0,"turns":2.0},{"damage":22.0,"enemies":"Slime Boss","floor":16.0,"turns":6.0},{"damage":8.0,"enemies":"2 Thieves","floor":18.0,"turns":4.0},{"damage":6.0,"enemies":"3 Byrds","floor":19.0,"turns":4.0},{"damage":0.0,"enemies":"3 Cultists","floor":20.0,"turns":4.0},{"damage":0.0,"enemies":"Sentry and Sphere","floor":22.0,"turns":7.0},{"damage":8.0,"enemies":"Chosen and Byrds","floor":24.0,"turns":6.0},{"damage":43.0,"enemies":"Gremlin Leader","floor":27.0,"turns":6.0},{"damage":9.0,"enemies":"Snake Plant","floor":29.0,"turns":4.0},{"damage":19.0,"enemies":"Book of Stabbing","floor":31.0,"turns":7.0},{"damage":26.0,"enemies":"Champ","floor":33.0,"turns":10.0},{"damage":11.0,"enemies":"Orb Walker","floor":35.0,"turns":4.0},{"damage":0.0,"enemies":"3 Shapes","floor":39.0,"turns":6.0},{"damage":0.0,"enemies":"Giant Head","floor":40.0,"turns":9.0},{"damage":31.0,"enemies":"Reptomancer","floor":42.0,"turns":9.0},{"damage":0.0,"enemies":"3 Darklings","floor":44.0,"turns":7.0},{"damage":10,"enemies":"Awakened One","floor":50,"turns":16},{"damage":0,"enemies":"Shield and Spear","floor":54,"turns":6},{"damage":18,"enemies":"The Heart","floor":55,"turns":10}],"seed_played":"8707919543167888774","potions_obtained":[{"floor":1.0,"key":"SpeedPotion"},{"floor":4.0,"key":"SmokeBomb"},{"floor":8.0,"key":"EssenceOfSteel"},{"floor":16.0,"key":"SpeedPotion"},{"floor":27.0,"key":"EssenceOfDarkness"},{"floor":29.0,"key":"AttackPotion"},{"floor":33.0,"key":"Strength Potion"},{"floor":37.0,"key":"GamblersBrew"},{"floor":39.0,"key":"FearPotion"}],"is_trial":false,"path_per_floor":["M","?","M","M","?","R","E","M","T","R","?","R","E","M","R","B",null,"M","M","M","?","M","R","M","T","T","E","R","M","R","E","R","B",null,"M","$","?","$","M","E","R","E","T","M","R","?","R","$","R","B",null,"R","$","E","B",null],"character_chosen":"DEFECT","items_purchased":["Membership Card","Fruit Juice","Runic Capacitor","Oddly Smooth Stone","Symbiotic Virus","Defragment","Medical Kit","Capacitor","Mummified Hand","ClockworkSouvenir","SkillPotion","SkillPotion"],"campfire_rested":1,"item_purchase_floors":[0,0,0,36,36,36,38,38,48,48,53,53],"current_hp_per_floor":[56,37,37,37,37,37,37,30,37,37,37,37,37,37,37,15,69,63,59,61,61,63,63,57,57,57,16,54,47,59,42,54,55,79,70,85,85,87,87,87,87,56,56,58,73,73,87,87,87,77,85,87,87,87,74],"gold":29,"neow_bonus":"","is_daily":false,"chose_seed":false,"campfire_upgraded":11,"win_rate":0.0,"timestamp":1610423584,"path_taken":["M","?","?","M","?","R","E","M","T","R","?","R","E","M","R","BOSS","M","M","?","?","M","R","M","?","T","E","R","M","R","E","R","BOSS","M","$","?","?","M","E","R","E","T","?","R","?","R","?","R","BOSS","R","$","E","BOSS"],"items_purchased_type":["Relic","Potion","Relic","Relic","Relic","Card","Relic","Card","Relic","Relic","Potion","Potion"],"build_version":"2020-12-22","purchased_purges":3,"victory":true,"max_hp_per_floor":[80,80,80,80,80,80,80,80,87,87,87,87,87,87,87,87,87,87,87,87,87,87,87,87,87,87,87,87,87,87,87,87,87,87,87,87,87,87,87,87,87,87,87,87,87,87,87,87,87,87,87,87,87,87,87],"relic_stats":{"counters":[25,145],"Eternal Feather":67,"Smiling Mask":13,"Medical Kit":[11],"Cables":[9,3,6,0,0],"Blood Vial":22,"Sundial":[8],"Mummified Hand":[33],"Gambling Chip":[63],"Pantograph":25,"MealTicket":17,"Turnip":[11],"Nloth\u0027s Gift":9,"obtain_stats":[{"Lantern":13,"Hammer of Thor":0,"Incense Burner":0,"Runic Capacitor":0,"Smiling Mask":25,"ClockworkSouvenir":48,"Blood Vial":17,"Sundial":42,"Mummified Hand":48,"Gambling Chip":0,"Strawberry":9,"Pantograph":17,"MealTicket":2,"Philosopher\u0027s Stone":34,"Cracked Core":0,"Girya":40,"Oddly Smooth Stone":36,"Eternal Feather":26,"Seething Fire":0,"Medical Kit":38,"Cables":54,"Calling Bell":17,"Anchor":27,"Anvil of the Gods":0,"Turnip":17,"Nloth\u0027s Gift":21,"Membership Card":0,"Symbiotic Virus":36,"Toy Ornithopter":31},{"Lantern":6,"Hammer of Thor":0,"Incense Burner":0,"Runic Capacitor":0,"Smiling Mask":13,"ClockworkSouvenir":22,"Blood Vial":8,"Sundial":21,"Mummified Hand":22,"Gambling Chip":0,"Strawberry":5,"Pantograph":8,"MealTicket":1,"Philosopher\u0027s Stone":17,"Cracked Core":0,"Girya":20,"Oddly Smooth Stone":18,"Eternal Feather":13,"Seething Fire":0,"Medical Kit":18,"Cables":24,"Calling Bell":8,"Anchor":14,"Anvil of the Gods":0,"Turnip":8,"Nloth\u0027s Gift":11,"Membership Card":0,"Symbiotic Virus":18,"Toy Ornithopter":16},{"Lantern":18,"Hammer of Thor":0,"Incense Burner":0,"Runic Capacitor":0,"Smiling Mask":51,"ClockworkSouvenir":113,"Blood Vial":26,"Sundial":106,"Mummified Hand":113,"Gambling Chip":0,"Strawberry":12,"Pantograph":26,"MealTicket":3,"Philosopher\u0027s Stone":78,"Cracked Core":0,"Girya":97,"Oddly Smooth Stone":82,"Eternal Feather":51,"Seething Fire":0,"Medical Kit":82,"Cables":135,"Calling Bell":26,"Anchor":57,"Anvil of the Gods":0,"Turnip":26,"Nloth\u0027s Gift":38,"Membership Card":0,"Symbiotic Virus":82,"Toy Ornithopter":68}],"Toy Ornithopter":5},"card_choices":[{"not_picked":["Go for the Eyes","Undo"],"picked":"Cold Snap","floor":1.0},{"not_picked":["Beam Cell","FTL"],"picked":"Gash","floor":3.0},{"not_picked":["Turbo","Stack"],"picked":"Chill","floor":4.0},{"not_picked":["Undo","Chill"],"picked":"Biased Cognition","floor":8.0},{"not_picked":["Static Discharge","Beam Cell"],"picked":"Consume","floor":13.0},{"not_picked":["Reprogram","Go for the Eyes"],"picked":"Doom and Gloom","floor":14.0},{"not_picked":["Meteor Strike","Echo Form"],"picked":"Amplify","floor":16.0},{"not_picked":["Darkness","Skim"],"picked":"Hologram","floor":18.0},{"not_picked":["Rebound+1","Redo"],"picked":"Conserve Battery+1","floor":19.0},{"not_picked":["Barrage+1","Sweeping Beam+1"],"picked":"Coolheaded+1","floor":20.0},{"not_picked":["Leap","Doom and Gloom","Thunder Strike"],"picked":"SKIP","floor":22.0},{"not_picked":["Barrage","Multi-Cast"],"picked":"Glacier+1","floor":24.0},{"not_picked":["Storm","Fusion"],"picked":"Creative AI","floor":27.0},{"not_picked":["Creative AI","Meteor Strike"],"picked":"Force Field","floor":29.0},{"not_picked":["Consume","Coolheaded","Tempest"],"picked":"SKIP","floor":31.0},{"not_picked":["Creative AI","Multi-Cast"],"picked":"Biased Cognition","floor":33.0},{"not_picked":["Hyperbeam","Cold Snap"],"picked":"Recycle+1","floor":35.0},{"not_picked":["BootSequence+1","Leap+1"],"picked":"Reboot","floor":39.0},{"not_picked":["Glacier","Buffer"],"picked":"Seek","floor":40.0},{"not_picked":["Cold Snap+1","Biased Cognition","Rip and Tear+1"],"picked":"SKIP","floor":42.0},{"not_picked":["Beam Cell","Redo"],"picked":"Compile Driver+1","floor":44.0},{"not_picked":["Turbo+1","Rip and Tear"],"picked":"Skim","floor":54}],"player_experience":947818,"relics_obtained":[{"floor":9.0,"key":"Strawberry"},{"floor":13.0,"key":"Lantern"},{"floor":17.0,"key":"Blood Vial"},{"floor":17.0,"key":"Pantograph"},{"floor":17.0,"key":"Turnip"},{"floor":25.0,"key":"Smiling Mask"},{"floor":26.0,"key":"Eternal Feather"},{"floor":27.0,"key":"Anchor"},{"floor":31.0,"key":"Toy Ornithopter"},{"floor":40.0,"key":"Girya"},{"floor":42.0,"key":"Sundial"},{"floor":54,"key":"Cables"}],"event_choices":[{"damage_healed":0.0,"max_hp_gain":0.0,"max_hp_loss":0.0,"gold_gain":0.0,"event_name":"betterSkull:BetterSkull","player_choice":"RE ","floor":2.0,"gold_loss":0.0,"damage_taken":21.0,"cards_upgraded":[],"relics_obtained":["MealTicket"]},{"cards_removed":["Strike_B"],"damage_healed":0.0,"max_hp_gain":0.0,"max_hp_loss":0.0,"gold_gain":0.0,"event_name":"The Cleric","player_choice":"Card Removal","floor":5.0,"gold_loss":50.0,"damage_taken":0.0},{"damage_healed":0.0,"max_hp_gain":0.0,"max_hp_loss":0.0,"gold_gain":0.0,"event_name":"Match and Keep!","player_choice":"2 cards matched","floor":11.0,"gold_loss":0.0,"damage_taken":0.0,"cards_obtained":["Coolheaded","Echo Form"]},{"damage_healed":0.0,"max_hp_gain":0.0,"max_hp_loss":0.0,"gold_gain":0.0,"event_name":"N\u0027loth","player_choice":"Traded Relic","floor":21.0,"relics_lost":["Calling Bell"],"gold_loss":0.0,"damage_taken":0.0,"relics_obtained":["Nloth\u0027s Gift"]},{"damage_healed":0.0,"max_hp_gain":0.0,"max_hp_loss":0.0,"gold_gain":0.0,"event_name":"The Woman in Blue","player_choice":"Bought 1 Potion","floor":37.0,"gold_loss":0.0,"damage_taken":0.0},{"cards_removed":["Seek"],"damage_healed":0,"gold_gain":0,"player_choice":"Take \u0026 Give","damage_taken":0,"max_hp_gain":0,"max_hp_loss":0,"event_name":"betterNote:BetterNote","floor":46,"gold_loss":0,"cards_obtained":["Panache"]}],"is_beta":false,"boss_relics":[{"not_picked":["Runic Pyramid","SlaversCollar"],"picked":"Calling Bell"},{"not_picked":["FrozenCore","Nuclear Battery"],"picked":"Philosopher\u0027s Stone"}],"items_purged_floors":[0,36,38],"is_endless":false,"potions_floor_spawned":[1,4,8,16,27,29,33,39,54],"ascension_level":9}}