{"host":"7l2t4psy44vpcd9q","time":1610430646,"event":{"mods":["AchievementEnabler","BaseMod","DeckTracker","Minty Spire (QoL Compilation)","SuperFastMode"],"gold_per_floor":[111,36,56,56,75,107,107,133,133,133,133,66,82,95,95,95,95],"floor_reached":16,"playtime":534,"items_purged":[],"score":224,"play_id":"7e1521d1-f48f-4917-a7be-2c0abd061729","local_time":"20210112145046","is_ascension_mode":true,"campfire_choices":[{"floor":7,"key":"REST"},{"floor":11,"key":"REST"},{"floor":15,"key":"REST"}],"circlet_count":0,"master_deck":["AscendersBane","Strike_R","Strike_R","Strike_R","Strike_R","Defend_R","Defend_R","Defend_R","Bash","Body Slam","Shockwave","Twin Strike","Inflame","Twin Strike","Wild Strike","Blood for Blood","Burning Pact","Shrug It Off","Anger"],"relics":["Burning Blood","Dream Catcher","Bird Faced Urn","Mummified Hand"],"acts_visited":["Exordium"],"potions_floor_usage":[6,10,16],"damage_taken":[{"damage":5,"enemies":"Small Slimes","floor":1,"turns":5},{"damage":14,"enemies":"2 Louse","floor":3,"turns":4},{"damage":24,"enemies":"Jaw Worm","floor":5,"turns":4},{"damage":34,"enemies":"3 Sentries","floor":6,"turns":8},{"damage":37,"enemies":"Lagavulin","floor":8,"turns":6},{"damage":0,"enemies":"Blue Slaver","floor":10,"turns":1},{"damage":28,"enemies":"3 Louse","floor":13,"turns":3},{"damage":17,"enemies":"Looter","floor":14,"turns":4},{"damage":43,"enemies":"Slime Boss","floor":16,"turns":8}],"seed_played":"5803554944661125171","potions_obtained":[{"floor":5,"key":"AttackPotion"},{"floor":6,"key":"SmokeBomb"},{"floor":14,"key":"EssenceOfSteel"}],"is_trial":false,"path_per_floor":["M","?","M","?","M","E","R","E","T","M","R","?","M","M","R","B"],"character_chosen":"IRONCLAD","items_purchased":[],"campfire_rested":3,"item_purchase_floors":[],"current_hp_per_floor":[69,69,61,66,48,20,44,13,13,19,43,43,21,10,34,0,0],"gold":95,"neow_bonus":"REMOVE_CARD","is_daily":false,"chose_seed":false,"campfire_upgraded":0,"win_rate":0.0,"timestamp":1610430646,"path_taken":["M","?","M","?","M","E","R","E","T","M","R","?","M","M","R","BOSS"],"items_purchased_type":[],"build_version":"2020-12-22","purchased_purges":0,"victory":false,"max_hp_per_floor":[75,75,75,80,80,80,80,80,80,80,80,80,80,80,80,80,80],"card_choices":[{"not_picked":["Thunderclap","Sentinel"],"picked":"Body Slam","floor":1},{"not_picked":["Havoc","Reckless Charge"],"picked":"Shockwave","floor":3},{"not_picked":["Pommel Strike","Flex"],"picked":"Twin Strike","floor":5},{"not_picked":["Second Wind","Warcry"],"picked":"Inflame","floor":6},{"not_picked":["Burning Pact","Dark Embrace"],"picked":"Twin Strike","floor":7},{"not_picked":["Iron Wave","Thunderclap"],"picked":"Wild Strike","floor":8},{"not_picked":["Burning Pact","Flame Barrier"],"picked":"Blood for Blood","floor":11},{"not_picked":["Havoc","True Grit"],"picked":"Burning Pact","floor":13},{"not_picked":["Wild Strike","True Grit"],"picked":"Shrug It Off","floor":14},{"not_picked":["Pommel Strike","Sever Soul"],"picked":"Anger","floor":15}],"player_experience":1206910,"relics_obtained":[{"floor":6,"key":"Dream Catcher"},{"floor":8,"key":"Bird Faced Urn"},{"floor":9,"key":"Mummified Hand"}],"event_choices":[{"cards_removed":["Strike_R"],"damage_healed":0,"gold_gain":0,"player_choice":"Card Removal","damage_taken":0,"max_hp_gain":0,"max_hp_loss":0,"event_name":"The Cleric","floor":2,"gold_loss":75},{"damage_healed":0,"gold_gain":0,"player_choice":"Donut","damage_taken":0,"max_hp_gain":5,"max_hp_loss":0,"event_name":"Big Fish","floor":4,"gold_loss":0},{"damage_healed":0,"gold_gain":0,"player_choice":"Left Gold","damage_taken":0,"max_hp_gain":0,"max_hp_loss":0,"event_name":"World of Goop","floor":12,"gold_loss":67}],"is_beta":false,"boss_relics":[],"items_purged_floors":[],"is_endless":false,"potions_floor_spawned":[5,6,14],"killed_by":"Slime Boss","ascension_level":20}}