{"host":"vl29iwkwnyytuw8q","time":1610469616,"event":{"mods":["BaseMod","Minty Spire (QoL Compilation)","Permanent Neow","Relic Stats","StSLib"],"gold_per_floor":[117,133,143,54,129,129,156,156,156,81,101,101,121,149,149,224,224,238,238,163,175,175,201,201,214,240,265,5,25,40,40,40,111,111,130,5,16,16,36,36,50,65,65,65,65,83,103,120,120,120],"floor_reached":51,"playtime":1594,"items_purged":["Strike_R","Strike_R","Defend_R"],"score":1317,"play_id":"ce0671fb-ec2b-49d3-ba70-0d5aaf88b98f","local_time":"20210112174016","is_ascension_mode":true,"campfire_choices":[{"data":"Fiend Fire","floor":6.0,"key":"SMITH"},{"data":"Whirlwind","floor":8.0,"key":"SMITH"},{"floor":15.0,"key":"REST"},{"data":"Rage","floor":24.0,"key":"SMITH"},{"data":"Double Tap","floor":32.0,"key":"SMITH"},{"floor":40.0,"key":"REST"},{"data":"Spot Weakness","floor":49.0,"key":"SMITH"}],"circlet_count":0,"master_deck":["AscendersBane","Strike_R","Defend_R","Defend_R","Defend_R","Bash","Anger","Dropkick","Bloodletting","Fiend Fire+1","Whirlwind+1","Fire Breathing","Rage+1","Clothesline","Double Tap+1","Shrug It Off","Flex+1","True Grit+1","Intimidate","Anger","Reaper","Shrug It Off+1","Thunderclap+1","Spot Weakness+1","Power Through","Burning Pact","Feel No Pain"],"relics":["Runic Pyramid","Pear","Orichalcum","Strawberry","Bag of Preparation","Sozu","FaceOfCleric","Boot","Red Skull","Lee\u0027s Waffle","SlaversCollar","Bottled Tornado"],"acts_visited":["Exordium","TheCity","TheBeyond"],"potions_floor_usage":[],"damage_taken":[{"damage":8.0,"enemies":"2 Louse","floor":1.0,"turns":4.0},{"damage":5.0,"enemies":"Small Slimes","floor":2.0,"turns":3.0},{"damage":0.0,"enemies":"Cultist","floor":3.0,"turns":3.0},{"damage":0.0,"enemies":"Lagavulin","floor":7.0,"turns":3.0},{"damage":2.0,"enemies":"Large Slime","floor":11.0,"turns":2.0},{"damage":13.0,"enemies":"Red Slaver","floor":13.0,"turns":3.0},{"damage":13.0,"enemies":"3 Sentries","floor":14.0,"turns":4.0},{"damage":12.0,"enemies":"Slime Boss","floor":16.0,"turns":6.0},{"damage":0.0,"enemies":"Chosen","floor":18.0,"turns":3.0},{"damage":8.0,"enemies":"Shell Parasite","floor":21.0,"turns":4.0},{"damage":27.0,"enemies":"Gremlin Leader","floor":23.0,"turns":3.0},{"damage":0.0,"enemies":"Chosen and Byrds","floor":25.0,"turns":4.0},{"damage":33.0,"enemies":"Slavers","floor":27.0,"turns":3.0},{"damage":14.0,"enemies":"Snake Plant","floor":29.0,"turns":4.0},{"damage":0.0,"enemies":"Centurion and Healer","floor":30.0,"turns":5.0},{"damage":46.0,"enemies":"Automaton","floor":33.0,"turns":9.0},{"damage":22.0,"enemies":"3 Darklings","floor":35.0,"turns":3.0},{"damage":32.0,"enemies":"3 Shapes","floor":37.0,"turns":10.0},{"damage":40.0,"enemies":"Sphere and 2 Shapes","floor":39.0,"turns":6.0},{"damage":37.0,"enemies":"Spire Growth","floor":41.0,"turns":6.0},{"damage":18.0,"enemies":"Writhing Mass","floor":42.0,"turns":4.0},{"damage":5.0,"enemies":"Transient","floor":46.0,"turns":5.0},{"damage":10.0,"enemies":"4 Shapes","floor":47.0,"turns":3.0},{"damage":3.0,"enemies":"Maw","floor":48.0,"turns":4.0},{"damage":63,"enemies":"Donu and Deca","floor":50,"turns":9}],"seed_played":"6866285563560240776","potions_obtained":[{"floor":2.0,"key":"GamblersBrew"},{"floor":7.0,"key":"Dexterity Potion"}],"is_trial":false,"path_per_floor":["M","M","M","$","?","R","E","R","T","?","M","?","M","E","R","B",null,"M","?","$","M","?","E","R","M","T","E","$","M","M","?","R","B",null,"M","$","M","?","M","R","M","M","T","$","?","M","M","M","R","B",null],"character_chosen":"IRONCLAD","items_purchased":["Fiend Fire","Lee\u0027s Waffle"],"campfire_rested":2,"item_purchase_floors":[4,28],"current_hp_per_floor":[60,55,55,55,44,44,54,54,54,54,52,48,35,22,49,37,78,78,78,78,70,70,44,44,45,45,13,102,89,90,90,90,45,90,93,93,72,72,53,85,55,55,55,55,49,52,43,52,52,70],"gold":120,"neow_bonus":"BOSS_RELIC","is_daily":false,"chose_seed":false,"campfire_upgraded":5,"win_rate":0.0,"timestamp":1610469616,"path_taken":["M","M","M","$","?","R","E","R","T","?","M","?","M","E","R","BOSS","M","?","$","M","?","E","R","M","T","E","$","M","?","?","R","BOSS","M","$","M","?","M","R","?","M","T","?","?","?","M","M","R","BOSS"],"items_purchased_type":["Card","Relic"],"build_version":"2020-12-22","purchased_purges":3,"victory":true,"max_hp_per_floor":[75,75,75,75,75,75,85,85,85,85,85,92,92,92,92,92,92,92,92,92,92,92,93,93,94,94,95,102,103,104,104,104,105,105,106,106,107,107,108,108,109,110,110,110,110,111,112,113,113,114],"relic_stats":{"Sozu":7,"Lee\u0027s Waffle":89,"FaceOfCleric":15,"counters":[25,113],"Bag of Preparation":[36],"Orichalcum":[126],"Boot":[26],"obtain_stats":[{"Lee\u0027s Waffle":28,"Pear":7,"Bag of Preparation":14,"Orichalcum":9,"Bottled Tornado":43,"Boot":23,"Burning Blood":0,"Sozu":17,"SlaversCollar":34,"FaceOfCleric":22,"Strawberry":12,"Red Skull":27,"Runic Pyramid":0},{"Lee\u0027s Waffle":13,"Pear":4,"Bag of Preparation":7,"Orichalcum":4,"Bottled Tornado":21,"Boot":11,"Burning Blood":0,"Sozu":8,"SlaversCollar":16,"FaceOfCleric":10,"Strawberry":5,"Red Skull":13,"Runic Pyramid":0},{"Lee\u0027s Waffle":45,"Pear":13,"Bag of Preparation":22,"Orichalcum":13,"Bottled Tornado":92,"Boot":38,"Burning Blood":0,"Sozu":28,"SlaversCollar":63,"FaceOfCleric":35,"Strawberry":15,"Red Skull":45,"Runic Pyramid":0}]},"card_choices":[{"not_picked":["Twin Strike","Dark Embrace"],"picked":"Anger","floor":1.0},{"not_picked":["Flex","Searing Blow"],"picked":"Dropkick","floor":2.0},{"not_picked":["Sentinel","Iron Wave"],"picked":"Bloodletting","floor":3.0},{"not_picked":["Power Through","Wild Strike"],"picked":"Whirlwind","floor":7.0},{"not_picked":["Heavy Blade","Clash","Fire Breathing"],"picked":"SKIP","floor":11.0},{"not_picked":["Heavy Blade","Clash"],"picked":"Fire Breathing","floor":11.0},{"not_picked":["Juggernaut","Perfected Strike"],"picked":"Rage","floor":13.0},{"not_picked":["Flex","Evolve"],"picked":"Clothesline","floor":14.0},{"not_picked":["Demon Form","Berserk"],"picked":"Double Tap","floor":16.0},{"not_picked":["Clash","Wild Strike"],"picked":"Shrug It Off","floor":18.0},{"not_picked":["Combust","Warcry"],"picked":"Flex+1","floor":21.0},{"not_picked":["Berserk","Sword Boomerang"],"picked":"True Grit+1","floor":23.0},{"not_picked":["Evolve","Carnage+1"],"picked":"Intimidate","floor":25.0},{"not_picked":["Warcry","Seeing Red"],"picked":"Anger","floor":27.0},{"not_picked":["Pommel Strike","Armaments","Perfected Strike"],"picked":"SKIP","floor":29.0},{"not_picked":["Cleave","Perfected Strike","Body Slam+1"],"picked":"SKIP","floor":30.0},{"not_picked":["Berserk","Immolate"],"picked":"Reaper","floor":33.0},{"not_picked":["Sever Soul","True Grit"],"picked":"Shrug It Off+1","floor":35.0},{"not_picked":["Perfected Strike+1","Iron Wave+1","Blood for Blood"],"picked":"SKIP","floor":37.0},{"not_picked":["Intimidate","Dropkick+1"],"picked":"Thunderclap+1","floor":39.0},{"not_picked":["Thunderclap+1","Heavy Blade+1"],"picked":"Spot Weakness","floor":41.0},{"not_picked":["Wild Strike","Combust","Power Through"],"picked":"SKIP","floor":42.0},{"not_picked":["Wild Strike","Combust"],"picked":"Power Through","floor":42.0},{"not_picked":["True Grit","Dark Embrace"],"picked":"Burning Pact","floor":46.0},{"not_picked":["Rupture","Power Through","Body Slam+1"],"picked":"SKIP","floor":47.0},{"not_picked":["Seeing Red","Perfected Strike"],"picked":"Feel No Pain","floor":48.0}],"player_experience":625030,"relics_obtained":[{"floor":7.0,"key":"Pear"},{"floor":9.0,"key":"Orichalcum"},{"floor":14.0,"key":"Bag of Preparation"},{"floor":23.0,"key":"Boot"},{"floor":27.0,"key":"Red Skull"},{"floor":43.0,"key":"Bottled Tornado"}],"event_choices":[{"damage_healed":0.0,"max_hp_gain":0.0,"max_hp_loss":0.0,"gold_gain":75.0,"event_name":"World of Goop","player_choice":"Gather Gold","floor":5.0,"gold_loss":0.0,"damage_taken":11.0},{"cards_removed":["Strike_R"],"damage_healed":0.0,"max_hp_gain":0.0,"max_hp_loss":0.0,"gold_gain":0.0,"event_name":"The Cleric","player_choice":"Card Removal","floor":10.0,"gold_loss":75.0,"damage_taken":0.0},{"damage_healed":0.0,"max_hp_gain":0.0,"max_hp_loss":0.0,"gold_gain":0.0,"event_name":"Scrap Ooze","player_choice":"Success","floor":12.0,"gold_loss":0.0,"damage_taken":11.0,"relics_obtained":["Strawberry"]},{"damage_healed":0.0,"max_hp_gain":0.0,"max_hp_loss":0.0,"gold_gain":0.0,"event_name":"Ghosts","player_choice":"Ignored","floor":19.0,"gold_loss":0.0,"damage_taken":0.0},{"damage_healed":0.0,"max_hp_gain":0.0,"max_hp_loss":0.0,"gold_gain":0.0,"event_name":"FaceTrader","player_choice":"Trade","floor":22.0,"gold_loss":0.0,"damage_taken":0.0,"relics_obtained":["FaceOfCleric"]},{"damage_healed":0.0,"max_hp_gain":0.0,"max_hp_loss":0.0,"gold_gain":0.0,"event_name":"Lab","player_choice":"Got Potions","floor":31.0,"gold_loss":0.0,"damage_taken":0.0},{"cards_removed":["Strike_R"],"damage_healed":0.0,"max_hp_gain":0.0,"max_hp_loss":0.0,"gold_gain":0.0,"event_name":"Purifier","player_choice":"Purged","floor":38.0,"gold_loss":0.0,"damage_taken":0.0},{"damage_healed":0.0,"max_hp_gain":0.0,"max_hp_loss":0.0,"gold_gain":0.0,"event_name":"The Woman in Blue","player_choice":"Bought 0 Potions","floor":45.0,"gold_loss":0.0,"damage_taken":0.0}],"is_beta":false,"boss_relics":[{"not_picked":["Runic Cube","Coffee Dripper"],"picked":"Sozu"},{"not_picked":["Tiny House","SacredBark"],"picked":"SlaversCollar"}],"items_purged_floors":[20,28,36],"is_endless":false,"potions_floor_spawned":[2,7,25,27,30,33,35,42,46],"ascension_level":16}}