{"host":"9vk21r6l9dtkpvh9","time":1610466339,"event":{"mods":["100% Spire Juice","2.2 Compatiblity","AchievementEnabler","Act Like it!","Astrologer","Bartender","BaseMod","Better Altar","Better Match","Better Note","Better Sensory Stone","Better Skull","Better Third Choice","BetterRewards","CapriCore","CatGirl Mod","Colored Map","Colored Powertips","Conspire","DeckTracker","Downfall","Energized Spire","Gensokyo","GifTheSpireLib","Hermit","Hubris","Infinite Spire","Jorbs\u0027s Wanderer Trilogy","Koishi","LagranYue(???·?)","Luminous","Mad Scientist","Marisa????????","Mimic Mod","Minty Spire (QoL Compilation)","Potionbrewer","Rare Cards Sparkle","Relic Stats","Replay The Spire","SOS???????","Shade Mod","Spicy Shops","StSLib","SuperFastMode","Td1madao Mod","The Animator","The Forsaken","The Gatherer","The Hierophant","The Immortal","The Jungle","The Marked","The Mystic","The Necromancer","The Runesmith","The Senshi","The Servant 0.9.4","The Valiant","The Wild Card","TheBandit","TheSwordswoman","TheWitcher","WarShipGirlsR/????R mod","vexMod","???Mod??????Boss"],"gold_per_floor":[115,190,190,205,220,220,255,274,309,323,338,393,393,403,403,498,498,509,509,528,528,546,546,546],"floor_reached":23,"playtime":2300,"items_purged":["astrologer:Strike"],"score":195,"play_id":"027050ba-923d-4ea9-a3d5-27c9e2f07f0e","local_time":"20210112104539","is_ascension_mode":false,"campfire_choices":[{"data":"astrologer:StarOfMisfortune","floor":6,"key":"SMITH"},{"data":"astrologer:Starfield","floor":13,"key":"SMITH"},{"floor":15,"key":"REST"}],"circlet_count":0,"master_deck":["astrologer:Strike","astrologer:Strike","astrologer:Strike","astrologer:Defend","astrologer:Defend","astrologer:Defend","astrologer:Defend","astrologer:NorthStar","astrologer:TheFool","astrologer:MeteorShower","astrologer:StarOfMisfortune+1","astrologer:FrozenStar","astrologer:ShiningStar","astrologer:Cataclysm","astrologer:Opposition","astrologer:Radiance","astrologer:Starfield+1","astrologer:SolarFlare","astrologer:Fate","astrologer:Conjunction","astrologer:TheTower","astrologer:SolarFlare"],"relics":["astrologer:SkyMirror","LagranYue:RandomDrawCardRelic","Calipers","Dream Catcher","Cursed Key","hubris:CrystalStatue"],"acts_visited":["Exordium","TheCity"],"potions_floor_usage":[12,12,14,16,20,22],"damage_taken":[{"damage":0,"enemies":"conspire:RoseBush","floor":1,"turns":3},{"damage":0,"enemies":"Small Slimes","floor":4,"turns":3},{"damage":1,"enemies":"Jaw Worm","floor":5,"turns":3},{"damage":15,"enemies":"3 Sentries","floor":7,"turns":10},{"damage":1,"enemies":"3 Louse","floor":8,"turns":3},{"damage":3,"enemies":"Large Slime","floor":9,"turns":5},{"damage":5,"enemies":"Large Slime","floor":10,"turns":6},{"damage":2,"enemies":"Blue Slaver","floor":11,"turns":3},{"damage":25,"enemies":"Gremlin Nob","floor":12,"turns":5},{"damage":7,"enemies":"Exordium Wildlife","floor":14,"turns":2},{"damage":33,"enemies":"Slime Boss","floor":16,"turns":9},{"damage":37,"enemies":"conspire:FuzzyDice","floor":18,"turns":7},{"damage":5,"enemies":"Chosen","floor":20,"turns":5},{"damage":4,"enemies":"Snake Plant","floor":22,"turns":4},{"damage":15,"enemies":"conspire:Head Lice","floor":23,"turns":7}],"seed_played":"-843298312474518596","potions_obtained":[{"floor":1,"key":"SkillPotion"},{"floor":4,"key":"Fruit Juice"},{"floor":7,"key":"potionbrewer:CleansingPotion"},{"floor":12,"key":"sneckomod:MuddlingPotion"},{"floor":14,"key":"Venom Potion"},{"floor":16,"key":"conspire:TimeTravelPotion"},{"floor":18,"key":"Energy Potion"},{"floor":19,"key":"Flashbang"},{"floor":19,"key":"LiquidMemories"},{"floor":20,"key":"potionbrewer:HastePotion"}],"is_trial":false,"path_per_floor":["M","?","?","M","M","R","E","M","MIM","M","M","?","R","M","R","B",null,"M","?","M","AVR","M","E"],"character_chosen":"ASTROLOGER","items_purchased":[],"campfire_rested":1,"item_purchase_floors":[],"current_hp_per_floor":[77,66,66,66,65,65,50,49,46,41,39,19,19,12,36,3,82,45,45,40,40,36,21,21],"gold":546,"neow_bonus":"TEN_PERCENT_HP_BONUS","is_daily":false,"chose_seed":false,"campfire_upgraded":2,"win_rate":0.0,"timestamp":1610466339,"path_taken":["M","?","?","M","M","R","E","M","MIM","M","M","?","R","?","R","BOSS","M","?","M","AVR","M","E"],"items_purchased_type":[],"build_version":"2020-12-22","purchased_purges":1,"victory":false,"max_hp_per_floor":[77,77,77,77,77,77,77,77,77,77,77,82,82,82,82,82,82,82,82,82,82,82,82,82],"relic_stats":{"Dream Catcher":1,"counters":[15,75],"Cursed Key":0,"obtain_stats":[{"Dream Catcher":12,"Calipers":7,"hubris:CrystalStatue":21,"LagranYue:RandomDrawCardRelic":0,"astrologer:SkyMirror":0,"Cursed Key":17},{"Dream Catcher":9,"Calipers":4,"hubris:CrystalStatue":13,"LagranYue:RandomDrawCardRelic":0,"astrologer:SkyMirror":0,"Cursed Key":11},{"Dream Catcher":41,"Calipers":19,"hubris:CrystalStatue":64,"LagranYue:RandomDrawCardRelic":0,"astrologer:SkyMirror":0,"Cursed Key":52}]},"card_choices":[{"not_picked":["astrologer:Stardust","astrologer:Confirmation"],"picked":"astrologer:MeteorShower","floor":1},{"not_picked":["astrologer:StarOfRegret","astrologer:Observe"],"picked":"astrologer:StarOfMisfortune","floor":4},{"not_picked":["astrologer:ReadTheStars","astrologer:Conjunction"],"picked":"astrologer:FrozenStar","floor":5},{"not_picked":["astrologer:StarOfCourage","astrologer:BlackHole"],"picked":"astrologer:ShiningStar","floor":7},{"not_picked":["astrologer:SolarFlare","astrologer:Stardust"],"picked":"astrologer:Cataclysm","floor":8},{"not_picked":["astrologer:TheStar","astrologer:StarOfChange"],"picked":"astrologer:Opposition","floor":9},{"not_picked":["astrologer:ReadTheStars","astrologer:Stardust","astrologer:Still"],"picked":"SKIP","floor":10},{"not_picked":["astrologer:Eclipse","astrologer:TheTower"],"picked":"astrologer:Radiance","floor":11},{"not_picked":["astrologer:CometStrike","astrologer:NeutronStar"],"picked":"astrologer:Starfield","floor":12},{"not_picked":["astrologer:Opposition","astrologer:MeteorShower"],"picked":"astrologer:SolarFlare","floor":14},{"not_picked":["astrologer:TheWorld","astrologer:BlackHole"],"picked":"astrologer:Fate","floor":16},{"not_picked":["astrologer:FadingStar","astrologer:CometStrike+1"],"picked":"astrologer:Conjunction","floor":18},{"not_picked":["astrologer:SpaceDust","astrologer:Eclipse"],"picked":"astrologer:TheTower","floor":20},{"not_picked":["astrologer:TheTower","astrologer:SpaceDust"],"picked":"astrologer:SolarFlare","floor":22}],"player_experience":652018,"relics_obtained":[{"floor":7,"key":"Calipers"},{"floor":12,"key":"Dream Catcher"}],"event_choices":[{"damage_healed":0,"gold_gain":75,"player_choice":"Gold","damage_taken":11,"max_hp_gain":0,"max_hp_loss":0,"event_name":"betterThird:BetterGoop","floor":2,"gold_loss":0},{"damage_healed":0,"gold_gain":0,"player_choice":"Leave","damage_taken":0,"max_hp_gain":0,"max_hp_loss":0,"event_name":"The Cleric","floor":3,"gold_loss":0},{"damage_healed":0,"gold_gain":30,"player_choice":"Searched \u00272\u0027 times","damage_taken":0,"max_hp_gain":0,"max_hp_loss":0,"event_name":"Dead Adventurer","floor":12,"gold_loss":0},{"damage_healed":0,"gold_gain":0,"player_choice":"Got Potions","damage_taken":0,"max_hp_gain":0,"max_hp_loss":0,"event_name":"Lab","floor":19,"gold_loss":0}],"is_beta":false,"boss_relics":[{"not_picked":["Busted Crown","Tiny House"],"picked":"Cursed Key"}],"items_purged_floors":[21],"is_endless":false,"potions_floor_spawned":[1,4,7,12,14,16,18,20],"killed_by":"conspire:Head Lice","ascension_level":0}}