{"host":"a5523bqxi3k68xf3","time":1610458372,"event":{"mods":["BaseMod","BetterRewards","Hermit","Koishi","Marisa????????","Minty Spire (QoL Compilation)","Quick Restart","Random Character Button","Relic Stats","Shop Mod","StSLib","The Animator","The Cursed","The Necromancer","The Servant 0.9.4"],"gold_per_floor":[118,118,138,138,63,97,97,125,176,176,193,227,227,56,56,151,151,166,91,117,38,38,38,63,80,80,5,25,49,61,94,94,198,248,263,263,118,137,137,137,169,169,240,240,253,303,337,355,355,355],"floor_reached":51,"playtime":5519,"items_purged":["Defend_P"],"score":1485,"play_id":"b6b49aa5-494a-4aaa-b105-42c6883e9829","local_time":"20210112143252","is_ascension_mode":true,"campfire_choices":[{"data":"Blasphemy","floor":7,"key":"SMITH"},{"floor":10,"key":"REST"},{"data":"Prostrate","floor":13,"key":"SMITH"},{"data":"WreathOfFlame","floor":15,"key":"SMITH"},{"data":"Vigilance","floor":23,"key":"SMITH"},{"data":"Devotion","floor":32,"key":"SMITH"},{"data":"Strike_P","floor":40,"key":"SMITH"},{"data":"Strike_P","floor":42,"key":"SMITH"},{"data":"Strike_P","floor":44,"key":"SMITH"},{"floor":49,"key":"REST"}],"circlet_count":0,"master_deck":["Strike_P+1","Strike_P+1","Strike_P+1","Defend_P+1","Eruption+1","Vigilance+1","WreathOfFlame+1","CrushJoints+1","Blasphemy+1","FlyingSleeves+1","Prostrate+1","SashWhip+1","Ragnarok+1","CrushJoints+1","Devotion+1","Study+1"],"relics":["PureWater","Molten Egg 2","Sling","Boot","CaptainsWheel","Sundial","Bag of Preparation","Pear","Membership Card","Busted Crown","Red Mask","Vajra","Anchor","Mummified Hand","Ancient Tea Set","Singing Bowl","Tiny House","Lizard Tail","Frozen Egg 2","Bottled Flame","Calipers","Potion Belt"],"acts_visited":["Exordium","TheCity","TheBeyond"],"potions_floor_usage":[24,50,50,50],"damage_taken":[{"damage":0,"enemies":"2 Louse","floor":1,"turns":2},{"damage":0,"enemies":"Cultist","floor":3,"turns":2},{"damage":0,"enemies":"Lagavulin","floor":6,"turns":2},{"damage":10,"enemies":"Gremlin Nob","floor":8,"turns":3},{"damage":0,"enemies":"Jaw Worm","floor":11,"turns":1},{"damage":0,"enemies":"Lagavulin","floor":12,"turns":2},{"damage":9,"enemies":"Slime Boss","floor":16,"turns":8},{"damage":0,"enemies":"Spheric Guardian","floor":18,"turns":1},{"damage":0,"enemies":"Masked Bandits","floor":20,"turns":2},{"damage":10,"enemies":"Slavers","floor":24,"turns":4},{"damage":0,"enemies":"Chosen","floor":25,"turns":1},{"damage":0,"enemies":"Snake Plant","floor":28,"turns":1},{"damage":0,"enemies":"Centurion and Healer","floor":30,"turns":3},{"damage":0,"enemies":"Gremlin Leader","floor":31,"turns":5},{"damage":8,"enemies":"Champ","floor":33,"turns":6},{"damage":0,"enemies":"Orb Walker","floor":35,"turns":1},{"damage":0,"enemies":"3 Darklings","floor":38,"turns":1},{"damage":0,"enemies":"Reptomancer","floor":41,"turns":2},{"damage":0,"enemies":"Jaw Worm Horde","floor":45,"turns":2},{"damage":0,"enemies":"Mind Bloom Boss Battle","floor":46,"turns":2},{"damage":5,"enemies":"Nemesis","floor":47,"turns":3},{"damage":5,"enemies":"Writhing Mass","floor":48,"turns":4},{"damage":58,"enemies":"Time Eater","floor":50,"turns":4}],"seed_played":"-5037876824965010512","potions_obtained":[{"floor":1,"key":"SkillPotion"},{"floor":3,"key":"BlessingOfTheForge"},{"floor":6,"key":"Regen Potion"},{"floor":24,"key":"SteroidPotion"},{"floor":31,"key":"Strength Potion"},{"floor":34,"key":"AttackPotion"},{"floor":45,"key":"AttackPotion"},{"floor":48,"key":"Fire Potion"}],"is_trial":false,"path_per_floor":["M","?","M","?","$","E","R","E","T","R","M","E","R","$","R","B",null,"M","?","?","$","?","R","E","M","T","$","M","T","M","E","R","B",null,"M","?","$","M","?","R","E","R","T","R","M","?","E","M","R","B",null],"character_chosen":"WATCHER","items_purchased":["Molten Egg 2","Sling","Membership Card","SashWhip+1","Vajra","Devotion","Lizard Tail"],"campfire_rested":2,"item_purchase_floors":[0,0,14,14,21,27,37],"current_hp_per_floor":[51,51,51,48,48,48,48,38,38,59,59,69,69,69,69,60,77,77,77,77,77,77,77,67,67,67,67,67,67,67,69,69,63,87,89,89,89,89,89,89,91,91,91,91,93,95,92,89,100,42],"gold":355,"neow_bonus":"","is_daily":false,"chose_seed":false,"campfire_upgraded":8,"win_rate":0.0,"timestamp":1610458372,"path_taken":["M","?","?","?","$","E","R","E","T","R","M","E","R","$","R","BOSS","M","?","?","$","?","R","E","M","T","$","M","?","?","E","R","BOSS","M","?","$","M","?","R","E","R","T","R","?","?","E","M","R","BOSS"],"items_purchased_type":["Relic","Relic","Relic","Card","Relic","Card","Relic"],"build_version":"2020-12-22","purchased_purges":1,"victory":true,"max_hp_per_floor":[72,72,72,72,72,72,72,72,72,72,72,82,82,82,82,82,82,82,82,82,82,82,82,82,82,82,82,82,82,82,84,84,86,93,95,90,90,90,90,90,92,92,92,92,94,96,98,100,100,100],"relic_stats":{"Lizard Tail":0,"Busted Crown":46,"Singing Bowl":36,"counters":[55,177],"Sundial":[6],"Mummified Hand":[57],"Bag of Preparation":[62],"Boot":[10],"obtain_stats":[{"Regal Pillow":9,"Tiny House":34,"Calipers":46,"Singing Bowl":31,"Vajra":21,"Juzu Bracelet":21,"Bag of Preparation":9,"TeardropLocket":10,"Sling":37,"Boot":4,"Ancient Tea Set":29,"Blood Vial":9,"Lizard Tail":37,"HornCleat":6,"Mummified Hand":0,"Sundial":8,"Tiny Chest":7,"Red Mask":38,"Potion Belt":12,"Pear":12,"NeowsBlessing":0,"Astrolabe":34,"Eternal Feather":19,"Pen Nib":22,"The Courier":26,"Omamori":31,"War Paint":0,"Frozen Egg 2":41,"Akabeko":6,"CaptainsWheel":6,"Anchor":24,"Bottled Flame":43,"Busted Crown":17,"Molten Egg 2":0,"Black Star":17,"Bottled Lightning":36,"Membership Card":14,"PureWater":0},{"Regal Pillow":4,"Tiny House":47,"Calipers":52,"Singing Bowl":46,"Vajra":41,"Juzu Bracelet":12,"Bag of Preparation":36,"TeardropLocket":5,"Sling":16,"Boot":34,"Ancient Tea Set":44,"Blood Vial":25,"Lizard Tail":48,"HornCleat":24,"Mummified Hand":19,"Sundial":36,"Tiny Chest":4,"Red Mask":16,"Potion Belt":7,"Pear":38,"NeowsBlessing":0,"Astrolabe":15,"Eternal Feather":29,"Pen Nib":12,"The Courier":13,"Omamori":14,"War Paint":19,"Frozen Egg 2":50,"Akabeko":4,"CaptainsWheel":35,"Anchor":42,"Bottled Flame":50,"Busted Crown":10,"Molten Egg 2":32,"Black Star":28,"Bottled Lightning":16,"Membership Card":38,"PureWater":0},{"Regal Pillow":7,"Tiny House":158,"Calipers":166,"Singing Bowl":152,"Vajra":138,"Juzu Bracelet":32,"Bag of Preparation":124,"TeardropLocket":10,"Sling":49,"Boot":119,"Ancient Tea Set":144,"Blood Vial":86,"Lizard Tail":159,"HornCleat":79,"Mummified Hand":59,"Sundial":124,"Tiny Chest":7,"Red Mask":49,"Potion Belt":13,"Pear":127,"NeowsBlessing":0,"Astrolabe":45,"Eternal Feather":100,"Pen Nib":32,"The Courier":35,"Omamori":38,"War Paint":59,"Frozen Egg 2":162,"Akabeko":7,"CaptainsWheel":121,"Anchor":142,"Bottled Flame":162,"Busted Crown":25,"Molten Egg 2":115,"Black Star":97,"Bottled Lightning":49,"Membership Card":127,"PureWater":0}]},"card_choices":[{"not_picked":["FollowUp+1","Fasting2"],"picked":"WreathOfFlame","floor":1},{"not_picked":["Pray","WheelKick+1"],"picked":"CrushJoints+1","floor":3},{"not_picked":["Fasting2","PathToVictory"],"picked":"Blasphemy","floor":6},{"not_picked":["Wireheading","Protect"],"picked":"FlyingSleeves+1","floor":8},{"not_picked":["PathToVictory","WaveOfTheHand","Evaluate"],"picked":"SKIP","floor":11},{"not_picked":["BowlingBash+1","TalkToTheHand+1"],"picked":"Prostrate","floor":12},{"not_picked":["DeusExMachina","ConjureBlade"],"picked":"Ragnarok+1","floor":16},{"not_picked":["Sanctity"],"picked":"SKIP","floor":18},{"not_picked":["InnerPeace"],"picked":"SKIP","floor":24},{"not_picked":[],"picked":"CrushJoints+1","floor":25},{"not_picked":["FlyingSleeves+1"],"picked":"SKIP","floor":28},{"not_picked":["BowlingBash+1"],"picked":"SKIP","floor":30},{"not_picked":["Tantrum+1"],"picked":"Singing Bowl","floor":31},{"not_picked":["Blasphemy"],"picked":"Singing Bowl","floor":33},{"not_picked":["Evaluate"],"picked":"Singing Bowl","floor":34},{"not_picked":["DeceiveReality"],"picked":"Singing Bowl","floor":35},{"not_picked":[],"picked":"Study+1","floor":38},{"not_picked":["CrushJoints+1"],"picked":"Singing Bowl","floor":41},{"not_picked":["CrushJoints+1"],"picked":"Singing Bowl","floor":45},{"not_picked":["Crescendo"],"picked":"Singing Bowl","floor":46},{"not_picked":["Evaluate+1"],"picked":"Singing Bowl","floor":47},{"not_picked":["FlyingSleeves+1"],"picked":"Singing Bowl","floor":48}],"player_experience":1686039,"relics_obtained":[{"floor":6,"key":"CaptainsWheel"},{"floor":8,"key":"Sundial"},{"floor":9,"key":"Bag of Preparation"},{"floor":12,"key":"Pear"},{"floor":20,"key":"Red Mask"},{"floor":24,"key":"Anchor"},{"floor":26,"key":"Mummified Hand"},{"floor":29,"key":"Ancient Tea Set"},{"floor":31,"key":"Singing Bowl"},{"floor":41,"key":"Frozen Egg 2"},{"floor":43,"key":"Bottled Flame"},{"floor":46,"key":"Calipers"},{"floor":47,"key":"Potion Belt"}],"event_choices":[{"damage_healed":0,"gold_gain":0,"player_choice":"Upgraded","damage_taken":0,"max_hp_gain":0,"max_hp_loss":0,"event_name":"Upgrade Shrine","floor":2,"gold_loss":0,"cards_upgraded":["Eruption"]},{"damage_healed":0,"gold_gain":0,"player_choice":"Success","damage_taken":3,"relics_obtained":["Boot"],"max_hp_gain":0,"max_hp_loss":0,"event_name":"Scrap Ooze","floor":4,"gold_loss":0},{"cards_removed":["Strike_P"],"damage_healed":0,"gold_gain":0,"player_choice":"Gave Gold","damage_taken":0,"max_hp_gain":0,"max_hp_loss":0,"event_name":"Beggar","floor":19,"gold_loss":75},{"damage_healed":0,"gold_gain":0,"player_choice":"Fought Bandits","damage_taken":0,"max_hp_gain":0,"max_hp_loss":0,"event_name":"Masked Bandits","floor":20,"gold_loss":0},{"cards_removed":["Defend_P"],"damage_healed":0,"gold_gain":0,"player_choice":"Elegance","damage_taken":0,"max_hp_gain":0,"max_hp_loss":0,"event_name":"Back to Basics","floor":22,"gold_loss":0},{"damage_healed":0,"gold_gain":0,"player_choice":"Max HP","damage_taken":0,"max_hp_gain":0,"max_hp_loss":5,"event_name":"Winding Halls","floor":36,"gold_loss":0},{"cards_removed":["Defend_P"],"damage_healed":0,"gold_gain":0,"player_choice":"Card Removal","damage_taken":0,"max_hp_gain":0,"max_hp_loss":0,"event_name":"Wheel of Change","floor":39,"gold_loss":0},{"damage_healed":0,"gold_gain":0,"player_choice":"Fight","damage_taken":0,"max_hp_gain":0,"max_hp_loss":0,"event_name":"MindBloom","floor":46,"gold_loss":0}],"is_beta":false,"boss_relics":[{"not_picked":["Velvet Choker","SlaversCollar"],"picked":"Busted Crown"},{"not_picked":["Sozu","Pandora\u0027s Box"],"picked":"Tiny House"}],"items_purged_floors":[5],"is_endless":false,"potions_floor_spawned":[1,3,6,20,24,31,35,38,45,48],"ascension_level":9}}