{"host":"3yynf0dn84873kbr","time":1610466844,"event":{"mods":["Act Like it!","BaseMod","CapriCore","Minty Spire (QoL Compilation)","Pale of the Ancients","StSLib","The Marked","WarShipGirlsR/战舰少女R mod","[IsaacMod]以撒尖塔"],"gold_per_floor":[115,115,197,207,157,157,157,7,7,18,18,30,37,71,71,253,253,289,204,204,204,129,129,129,129,175,175,192,261,32,82,82,192,192,228,255,289,289,316,316,316,346,399,429,429,436,436],"floor_reached":46,"playtime":1933,"items_purged":[],"score":467,"play_id":"476212ff-8926-4ab9-89ad-0f6b2aacfdb6","local_time":"20210112235404","is_ascension_mode":false,"campfire_choices":[{"data":"rmod:basicallowance","floor":11.0,"key":"SMITH"},{"data":"rmod:stealaluminum","floor":15.0,"key":"SMITH"},{"data":"rmod:chargemoney","floor":25,"key":"SMITH"},{"data":"rmod:robin","floor":27,"key":"SMITH"},{"floor":32,"key":"REST"},{"data":"rmod:mineteam","floor":40,"key":"SMITH"},{"data":"rmod:lonelyqueen","floor":45,"key":"SMITH"}],"circlet_count":0,"master_deck":["rmod:strick","rmod:strick","rmod:strick","rmod:strick","rmod:defend","rmod:defend","rmod:defend","rmod:defend","rmod:basicallowance+1","rmod:maingunfire","SuicideKing","rmod:generalist+1","rmod:chargemoney+1","rmod:aviationdawn+1","rmod:circuitoustactics","rmod:stealaluminum+1","rmod:aviationdawn","rmod:windflower","rmod:circuitoustactics+1","rmod:robin+1","rmod:mineteam+1","rmod:intelligenceanalysis+1","rmod:gendarmerie","rmod:wife+1","rmod:wife","rmod:desperatesituation","rmod:expeditionaryescort","rmod:supportaircraftcarrier","rmod:lonelyqueen+1"],"relics":["rmod:firstchargereward","HushsDoor","SalivaCoin","YumHeart","SteamSale","Lizard Tail","rmod:monthlycard","DeadEye","Orrery","MutagenicStrength","Lantern","PillsDrop","Chaos","Dead Branch","Black Star","Molten Egg 2","DeathBook","TheBattery","HornCleat"],"acts_visited":["Exordium","TheCity","TheBeyond"],"potions_floor_usage":[18,33,44],"damage_taken":[{"damage":0.0,"enemies":"Small Slimes","floor":1.0,"turns":3.0},{"damage":0.0,"enemies":"Jaw Worm","floor":4.0,"turns":3.0},{"damage":0.0,"enemies":"2 Louse","floor":10.0,"turns":2.0},{"damage":0.0,"enemies":"Gremlin Gang","floor":12.0,"turns":5.0},{"damage":4.0,"enemies":"Exordium Wildlife","floor":14.0,"turns":4.0},{"damage":54.0,"enemies":"Hexaghost","floor":16.0,"turns":11.0},{"damage":30,"enemies":"2 Thieves","floor":18,"turns":3},{"damage":0,"enemies":"Spheric Guardian","floor":28,"turns":1},{"damage":38,"enemies":"Slavers","floor":29,"turns":5},{"damage":27,"enemies":"Gremlin Leader","floor":31,"turns":5},{"damage":5,"enemies":"Champ","floor":33,"turns":6},{"damage":36,"enemies":"Orb Walker","floor":35,"turns":4},{"damage":9,"enemies":"3 Shapes","floor":37,"turns":1},{"damage":12,"enemies":"Maw","floor":42,"turns":6},{"damage":28,"enemies":"Transient","floor":44,"turns":5},{"damage":1,"enemies":"Jaw Worm Horde","floor":46,"turns":3}],"seed_played":"-2084336652106965072","potions_obtained":[{"floor":1.0,"key":"Strength Potion"},{"floor":12.0,"key":"AttackPotion"},{"floor":16.0,"key":"Regen Potion"},{"floor":18,"key":"Explosive Potion"},{"floor":44,"key":"CultistPotion"}],"is_trial":false,"path_per_floor":["M","?","?","M","$","?","?","$","T","M","R","M","?","M","R","B",null,"M","?","?","?","$","?","?","R","T","R","M","E","$","E","R","B",null,"M","T","M","?","T","R","$","M","T","M","R","M"],"character_chosen":"PRAEFECT","items_purchased":["rmod:aviationdawn","SteamSale","Orrery","Chaos","Dead Branch"],"campfire_rested":1,"item_purchase_floors":[5,8,22,30,30],"current_hp_per_floor":[75,75,64,75,75,75,80,80,80,80,80,80,64,60,60,31,80,50,50,50,50,50,50,50,50,50,50,50,12,12,10,34,44,80,44,44,38,38,38,38,38,51,51,23,23,27,27],"gold":436,"neow_bonus":"RANDOM_COMMON_RELIC","is_daily":false,"chose_seed":false,"campfire_upgraded":6,"win_rate":0.0,"timestamp":1610466844,"path_taken":["M","?","?","?","$","?","?","?","T","?","R","M","?","M","R","BOSS","M","?","?","?","$","?","?","R","T","R","M","E","$","E","R","BOSS","M","?","M","?","?","R","?","?","T","M","R","M"],"items_purchased_type":["Card","Relic","Relic","Card","Relic"],"build_version":"2020-12-22","purchased_purges":0,"victory":false,"max_hp_per_floor":[75,75,75,75,75,75,80,80,80,80,80,80,80,80,80,80,80,80,80,80,80,80,80,80,80,80,80,80,80,80,80,80,80,80,80,80,83,83,83,83,83,83,83,78,78,78,78],"card_choices":[{"not_picked":[],"picked":"SuicideKing","floor":0.0},{"not_picked":["rmod:fuelsupply","rmod:spoils"],"picked":"rmod:generalist","floor":1.0},{"not_picked":["rmod:ring","rmod:garrisonisland"],"picked":"rmod:chargemoney","floor":4.0},{"not_picked":["rmod:luckystar","rmod:garrisonisland"],"picked":"rmod:circuitoustactics","floor":10.0},{"not_picked":["rmod:fuelsupply","rmod:ammunitionsupply"],"picked":"rmod:stealaluminum","floor":12.0},{"not_picked":["rmod:gendarmerie","rmod:selfconfidence"],"picked":"rmod:aviationdawn","floor":14.0},{"not_picked":["rmod:saltedfish","rmod:u235"],"picked":"rmod:windflower","floor":16.0},{"not_picked":["rmod:guardianhero","rmod:unsinkable+1"],"picked":"rmod:circuitoustactics+1","floor":18},{"not_picked":["rmod:tearstotiara","rmod:circuitoustactics+1"],"picked":"rmod:mineteam","floor":22},{"not_picked":["rmod:diamondstrike+1","rmod:tearstotiara"],"picked":"rmod:intelligenceanalysis+1","floor":22},{"not_picked":["rmod:luckystar","rmod:steelsupply"],"picked":"rmod:gendarmerie","floor":22},{"not_picked":["rmod:unsinkable","rmod:aluminumsupply"],"picked":"rmod:wife+1","floor":22},{"not_picked":["rmod:tearstotiara+1","rmod:luckystar"],"picked":"rmod:wife","floor":28},{"not_picked":["rmod:ammunitionsupply","rmod:luckystar+1"],"picked":"rmod:desperatesituation","floor":29},{"not_picked":["rmod:wolves","rmod:mineteam","rmod:intelligenceanalysis"],"picked":"SKIP","floor":31},{"not_picked":["rmod:ridicule","rmod:seals"],"picked":"rmod:expeditionaryescort","floor":33},{"not_picked":["rmod:smokecover","rmod:saltedfish","rmod:selfconfidence+1"],"picked":"SKIP","floor":35},{"not_picked":["rmod:firesupport+1","rmod:mineteam+1","rmod:generalist+1"],"picked":"SKIP","floor":37},{"not_picked":["rmod:aggressivemary+1","rmod:punchline"],"picked":"rmod:supportaircraftcarrier","floor":42},{"not_picked":["rmod:diamondstrike+1","rmod:aviationdawn+1"],"picked":"rmod:lonelyqueen","floor":44}],"player_experience":117930,"relics_obtained":[{"floor":9.0,"key":"Lizard Tail"},{"floor":26,"key":"Lantern"},{"floor":29,"key":"PillsDrop"},{"floor":31,"key":"Black Star"},{"floor":36,"key":"DeathBook"},{"floor":39,"key":"TheBattery"},{"floor":43,"key":"HornCleat"}],"event_choices":[{"damage_healed":0.0,"max_hp_gain":0.0,"max_hp_loss":0.0,"gold_gain":0.0,"event_name":"Liars Game","player_choice":"Ignored","floor":2.0,"gold_loss":0.0,"damage_taken":0.0},{"damage_healed":0.0,"max_hp_gain":0.0,"max_hp_loss":0.0,"gold_gain":75.0,"event_name":"World of Goop","player_choice":"Gather Gold","floor":3.0,"gold_loss":0.0,"damage_taken":11.0},{"damage_healed":0.0,"max_hp_gain":0.0,"max_hp_loss":0.0,"gold_gain":0.0,"event_name":"Golden Wing","player_choice":"Ignored","floor":6.0,"gold_loss":0.0,"damage_taken":0.0},{"damage_healed":0.0,"max_hp_gain":5.0,"max_hp_loss":0.0,"gold_gain":0.0,"event_name":"Big Fish","player_choice":"Donut","floor":7.0,"gold_loss":0.0,"damage_taken":0.0},{"damage_healed":0.0,"max_hp_gain":0.0,"max_hp_loss":0.0,"gold_gain":0.0,"event_name":"Shining Light","player_choice":"Entered Light","floor":13.0,"gold_loss":0.0,"damage_taken":16.0,"cards_upgraded":["rmod:generalist","rmod:aviationdawn"]},{"damage_healed":0,"gold_gain":0,"player_choice":"Obtained Relic","damage_taken":0,"relics_obtained":["DeadEye"],"max_hp_gain":0,"max_hp_loss":0,"event_name":"Addict","floor":19,"gold_loss":85},{"damage_healed":0,"gold_gain":0,"player_choice":"Read","damage_taken":0,"max_hp_gain":0,"max_hp_loss":0,"event_name":"The Library","floor":21,"gold_loss":0,"cards_obtained":["rmod:robin"]},{"damage_healed":0,"gold_gain":0,"player_choice":"Inject Mutagens","damage_taken":0,"relics_obtained":["MutagenicStrength"],"max_hp_gain":0,"max_hp_loss":0,"event_name":"Drug Dealer","floor":23,"gold_loss":0}],"is_beta":false,"boss_relics":[{"not_picked":["Cursed Key","rmod:mogul"],"picked":"rmod:monthlycard"},{"not_picked":[]},{"not_picked":["TheBean","Eternal Feather"],"picked":"Molten Egg 2"},{"not_picked":[]}],"items_purged_floors":[],"is_endless":false,"potions_floor_spawned":[1,12,16,18,28,31,44],"killed_by":"Jaw Worm Horde","ascension_level":0}}