{"host":"p5nht1vx148lgsp8","time":1610489058,"event":{"mods":["AchievementEnabler","BaseMod","Better Altar","Better Match","Better Note","Better Sensory Stone","Better Skull","Better Third Choice","Colored Map","Colored Powertips","Downfall","Infinite Spire","Marisa????????","Minty Spire (QoL Compilation)","Permanent Neow","Replay The Spire","StSLib","The Servant 0.9.4","Waifu the Spire"],"gold_per_floor":[109,119,135,183,200,229,229,229,229,229,263,277,277,277,277,402,402,302,302],"floor_reached":18,"language":"ENG","playtime":998,"items_purged":[],"score":213,"play_id":"68d64bfc-0ff5-44eb-b1d8-d8e3c57f1cf6","local_time":"20210112140418","is_ascension_mode":true,"campfire_choices":[{"data":"Double Tap","floor":8,"key":"SMITH"},{"data":"Rupture","floor":10,"key":"SMITH"},{"floor":15,"key":"REST"}],"circlet_count":0,"master_deck":["Strike_R","Strike_R","Strike_R","Strike_R","Defend_R","Defend_R","Defend_R","Defend_R","Bash","expansioncontent:BronzeBeam","Double Tap+1","Ghostly Armor","ReplayTheSpireMod:Splinters","Bloodletting","Rupture+1","Whirlwind","Hemokinesis","Dual Wield","Injury","Chrysalis","Demon Form","Injury","Clumsy"],"relics":["Burning Blood","Ornamental Fan","Bag of Marbles","infinitespire:Eraser","Golden Idol","Replay:Ancient Bell","Regal Pillow","Replay:Bottled Steam","FossilizedHelix"],"acts_visited":["Exordium","TheCity"],"potions_floor_usage":[3,6,11,16],"damage_taken":[{"damage":0,"enemies":"Small Slimes","floor":1,"turns":3},{"damage":6,"enemies":"2 Louse","floor":2,"turns":2},{"damage":6,"enemies":"Cultist","floor":3,"turns":3},{"damage":2,"enemies":"Exordium Wildlife","floor":5,"turns":4},{"damage":17,"enemies":"Lagavulin","floor":6,"turns":6},{"damage":6,"enemies":"Gremlin Nob","floor":11,"turns":3},{"damage":11,"enemies":"Large Slime","floor":12,"turns":4},{"damage":80,"enemies":"Fading Forest","floor":16,"turns":11},{"damage":52,"enemies":"Chosen","floor":18,"turns":7}],"seed_played":"7935956181725382526","potions_obtained":[{"floor":2,"key":"Fruit Juice"},{"floor":4,"key":"EssenceOfSteel"},{"floor":5,"key":"Fire Potion"},{"floor":11,"key":"Doom Potion"}],"is_trial":false,"path_per_floor":["M","M","M","?","M","E","?","R","T","R","E","M","?","?","R","B",null,"M"],"character_chosen":"IRONCLAD","items_purchased":[],"campfire_rested":1,"item_purchase_floors":[],"current_hp_per_floor":[80,80,85,85,85,74,74,74,74,74,74,69,69,69,85,29,71,19,19],"gold":302,"neow_bonus":"RANDOM_COLORLESS","is_daily":false,"chose_seed":false,"campfire_upgraded":2,"win_rate":0.0,"timestamp":1610489058,"path_taken":["M","M","M","?","?","E","?","R","T","R","E","M","?","?","R","BOSS","M"],"items_purchased_type":[],"build_version":"2020-12-22","purchased_purges":0,"victory":false,"max_hp_per_floor":[80,80,85,85,85,85,85,85,85,85,85,85,85,85,85,85,85,85,85],"card_choices":[{"not_picked":["expansioncontent:SlimeTackle","Finesse"],"picked":"expansioncontent:BronzeBeam","floor":0},{"not_picked":["Pommel Strike","Anger","Clash"],"picked":"SKIP","floor":1},{"not_picked":["Warcry","Thunderclap"],"picked":"Double Tap","floor":2},{"not_picked":["Life Link","Shrug It Off"],"picked":"Ghostly Armor","floor":3},{"not_picked":["Anger","Replay:Undeath\u0027s Touch"],"picked":"Bloodletting","floor":4},{"not_picked":["Thunderclap","Heavy Blade"],"picked":"Rupture","floor":5},{"not_picked":["Perfected Strike","Havoc"],"picked":"Whirlwind","floor":6},{"not_picked":["Disarm","True Grit"],"picked":"Hemokinesis","floor":11},{"not_picked":["Clothesline","Entrench"],"picked":"Dual Wield","floor":12},{"not_picked":["Replay:BasicMightCard","expansioncontent:YouAreMine"],"picked":"Chrysalis","floor":14},{"not_picked":["Reaper","Exhume"],"picked":"Demon Form","floor":16},{"not_picked":["Voices","Slimebound:Icky"],"picked":"ReplayTheSpireMod:IOU","floor":17},{"not_picked":["Decay","Hallucinations"],"picked":"Injury","floor":17},{"not_picked":["Parasite","Normality"],"picked":"Clumsy","floor":17}],"player_experience":198798,"relics_obtained":[{"floor":4,"key":"Ornamental Fan"},{"floor":6,"key":"Bag of Marbles"},{"floor":11,"key":"infinitespire:Eraser"}],"event_choices":[{"damage_healed":0,"gold_gain":0,"player_choice":"Take Wound","damage_taken":0,"relics_obtained":["Golden Idol"],"max_hp_gain":0,"max_hp_loss":0,"event_name":"Golden Idol","floor":13,"gold_loss":0,"cards_obtained":["Injury"]},{"damage_healed":0,"gold_gain":1,"player_choice":"1","damage_taken":0,"max_hp_gain":0,"max_hp_loss":0,"event_name":"betterStone:BetterStone","floor":14,"gold_loss":0}],"is_beta":false,"boss_relics":[{"not_picked":["Philosopher\u0027s Stone","Ectoplasm"],"picked":"Replay:Ancient Bell"},{"not_picked":["Replay:Rubber Ducky","MawBank"],"picked":"Regal Pillow"},{"not_picked":["Iron Hammer","infinitespire:EmpoweringShard"],"picked":"Replay:Bottled Steam"},{"not_picked":["Magic Flower","Old Coin"],"picked":"FossilizedHelix"}],"items_purged_floors":[],"is_endless":false,"potions_floor_spawned":[2,5,11],"killed_by":"Chosen","ascension_level":5}}