{"host":"ekha54jsiuuqgn65","time":1610466035,"event":{"mods":["BaseMod","Colored Map","Conspire","Lobotomy","LobotomyExtend","Minty Spire (QoL Compilation)","Quick Restart","Replay The Spire","StSLib","SuperFastMode","The Marked","[IsaacMod]ÒÔÈö¼âËþ","vexMod","¡¾ÒÅÎï¿¨ÅÆ¡¿REMEMod"],"gold_per_floor":[113,213,213,229,246,246,246,246],"floor_reached":7,"playtime":258,"items_purged":[],"score":41,"play_id":"05d4ff9e-cc21-4fb9-89ab-eedbac68eac1","local_time":"20210112234035","is_ascension_mode":false,"campfire_choices":[{"floor":6,"key":"RECALL"}],"circlet_count":0,"master_deck":["Strike_R","Strike_R","Strike_R","Strike_R","Strike_R","Defend_R","Defend_R","Defend_R","Defend_R","Bash","EpicFetus+1","Glacier","Bludgeon","MHz","Clash","Uppercut","MeatLantern","Bomb","Porccubus"],"relics":["Burning Blood","HushsDoor","REME_ComplimentaryCards","CogitoBucket","NineVolt","LetterFromLob"],"acts_visited":["Exordium"],"potions_floor_usage":[],"damage_taken":[{"damage":10,"enemies":"Jaw Worm","floor":1,"turns":5},{"damage":9,"enemies":"Cultist","floor":4,"turns":4},{"damage":0,"enemies":"2 Louse","floor":5,"turns":3},{"damage":97,"enemies":"Lagavulin","floor":7,"turns":5}],"seed_played":"-48536669301856029","potions_obtained":[{"floor":5,"key":"Toxic Potion"}],"is_trial":false,"path_per_floor":["M","?","?","M","M","R","E"],"character_chosen":"IRONCLAD","items_purchased":[],"campfire_rested":0,"item_purchase_floors":[],"current_hp_per_floor":[76,76,76,73,79,79,0,0],"gold":246,"neow_bonus":"","is_daily":false,"chose_seed":false,"campfire_upgraded":0,"win_rate":0.0,"timestamp":1610466035,"path_taken":["M","?","?","M","M","R","E"],"items_purchased_type":[],"build_version":"2020-12-22","purchased_purges":0,"victory":false,"max_hp_per_floor":[80,80,80,80,80,80,80,80],"card_choices":[{"not_picked":[],"picked":"EpicFetus","floor":0},{"not_picked":["Uppercut","Body Slam"],"picked":"Bludgeon","floor":1},{"not_picked":["LittlePrince","WhitesApple"],"picked":"MHz","floor":1},{"not_picked":["Clothesline","Run Through"],"picked":"Clash","floor":2},{"not_picked":["Sword Boomerang","Body Slam"],"picked":"Uppercut","floor":4},{"not_picked":["Bloodbath","Scorched","OSAHOGD"],"picked":"Singing Bowl","floor":4},{"not_picked":["Variant","QueenBee"],"picked":"MeatLantern","floor":4},{"not_picked":["Pommel Strike","Warcry"],"picked":"Bomb","floor":5},{"not_picked":["SpiderBud","Wellcheers"],"picked":"Porccubus","floor":5}],"player_experience":13393,"relics_obtained":[{"floor":1,"key":"LetterFromLob"}],"event_choices":[],"is_beta":false,"boss_relics":[],"items_purged_floors":[],"is_endless":false,"potions_floor_spawned":[5],"killed_by":"Lagavulin","ascension_level":0}}