{"host":"5rhdqk7nbnm087ui","time":1610432878,"event":{"mods":["AchievementEnabler","Act Like it!","BaseMod","Downfall","HololiveMod","Minty Spire (QoL Compilation)","Replay The Spire","Spicy Shops","StSLib","[IsaacMod]ÒÔÈö¼âËþ","¡¾ÒÅÎï¿¨ÅÆ¡¿REMEMod"],"gold_per_floor":[88,112,124,124,47,47,47,92,92,92,132,157,194,194,194,329,329,314,82,82,82,62025,62063,62063,62108,62108,62108,62133,40160,40245,40314,40314,40486,40486,40559,40559,38409,38510,38510,38583,38257,38257,38327,38053,38053,38117,38117,38117,38117,38213],"floor_reached":51,"playtime":2954,"items_purged":["Hololive_CallAkaiHaato+1","Hololive_CallMurasakiShion","Hololive_CallRoboco+1"],"score":1311,"play_id":"6c12b108-c250-4be5-aa00-396d77c3fd77","local_time":"20210112142758","is_ascension_mode":true,"campfire_choices":[{"data":"Hololive_CallSpadeEcho","floor":6.0,"key":"SMITH"},{"data":"Hololive_CallMinatoAqua","floor":10.0,"key":"SMITH"},{"data":"Hololive_CallDoris","floor":15.0,"key":"SMITH"},{"data":"Hololive_CallYogiri","floor":24.0,"key":"SMITH"},{"data":"Hololive_CallYuzukiChoco","floor":27.0,"key":"SMITH"},{"data":"Hololive_CallNakiriAyame","floor":32.0,"key":"SMITH"},{"data":"Hololive_CallManoAloe","floor":32.0,"key":"SMITH"},{"data":"Hololive_CallShiroganeNoel","floor":45,"key":"SMITH"},{"data":"Hololive_CallShiranuiFlare","floor":45,"key":"SMITH"},{"data":"Hololive_CallUsadaPekora","floor":49,"key":"SMITH"},{"data":"Hololive_CallRosalyn","floor":49,"key":"SMITH"}],"circlet_count":5,"master_deck":["Hololive_CallMinatoAqua+1","Hololive_CallUsadaPekora+1","Hololive_CallShiranuiFlare+1","Hololive_CallSpadeEcho+1","Hololive_Breathe+1","Hololive_Defend","DevaForm+1","Hololive_OvertimeWork+1","Hololive_CallAkaiHaato+1","Hololive_CallManoAloe+1","Hololive_CallRosalyn+1","Hololive_ILoveYou","Hololive_CallNakiriAyame+1","Hololive_CallDoris+1","Hololive_BeCareful+1","Hololive_Rebirth","Hololive_CallShirakamiFubuki+1","Hololive_CallShiroganeNoel+1","Hololive_CallYogiri+1","Hololive_CallOzoraSubaru+1","Hololive_CallYuzukiChoco+1","Hololive_DDD","Hololive_RevenueBasedLive","Hololive_CallAyundaRisu","Apotheosis+1","REME_WheelOfFate+1","Hololive_CallNekomataOkayu+1","Hololive_CallTokoyamiTowa+1","Hololive_Trident+1","Hololive_DurableLive+1","Hololive_CallOmaruPolka+1","Hololive_CallShishiroBotan+1","Hololive_CallNatsuiroMatsuri+1","Hololive_CallAiraniIofifteen+1","Hololive_LuckPotion+1","Hololive_CallRoboco+1","Hololive_CallYukihanaLamy+1","Hololive_CallMurasakiShion+1","Hololive_CallShirakamiFubuki+1","Hololive_CallOkamiMio+1","Hololive_CallAmaneKanata+1","Hololive_CallAZKi+1","Hololive_CallUruhaRushia+1","Hololive_CallAkiRosenthal+1","Replay:SS_forest_2+1","Hololive_Yoholoon+1","Replay:SS_forest_2+1","Hololive_OvertimeWork+1","Replay:SS_forest_6+1","Hololive_ILoveYou+1"],"relics":["Hololive_TheStar","REME_ComplimentaryCards","HushsDoor","Tiny Chest","PokeGo","Golden Idol","ReplayTheSpireMod:Shallot","Leech","Darkstone Periapt","Lizard Tail","REME_DuelDisc","REME_OnlineShoppingPlatform","BloodDonationMachine","WingedGreaves","Vajra","The Courier","Mercury Hourglass","BFFS","Bronze Scales","Garlic","Dead Branch","Divine Protection","Blood Vial","EdensBlessing","Shuriken","Happy Flower","REME_PuzzleBoxRelic","ReplayFunnel","StoneCalendar","DoctorsRemote","Replay:Baseball","GnawedLeaf","HowToJump","Replay:Rubber Ducky","War Paint","Anchor","Simple Rune","Matryoshka","ReplayTheSpireMod:ShopPack","Centennial Puzzle","Gremlin Food","Dream Catcher","Bag of Preparation","Gremlin Horn","Strawberry","BookOfRevelations","Replay:Arrowhead","Nunchaku","Whetstone","Art of War","YumHeart","ReplayTheSpireMod:TigerMarble","Toy Ornithopter","Gambling Chip","Blue Doll","Onion Ring","TheBean","Omamori","Ice Cream","Pen Nib","Regal Pillow","Bag of Marbles","Juzu Bracelet","Boot","Ancient Tea Set","BelialBook","DeadEye","ReplayTheSpireMod:Lightbulb","Lantern","Hololive_LightStick","Oddly Smooth Stone","Hololive_FriedShrimpLion","Calipers","MealTicket","Blue Candle","Replay:Bottled Steam","Replay:Wax Seal","Replay:Mystery Machine","D6","Thread and Needle","REME_LimitBreaker","PreservedInsect","Pear","REME_HandOfSuture","Pocketwatch","Molten Egg 2","TheBible","Snack Pack","Letter Opener","White Beast Statue","Meat on the Bone","Eternal Feather","Mango","Replay:WaspNest","Sundial","BookofShadows","Iron Hammer","TuHaoJin","Ginger","REME_HourglassOfDeath","HornCleat","Prayer Wheel","Chameleon Ring","Replay:Bottled Eggs","UnicornStump","Mirror","Frozen Egg 2","Durian","ReplayTheSpireMod:Ninjato","Replay:Bottled Snecko","Golden Egg","Quantum Egg","Question Card","Void","REME_ArchaeologicalTools","FossilizedHelix","Pantograph","Ornamental Fan","Bottled Flame","Replay:Bottled Flurry","InkBottle","Toxic Egg 2","Replay:Accelerometer","Bottled Tornado","Singing Bowl","DeathBook","Replay:Multitool","Replay:PocketPolymizer","Diplopia","Peace Pipe","Bottled Lightning","Replay:Towering Pillar of Hats","PillsDrop","Bird Faced Urn","Incense Burner","Du-Vu Doll","Pondfish Scales","Unceasing Top","Turnip","Torii","Replay:Kaleidoscope","Philosopher\u0027s Stone","GuppysHead","BlankCard","Guide Book","GuppysTail","Orrery","Girya","REME_IWantAll","Counterbalance","Circlet","PunchingBag","Lee\u0027s Waffle","DollysMirror"],"acts_visited":["Exordium","TheCity","TheBeyond"],"potions_floor_usage":[],"damage_taken":[{"damage":0.0,"enemies":"Small Slimes","floor":1.0,"turns":4.0},{"damage":0.0,"enemies":"2 Louse","floor":2.0,"turns":4.0},{"damage":0.0,"enemies":"Cultist","floor":3.0,"turns":3.0},{"damage":4.0,"enemies":"3 Sentries","floor":8.0,"turns":8.0},{"damage":0.0,"enemies":"Gremlin Nob","floor":11.0,"turns":4.0},{"damage":0.0,"enemies":"2 Fungi Beasts","floor":12.0,"turns":4.0},{"damage":4.0,"enemies":"3 Sentries","floor":13.0,"turns":5.0},{"damage":0.0,"enemies":"The Guardian","floor":16.0,"turns":4.0},{"damage":0.0,"enemies":"2 Thieves","floor":18.0,"turns":5.0},{"damage":0.0,"enemies":"Chosen","floor":22.0,"turns":2.0},{"damage":0.0,"enemies":"Book of Stabbing","floor":23.0,"turns":2.0},{"damage":12.0,"enemies":"Gremlin Leader","floor":25.0,"turns":6.0},{"damage":0.0,"enemies":"Centurion and Healer","floor":28.0,"turns":2.0},{"damage":0.0,"enemies":"Snake Plant","floor":30.0,"turns":1.0},{"damage":0.0,"enemies":"REME_1_Revenger","floor":31.0,"turns":1.0},{"damage":0,"enemies":"Pondfish","floor":33,"turns":1},{"damage":0,"enemies":"3 Darklings","floor":35,"turns":2},{"damage":0,"enemies":"2 Orb Walkers","floor":38,"turns":1},{"damage":0,"enemies":"R_Hoarder","floor":40,"turns":1},{"damage":0,"enemies":"Nemesis","floor":46,"turns":1},{"damage":0,"enemies":"Replay:Hell Engine","floor":50,"turns":2}],"seed_played":"-4566569226323265155","potions_obtained":[{"floor":2.0,"key":"FearPotion"},{"floor":8.0,"key":"SteroidPotion"},{"floor":11.0,"key":"FairyPotion"},{"floor":13.0,"key":"LiquidBronze"}],"is_trial":false,"path_per_floor":["M","M","M","?","$","R","$","E","T","R","E","M","E","?","R","B",null,"M","$","?","T","M","E","R","E","T","R","M","$","M","E","R","B",null,"M","?","$","?","?","E","$","T","T","$","R","E","?","?","R","B",null],"character_chosen":"Hololive_HololiveCharacter","items_purchased":["Hololive_CallRosalyn","Hololive_CallShiroganeNoel","REME_OnlineShoppingPlatform","Mercury Hourglass","BFFS","Hololive_CallAkaiHaato+1","Hololive_CallAyundaRisu","Bronze Scales","Garlic","Dead Branch","Divine Protection","Blood Vial","EdensBlessing","Shuriken","Happy Flower","REME_PuzzleBoxRelic","ReplayFunnel","StoneCalendar","DoctorsRemote","Replay:Baseball","GnawedLeaf","HowToJump","Replay:Rubber Ducky","War Paint","Anchor","Simple Rune","Matryoshka","ReplayTheSpireMod:ShopPack","Centennial Puzzle","Gremlin Food","Dream Catcher","Bag of Preparation","Gremlin Horn","Strawberry","BookOfRevelations","Replay:Arrowhead","Nunchaku","Whetstone","Art of War","YumHeart","ReplayTheSpireMod:TigerMarble","Toy Ornithopter","Gambling Chip","Blue Doll","Onion Ring","TheBean","Omamori","Ice Cream","Pen Nib","Regal Pillow","Bag of Marbles","Juzu Bracelet","Boot","Ancient Tea Set","BelialBook","DeadEye","ReplayTheSpireMod:Lightbulb","Lantern","Hololive_LightStick","Oddly Smooth Stone","Hololive_FriedShrimpLion","Calipers","MealTicket","Blue Candle","Replay:Bottled Steam","Replay:Wax Seal","Replay:Mystery Machine","D6","Thread and Needle","REME_LimitBreaker","PreservedInsect","Pear","REME_HandOfSuture","Pocketwatch","Molten Egg 2","TheBible","Snack Pack","Letter Opener","White Beast Statue","Meat on the Bone","Eternal Feather","Mango","Replay:WaspNest","Sundial","BookofShadows","Iron Hammer","TuHaoJin","Ginger","REME_HourglassOfDeath","HornCleat","Prayer Wheel","Chameleon Ring","Replay:Bottled Eggs","UnicornStump","Mirror","Frozen Egg 2","Durian","ReplayTheSpireMod:Ninjato","Replay:Bottled Snecko","Golden Egg","Quantum Egg","Question Card","Void","REME_ArchaeologicalTools","FossilizedHelix","Pantograph","Ornamental Fan","Bottled Flame","Replay:Bottled Flurry","InkBottle","Toxic Egg 2","Replay:Accelerometer","Bottled Tornado","Singing Bowl","DeathBook","Replay:Multitool","Replay:PocketPolymizer","Diplopia","Peace Pipe","Bottled Lightning","Replay:Towering Pillar of Hats","PillsDrop","Bird Faced Urn","Incense Burner","Du-Vu Doll","Pondfish Scales","Unceasing Top","Turnip","GuppysHead","BlankCard","Guide Book","GuppysTail","Orrery","Girya","REME_IWantAll","Counterbalance","Hololive_CallRoboco+1","Hololive_CallYukihanaLamy+1","Hololive_CallMurasakiShion+1","Hololive_CallShirakamiFubuki+1","Hololive_CallOkamiMio+1","Hololive_CallAmaneKanata+1","Hololive_CallAZKi+1","Replay:SS_forest_2+1","Lee\u0027s Waffle","Hololive_Yoholoon+1","DollysMirror"],"campfire_rested":0,"item_purchase_floors":[5,19,19,29,29,29,29,29,29,29,29,29,29,29,29,29,29,29,29,29,29,29,29,29,29,29,29,29,29,29,29,29,29,29,29,29,29,29,29,29,29,29,29,29,29,29,29,29,29,29,29,29,29,29,29,29,29,29,29,29,29,29,29,29,29,29,29,29,29,29,29,29,29,29,29,29,29,29,29,29,29,29,29,29,29,29,29,29,29,29,29,29,29,29,29,29,29,29,29,29,29,29,29,29,29,29,29,29,29,29,29,29,29,29,29,29,29,29,29,29,29,29,29,29,29,29,29,29,37,37,37,37,37,37,37,37,37,37,37,37,37,37,37,41,44,44,44],"current_hp_per_floor":[32,32,32,24,24,24,24,20,20,20,24,27,28,21,21,25,33,35,35,35,35,40,40,40,36,36,36,38,76,80,80,80,83,83,78,78,82,82,82,87,87,92,102,109,109,114,114,114,114,114],"gold":38213,"neow_bonus":"RANDOM_COMMON_RELIC","is_daily":false,"chose_seed":false,"campfire_upgraded":11,"win_rate":0.0,"timestamp":1610432878,"path_taken":["M","M","M","?","$","R","$","E","T","R","E","M","E","?","R","BOSS","M","$","?","?","M","E","R","E","T","R","M","$","M","E","R","BOSS","M","?","$","?","?","E","$","?","T","$","R","E","?","?","R","BOSS"],"items_purchased_type":["Card","Card","Relic","Relic","Relic","Card","Card","Relic","Relic","Relic","Relic","Relic","Relic","Relic","Relic","Relic","Relic","Relic","Relic","Relic","Relic","Relic","Relic","Relic","Relic","Relic","Relic","Relic","Relic","Relic","Relic","Relic","Relic","Relic","Relic","Relic","Relic","Relic","Relic","Relic","Relic","Relic","Relic","Relic","Relic","Relic","Relic","Relic","Relic","Relic","Relic","Relic","Relic","Relic","Relic","Relic","Relic","Relic","Relic","Relic","Relic","Relic","Relic","Relic","Relic","Relic","Relic","Relic","Relic","Relic","Relic","Relic","Relic","Relic","Relic","Relic","Relic","Relic","Relic","Relic","Relic","Relic","Relic","Relic","Relic","Relic","Relic","Relic","Relic","Relic","Relic","Relic","Relic","Relic","Relic","Relic","Relic","Relic","Relic","Relic","Relic","Relic","Card","Relic","Relic","Relic","Relic","Relic","Relic","Relic","Relic","Relic","Relic","Relic","Relic","Relic","Relic","Relic","Relic","Relic","Relic","Relic","Relic","Relic","Relic","Relic","Relic","Relic","Relic","Relic","Relic","Relic","Relic","Relic","Relic","Relic","Card","Card","Card","Card","Card","Card","Card","Card","Relic","Card","Relic"],"build_version":"2020-12-22","purchased_purges":3,"victory":true,"max_hp_per_floor":[35,35,35,35,35,35,35,35,35,35,35,35,35,35,35,35,35,35,35,35,35,40,40,40,40,40,40,40,78,80,80,80,83,83,78,78,82,82,82,87,87,92,102,109,109,114,114,114,114,114],"card_choices":[{"not_picked":["Hololive_CallSpadeEcho","Hololive_Trident","Hololive_Psychosis"],"picked":"Hololive_OvertimeWork","floor":1.0},{"not_picked":["Hololive_OvertimeWork","Hololive_CocoNews","Hololive_Sequa"],"picked":"Hololive_CallAkaiHaato","floor":2.0},{"not_picked":["Hololive_CocoNews","Hololive_LuckPotion","Hololive_Sequa"],"picked":"Hololive_CallManoAloe","floor":3.0},{"not_picked":["Hololive_ScarfAndHalo","Hololive_RevenueBasedLive","Hololive_Sequa"],"picked":"Hololive_ILoveYou","floor":8.0},{"not_picked":["Hololive_CallAyundaRisu","Hololive_CallHoshimachiSuisei","Hololive_LuckPotion"],"picked":"Hololive_CallNakiriAyame","floor":11.0},{"not_picked":["Hololive_CocoNews","Hololive_CallTsunomakiWatame","Hololive_RevenueBasedLive"],"picked":"Hololive_CallDoris","floor":12.0},{"not_picked":["Hololive_SoulCatcher","Hololive_ILoveYou","Hololive_CocoNews"],"picked":"Hololive_BeCareful","floor":13.0},{"not_picked":["Hololive_IdolExercise","Hololive_ASMR","Hololive_FlareMind"],"picked":"Hololive_Rebirth","floor":16.0},{"not_picked":["Hololive_CallShiranuiFlare","Hololive_CallAkiRosenthal","Hololive_LuckPotion+1"],"picked":"Hololive_CallShirakamiFubuki+1","floor":18.0},{"not_picked":["Hololive_Trident","Hololive_CallMinatoAqua+1","Hololive_Rebound+1"],"picked":"Hololive_CallOzoraSubaru+1","floor":22.0},{"not_picked":["Hololive_HuntDinosaur+1","Hololive_Sequa+1","Hololive_CandyCastle"],"picked":"Hololive_CallYuzukiChoco","floor":23.0},{"not_picked":["Hololive_CallOzoraSubaru","Hololive_Psychosis","Hololive_StrengthChampion"],"picked":"Hololive_DDD","floor":25.0},{"not_picked":["Hololive_Sequa","Hololive_Trident","Hololive_CallOzoraSubaru"],"picked":"Hololive_RevenueBasedLive","floor":28.0},{"not_picked":["REME_HeartOfCthun","REME_BuildACard","expansioncontent:QuickStudy","Midas Touch"],"picked":"Apotheosis","floor":29.0},{"not_picked":["Bomb","expansioncontent:LastStand","expansioncontent:HyperBeam","expansioncontent:BronzeBeam","HandOfGreed"],"picked":"Singing Bowl","floor":29.0},{"not_picked":["Replay:SS_fish_2","Forethought","Replay:BasicMightCard","Bomb"],"picked":"REME_WheelOfFate","floor":29.0},{"not_picked":["Hololive_Trident+1","Hololive_StrengthChampion+1","Hololive_Drill+1","Hololive_CallAyundaRisu+1","Hololive_LuckPotion+1"],"picked":"Singing Bowl","floor":30.0},{"not_picked":["Hololive_OvertimeWork+1","Hololive_Trident+1","Hololive_CallAiraniIofifteen+1","Hololive_LuckPotion+1"],"picked":"Hololive_CallNekomataOkayu+1","floor":30.0},{"not_picked":["Hololive_Trident+1","Hololive_Watashimo+1","Hololive_FlareMind+1","Hololive_RevenueBasedLive+1"],"picked":"Hololive_CallTokoyamiTowa+1","floor":31.0},{"not_picked":["Hololive_DiamondStrike+1","Hololive_ASMR+1","Hololive_StarCraft+1","Hololive_WolfAndLamb+1"],"picked":"Hololive_DurableLive+1","floor":33},{"not_picked":["Hololive_Psychosis+1","Hololive_Sequa+1","Hololive_HuntDinosaur+1","Hololive_FlyingPonyTail+1"],"picked":"Hololive_CallOmaruPolka+1","floor":35},{"not_picked":["Hololive_CocoNews+1","Hololive_Trident+1","Hololive_SummonFox+1","Hololive_WolfAndLamb+1"],"picked":"Hololive_CallShishiroBotan+1","floor":35},{"not_picked":["Hololive_Trident+1","Hololive_Sequa+1","Hololive_Psychosis+1","Hololive_ILoveYou+1","Hololive_Rebound+1"],"picked":"Singing Bowl","floor":37},{"not_picked":["Hololive_CandyCastle+1","Hololive_CallShiroganeNoel+1","Hololive_LuckPotion+1","Hololive_Sequa+1"],"picked":"Hololive_CallNatsuiroMatsuri+1","floor":37},{"not_picked":["Hololive_BeCareful+1","Hololive_HuntDinosaur+1","Hololive_LuckPotion+1","Hololive_DiamondStrike+1"],"picked":"Hololive_CallAiraniIofifteen+1","floor":37},{"not_picked":["Hololive_StrengthChampion+1","Hololive_CallShiroganeNoel+1","Hololive_Breathe+1","Hololive_SummonFox+1","Hololive_Watashimo+1"],"picked":"Singing Bowl","floor":37},{"not_picked":["Hololive_Teleport+1","Hololive_CallMinatoAqua+1","Hololive_Breathe+1","Hololive_CallYuzukiChoco+1"],"picked":"Hololive_LuckPotion+1","floor":37},{"not_picked":["Hololive_RevenueBasedLive+1","Hololive_HuntDinosaur+1","Hololive_SummonFox+1","Hololive_Sequa+1"],"picked":"Hololive_CallUruhaRushia+1","floor":38},{"not_picked":["Hololive_CallAkaiHaato+1","Hololive_HighAtkLowDef+1","Hololive_Psychosis+1","Hololive_LuckPotion+1"],"picked":"Hololive_CallAkiRosenthal+1","floor":40},{"not_picked":["Hololive_ManjiGathering+1","Hololive_FlyingPonyTail+1","Hololive_Trident+1","Hololive_Psychosis+1"],"picked":"Hololive_OvertimeWork+1","floor":46},{"not_picked":["Trip+1","ReplayTheSpireMod:Uncanny Aura+1","EpicFetus+1","Crow Ritual+1"],"picked":"Replay:SS_forest_6+1","floor":48}],"player_experience":123966,"relics_obtained":[{"floor":8.0,"key":"ReplayTheSpireMod:Shallot"},{"floor":9.0,"key":"Leech"},{"floor":11.0,"key":"Darkstone Periapt"},{"floor":13.0,"key":"Lizard Tail"},{"floor":21.0,"key":"BloodDonationMachine"},{"floor":23.0,"key":"WingedGreaves"},{"floor":25.0,"key":"Vajra"},{"floor":26.0,"key":"The Courier"},{"floor":31.0,"key":"Replay:Kaleidoscope"},{"floor":40,"key":"Circlet"},{"floor":42,"key":"Circlet"},{"floor":42,"key":"PunchingBag"},{"floor":43,"key":"Circlet"},{"floor":43,"key":"Circlet"},{"floor":46,"key":"Circlet"}],"event_choices":[{"damage_healed":0.0,"max_hp_gain":0.0,"max_hp_loss":0.0,"gold_gain":0.0,"event_name":"Golden Idol","player_choice":"Take Damage","floor":4.0,"gold_loss":0.0,"damage_taken":8.0,"relics_obtained":["Golden Idol"]},{"damage_healed":0.0,"max_hp_gain":0.0,"max_hp_loss":0.0,"gold_gain":0.0,"event_name":"Shining Light","player_choice":"Entered Light","floor":14.0,"gold_loss":0.0,"damage_taken":7.0,"cards_upgraded":["Hololive_CallAkaiHaato","Hololive_Breathe"]},{"damage_healed":0.0,"max_hp_gain":0.0,"max_hp_loss":0.0,"gold_gain":0.0,"event_name":"The Library","player_choice":"Read","floor":20.0,"gold_loss":0.0,"damage_taken":0.0,"cards_obtained":["Hololive_CallYogiri"]},{"damage_healed":0,"gold_gain":0,"player_choice":"Fight","damage_taken":0,"max_hp_gain":0,"max_hp_loss":0,"event_name":"Mysterious Sphere","floor":38,"gold_loss":0},{"cards_removed":["Hololive_CallAkaiHaato"],"damage_healed":0,"gold_gain":0,"player_choice":"Purged","damage_taken":0,"max_hp_gain":0,"max_hp_loss":0,"event_name":"Purifier","floor":47,"gold_loss":0},{"damage_healed":0,"gold_gain":0,"player_choice":"Memory 1","damage_taken":0,"max_hp_gain":0,"max_hp_loss":0,"event_name":"SensoryStone","floor":48,"gold_loss":0}],"is_beta":false,"boss_relics":[{"not_picked":["Hololive_TopUpMoneyS","Velvet Choker"],"picked":"REME_DuelDisc"},{"not_picked":[]},{"not_picked":["Snecko Eye","Hololive_Finger"],"picked":"Philosopher\u0027s Stone"},{"not_picked":[]}],"items_purged_floors":[29,37,41],"is_endless":false,"potions_floor_spawned":[2,8,11,13,22,28,30,31,33,35,38,40,46],"ascension_level":7}}