{"host":"raaimkojny05jekw","time":1610453566,"event":{"mods":["AchievementEnabler","BaseMod","Colored Map","Colored Powertips","DeckTracker","Minty Spire (QoL Compilation)","Quick Restart","Rare Cards Sparkle","everything is the same but u backflip on backflip"],"gold_per_floor":[17,17,31,51,67,100,100,119,142,157,157,173,173,183,183,279,279,292,305,230,6,6,6,41,41,68,84,84,10,10,29,29,125,125,145,145,145],"floor_reached":36,"playtime":1006,"items_purged":[],"score":463,"play_id":"1f54b3af-3a85-42b4-aac4-8617f142c1bd","local_time":"20210112211246","is_ascension_mode":true,"campfire_choices":[{"data":"Whirlwind","floor":11,"key":"SMITH"},{"data":"Inflame","floor":13,"key":"SMITH"},{"data":"Heavy Blade","floor":15,"key":"SMITH"},{"data":"Berserk","floor":23,"key":"SMITH"},{"data":"Bash","floor":25,"key":"SMITH"},{"data":"Disarm","floor":28,"key":"SMITH"},{"floor":32,"key":"REST"}],"circlet_count":0,"master_deck":["Strike_R","Strike_R","Strike_R","Strike_R","Defend_R","Defend_R","Defend_R","Defend_R+1","Bash+1","The Bomb+1","Intimidate+1","Inflame+1","Headbutt","Ghostly Armor","Inflame","Sentinel","Whirlwind+1","Sword Boomerang","Heavy Blade+1","Berserk+1","True Grit+1","Disarm+1","Writhe","Disarm","Seeing Red+1","Battle Trance+1","Metallicize","Double Tap"],"relics":["Burning Blood","InkBottle","War Paint","Philosopher\u0027s Stone","Brimstone","Ancient Tea Set","Nunchaku","Happy Flower","Snecko Eye"],"acts_visited":["Exordium","TheCity","TheBeyond"],"potions_floor_usage":[10,24,24,33,36,36],"damage_taken":[{"damage":7,"enemies":"Small Slimes","floor":1,"turns":4},{"damage":2,"enemies":"2 Louse","floor":3,"turns":3},{"damage":9,"enemies":"Jaw Worm","floor":4,"turns":3},{"damage":13,"enemies":"3 Louse","floor":5,"turns":3},{"damage":15,"enemies":"Lagavulin","floor":6,"turns":6},{"damage":0,"enemies":"Red Slaver","floor":8,"turns":3},{"damage":0,"enemies":"Lots of Slimes","floor":10,"turns":3},{"damage":1,"enemies":"Looter","floor":12,"turns":4},{"damage":9,"enemies":"Red Slaver","floor":14,"turns":5},{"damage":29,"enemies":"The Guardian","floor":16,"turns":9},{"damage":6,"enemies":"Chosen","floor":18,"turns":4},{"damage":27,"enemies":"Spheric Guardian","floor":19,"turns":4},{"damage":25,"enemies":"Slavers","floor":24,"turns":4},{"damage":3,"enemies":"Centurion and Healer","floor":27,"turns":3},{"damage":25,"enemies":"Shelled Parasite and Fungi","floor":31,"turns":4},{"damage":42,"enemies":"Champ","floor":33,"turns":7},{"damage":25,"enemies":"3 Shapes","floor":35,"turns":6},{"damage":25,"enemies":"3 Darklings","floor":36,"turns":3}],"seed_played":"-4137929203051147896","potions_obtained":[{"floor":1,"key":"Explosive Potion"},{"floor":3,"key":"Regen Potion"},{"floor":6,"key":"PowerPotion"},{"floor":16,"key":"GamblersBrew"},{"floor":24,"key":"Energy Potion"},{"floor":33,"key":"FearPotion"},{"floor":35,"key":"SteroidPotion"}],"is_trial":false,"path_per_floor":["M","?","M","M","M","E","?","M","T","M","R","M","R","M","R","B",null,"M","M","?","$","?","R","E","R","T","M","R","$","?","M","R","B",null,"M","M"],"character_chosen":"IRONCLAD","items_purchased":["Brimstone","Disarm","Battle Trance"],"campfire_rested":1,"item_purchase_floors":[21,21,29],"current_hp_per_floor":[79,79,80,77,70,61,61,67,67,73,73,78,78,75,75,52,80,80,59,59,59,59,59,40,40,40,43,43,43,43,24,48,27,80,61,36,36],"gold":145,"neow_bonus":"RANDOM_COLORLESS_2","is_daily":false,"chose_seed":false,"campfire_upgraded":6,"win_rate":0.0,"timestamp":1610453566,"path_taken":["M","?","M","M","M","E","?","M","T","M","R","M","R","M","R","BOSS","M","M","?","$","?","R","E","R","T","M","R","$","?","M","R","BOSS","M","M"],"items_purchased_type":["Relic","Card","Card"],"build_version":"2020-12-22","purchased_purges":0,"victory":false,"max_hp_per_floor":[80,80,80,80,80,80,80,80,80,80,80,80,80,80,80,80,80,80,80,80,80,80,80,80,80,80,80,80,80,80,80,80,80,80,80,80,80],"card_choices":[{"not_picked":["Sadistic Nature","Thinking Ahead"],"picked":"The Bomb","floor":0},{"not_picked":["Pommel Strike","Wild Strike"],"picked":"Intimidate","floor":1},{"not_picked":["Disarm","Perfected Strike"],"picked":"Inflame","floor":3},{"not_picked":["Carnage","Uppercut"],"picked":"Headbutt","floor":4},{"not_picked":["Cleave","Disarm"],"picked":"Ghostly Armor","floor":5},{"not_picked":["Flame Barrier","Headbutt"],"picked":"Inflame","floor":6},{"not_picked":["Wild Strike","Headbutt"],"picked":"Sentinel","floor":8},{"not_picked":["Inflame","Headbutt"],"picked":"Whirlwind","floor":10},{"not_picked":["Pommel Strike","Rampage"],"picked":"Sword Boomerang","floor":12},{"not_picked":["Perfected Strike","Whirlwind"],"picked":"Heavy Blade","floor":14},{"not_picked":["Immolate","Brutality"],"picked":"Berserk","floor":16},{"not_picked":["Dropkick","Perfected Strike"],"picked":"True Grit+1","floor":18},{"not_picked":["Second Wind+1","Dark Embrace","Armaments"],"picked":"SKIP","floor":19},{"not_picked":["Perfected Strike+1","Blood for Blood"],"picked":"Disarm","floor":24},{"not_picked":["Heavy Blade","Warcry"],"picked":"Seeing Red+1","floor":27},{"not_picked":["Reckless Charge","Perfected Strike"],"picked":"Metallicize","floor":31},{"not_picked":["Demon Form","Corruption"],"picked":"Double Tap","floor":33},{"not_picked":["Dark Embrace+1","Clash","Cleave+1"],"picked":"SKIP","floor":35}],"player_experience":737326,"relics_obtained":[{"floor":6,"key":"InkBottle"},{"floor":9,"key":"War Paint"},{"floor":24,"key":"Nunchaku"},{"floor":26,"key":"Happy Flower"}],"event_choices":[{"damage_healed":0,"gold_gain":0,"player_choice":"Grow","damage_taken":0,"max_hp_gain":0,"max_hp_loss":0,"event_name":"Living Wall","floor":2,"gold_loss":0,"cards_upgraded":["Intimidate"]},{"damage_healed":0,"gold_gain":0,"player_choice":"Ignored","damage_taken":0,"max_hp_gain":0,"max_hp_loss":0,"event_name":"Liars Game","floor":7,"gold_loss":0},{"cards_removed":["Strike_R"],"damage_healed":0,"gold_gain":0,"player_choice":"Gave Gold","damage_taken":0,"max_hp_gain":0,"max_hp_loss":0,"event_name":"Beggar","floor":20,"gold_loss":75},{"damage_healed":0,"gold_gain":0,"player_choice":"Opened","damage_taken":0,"relics_obtained":["Ancient Tea Set"],"max_hp_gain":0,"max_hp_loss":0,"event_name":"The Mausoleum","floor":22,"gold_loss":0,"cards_obtained":["Writhe"]},{"damage_healed":0,"gold_gain":0,"player_choice":"Forge","damage_taken":0,"max_hp_gain":0,"max_hp_loss":0,"event_name":"Accursed Blacksmith","floor":30,"gold_loss":0,"cards_upgraded":["Battle Trance"]}],"is_beta":false,"boss_relics":[{"not_picked":["SacredBark","Velvet Choker"],"picked":"Philosopher\u0027s Stone"},{"not_picked":["Black Star","Tiny House"],"picked":"Snecko Eye"}],"items_purged_floors":[],"is_endless":false,"potions_floor_spawned":[1,3,6,16,24,33,35],"killed_by":"3 Darklings","ascension_level":4}}